{"symbol": "A", "annualReports": [{"fiscalDateEnding": "2020-10-31", "reportedCurrency": "USD", "grossProfit": "939000000", "totalRevenue": "5271000000", "costOfRevenue": "4332000000", "costofGoodsAndServicesSold": "2502000000", "operatingIncome": "846000000", "sellingGeneralAndAdministrative": "1496000000", "researchAndDevelopment": "495000000", "operatingExpenses": "2325000000", "investmentIncomeNet": "8000000", "netInterestIncome": "-78000000", "interestIncome": "-70000000", "interestExpense": "78000000", "nonInterestIncome": "5335000000", "otherNonOperatingIncome": "66000000", "depreciation": "119000000", "depreciationAndAmortization": "186000000", "incomeBeforeTax": "842000000", "incomeTaxExpense": "123000000", "interestAndDebtExpense": "78000000", "netIncomeFromContinuingOperations": "719000000", "comprehensiveIncomeNetOfTax": "711000000", "ebit": "846000000", "ebitda": "1106000000", "netIncome": "719000000"}, {"fiscalDateEnding": "2019-10-31", "reportedCurrency": "USD", "grossProfit": "1079000000", "totalRevenue": "5073000000", "costOfRevenue": "3994000000", "costofGoodsAndServicesSold": "2358000000", "operatingIncome": "941000000", "sellingGeneralAndAdministrative": "1460000000", "researchAndDevelopment": "404000000", "operatingExpenses": "2040000000", "investmentIncomeNet": "36000000", "netInterestIncome": "-74000000", "interestIncome": "36000000", "interestExpense": "74000000", "nonInterestIncome": "5147000000", "otherNonOperatingIncome": "16000000", "depreciation": "111000000", "depreciationAndAmortization": "128000000", "incomeBeforeTax": "919000000", "incomeTaxExpense": "-152000000", "interestAndDebtExpense": "83000000", "netIncomeFromContinuingOperations": "1071000000", "comprehensiveIncomeNetOfTax": "972000000", "ebit": "941000000", "ebitda": "1121000000", "netIncome": "1071000000"}, {"fiscalDateEnding": "2018-10-31", "reportedCurrency": "USD", "grossProfit": "1076000000", "totalRevenue": "4836000000", "costOfRevenue": "3760000000", "costofGoodsAndServicesSold": "2234000000", "operatingIncome": "904000000", "sellingGeneralAndAdministrative": "1389000000", "researchAndDevelopment": "387000000", "operatingExpenses": "1918000000", "investmentIncomeNet": "38000000", "netInterestIncome": "-75000000", "interestIncome": "38000000", "interestExpense": "75000000", "nonInterestIncome": "4911000000", "otherNonOperatingIncome": "79000000", "depreciation": "102000000", "depreciationAndAmortization": "110000000", "incomeBeforeTax": "946000000", "incomeTaxExpense": "630000000", "interestAndDebtExpense": "75000000", "netIncomeFromContinuingOperations": "316000000", "comprehensiveIncomeNetOfTax": "254000000", "ebit": "904000000", "ebitda": "1131000000", "netIncome": "316000000"}, {"fiscalDateEnding": "2017-10-31", "reportedCurrency": "USD", "grossProfit": "2409000000", "totalRevenue": "4472000000", "costOfRevenue": "2063000000", "costofGoodsAndServicesSold": "2073000000", "operatingIncome": "807000000", "sellingGeneralAndAdministrative": "1251000000", "researchAndDevelopment": "341000000", "operatingExpenses": "1718000000", "investmentIncomeNet": "22000000", "netInterestIncome": "-79000000", "interestIncome": "22000000", "interestExpense": "79000000", "nonInterestIncome": "-2000000", "otherNonOperatingIncome": "53000000", "depreciation": "94000000", "depreciationAndAmortization": "120000000", "incomeBeforeTax": "803000000", "incomeTaxExpense": "119000000", "interestAndDebtExpense": "79000000", "netIncomeFromContinuingOperations": "684000000", "comprehensiveIncomeNetOfTax": "841000000", "ebit": "807000000", "ebitda": "1002000000", "netIncome": "684000000"}, {"fiscalDateEnding": "2016-10-31", "reportedCurrency": "USD", "grossProfit": "2197000000", "totalRevenue": "4202000000", "costOfRevenue": "2005000000", "costofGoodsAndServicesSold": "2005000000", "operatingIncome": "615000000", "sellingGeneralAndAdministrative": "1253000000", "researchAndDevelopment": "329000000", "operatingExpenses": "1785000000", "investmentIncomeNet": "11000000", "netInterestIncome": "-72000000", "interestIncome": "None", "interestExpense": "72000000", "nonInterestIncome": "-4000000", "otherNonOperatingIncome": "-10000000", "depreciation": "95000000", "depreciationAndAmortization": "152000000", "incomeBeforeTax": "544000000", "incomeTaxExpense": "82000000", "interestAndDebtExpense": "72000000", "netIncomeFromContinuingOperations": "462000000", "comprehensiveIncomeNetOfTax": "350000000", "ebit": "615000000", "ebitda": "768000000", "netIncome": "462000000"}], "quarterlyReports": [{"fiscalDateEnding": "2021-07-31", "reportedCurrency": "USD", "grossProfit": "364000000", "totalRevenue": "1565000000", "costOfRevenue": "1201000000", "costofGoodsAndServicesSold": "734000000", "operatingIncome": "336000000", "sellingGeneralAndAdministrative": "403000000", "researchAndDevelopment": "113000000", "operatingExpenses": "580000000", "investmentIncomeNet": "0", "netInterestIncome": "-21000000", "interestIncome": "-21000000", "interestExpense": "21000000", "nonInterestIncome": "1586000000", "otherNonOperatingIncome": "12000000", "depreciation": "None", "depreciationAndAmortization": "54000000", "incomeBeforeTax": "327000000", "incomeTaxExpense": "63000000", "interestAndDebtExpense": "21000000", "netIncomeFromContinuingOperations": "264000000", "comprehensiveIncomeNetOfTax": "262000000", "ebit": "348000000", "ebitda": "402000000", "netIncome": "264000000"}, {"fiscalDateEnding": "2021-04-30", "reportedCurrency": "USD", "grossProfit": "314000000", "totalRevenue": "1505000000", "costOfRevenue": "1191000000", "costofGoodsAndServicesSold": "708000000", "operatingIncome": "288000000", "sellingGeneralAndAdministrative": "420000000", "researchAndDevelopment": "109000000", "operatingExpenses": "592000000", "investmentIncomeNet": "1000000", "netInterestIncome": "-20000000", "interestIncome": "1000000", "interestExpense": "20000000", "nonInterestIncome": "1525000000", "otherNonOperatingIncome": "4000000", "depreciation": "None", "depreciationAndAmortization": "45000000", "incomeBeforeTax": "273000000", "incomeTaxExpense": "57000000", "interestAndDebtExpense": "20000000", "netIncomeFromContinuingOperations": "216000000", "comprehensiveIncomeNetOfTax": "233000000", "ebit": "293000000", "ebitda": "338000000", "netIncome": "216000000"}, {"fiscalDateEnding": "2021-01-31", "reportedCurrency": "USD", "grossProfit": "353000000", "totalRevenue": "1524000000", "costOfRevenue": "1171000000", "costofGoodsAndServicesSold": "710000000", "operatingIncome": "328000000", "sellingGeneralAndAdministrative": "407000000", "researchAndDevelopment": "103000000", "operatingExpenses": "564000000", "investmentIncomeNet": "0", "netInterestIncome": "-19000000", "interestIncome": "-19000000", "interestExpense": "19000000", "nonInterestIncome": "1543000000", "otherNonOperatingIncome": "3000000", "depreciation": "None", "depreciationAndAmortization": "45000000", "incomeBeforeTax": "312000000", "incomeTaxExpense": "24000000", "interestAndDebtExpense": "24000000", "netIncomeFromContinuingOperations": "288000000", "comprehensiveIncomeNetOfTax": "341000000", "ebit": "331000000", "ebitda": "376000000", "netIncome": "288000000"}, {"fiscalDateEnding": "2020-10-31", "reportedCurrency": "USD", "grossProfit": "319000000", "totalRevenue": "1463000000", "costOfRevenue": "1144000000", "costofGoodsAndServicesSold": "695000000", "operatingIncome": "299000000", "sellingGeneralAndAdministrative": "387000000", "researchAndDevelopment": "102000000", "operatingExpenses": "551000000", "investmentIncomeNet": "1000000", "netInterestIncome": "-19000000", "interestIncome": "-18000000", "interestExpense": "19000000", "nonInterestIncome": "1479000000", "otherNonOperatingIncome": "2000000", "depreciation": "None", "depreciationAndAmortization": "46000000", "incomeBeforeTax": "283000000", "incomeTaxExpense": "61000000", "interestAndDebtExpense": "19000000", "netIncomeFromContinuingOperations": "222000000", "comprehensiveIncomeNetOfTax": "176000000", "ebit": "299000000", "ebitda": "348000000", "netIncome": "222000000"}, {"fiscalDateEnding": "2020-07-31", "reportedCurrency": "USD", "grossProfit": "253000000", "totalRevenue": "1246000000", "costOfRevenue": "993000000", "costofGoodsAndServicesSold": "592000000", "operatingIncome": "230000000", "sellingGeneralAndAdministrative": "347000000", "researchAndDevelopment": "92000000", "operatingExpenses": "493000000", "investmentIncomeNet": "1000000", "netInterestIncome": "-19000000", "interestIncome": "-9000000", "interestExpense": "19000000", "nonInterestIncome": "1261000000", "otherNonOperatingIncome": "7000000", "depreciation": "None", "depreciationAndAmortization": "45000000", "incomeBeforeTax": "219000000", "incomeTaxExpense": "20000000", "interestAndDebtExpense": "19000000", "netIncomeFromContinuingOperations": "199000000", "comprehensiveIncomeNetOfTax": "261000000", "ebit": "238000000", "ebitda": "283000000", "netIncome": "199000000"}, {"fiscalDateEnding": "2020-04-30", "reportedCurrency": "USD", "grossProfit": "125000000", "totalRevenue": "1221000000", "costOfRevenue": "1096000000", "costofGoodsAndServicesSold": "581000000", "operatingIncome": "102000000", "sellingGeneralAndAdministrative": "358000000", "researchAndDevelopment": "197000000", "operatingExpenses": "712000000", "investmentIncomeNet": "3000000", "netInterestIncome": "-20000000", "interestIncome": "3000000", "interestExpense": "20000000", "nonInterestIncome": "1238000000", "otherNonOperatingIncome": "36000000", "depreciation": "None", "depreciationAndAmortization": "47000000", "incomeBeforeTax": "121000000", "incomeTaxExpense": "20000000", "interestAndDebtExpense": "20000000", "netIncomeFromContinuingOperations": "101000000", "comprehensiveIncomeNetOfTax": "84000000", "ebit": "141000000", "ebitda": "188000000", "netIncome": "101000000"}, {"fiscalDateEnding": "2020-01-31", "reportedCurrency": "USD", "grossProfit": "242000000", "totalRevenue": "1341000000", "costOfRevenue": "1099000000", "costofGoodsAndServicesSold": "634000000", "operatingIncome": "215000000", "sellingGeneralAndAdministrative": "404000000", "researchAndDevelopment": "104000000", "operatingExpenses": "569000000", "investmentIncomeNet": "3000000", "netInterestIncome": "-20000000", "interestIncome": "3000000", "interestExpense": "20000000", "nonInterestIncome": "1357000000", "otherNonOperatingIncome": "21000000", "depreciation": "None", "depreciationAndAmortization": "48000000", "incomeBeforeTax": "219000000", "incomeTaxExpense": "22000000", "interestAndDebtExpense": "20000000", "netIncomeFromContinuingOperations": "197000000", "comprehensiveIncomeNetOfTax": "190000000", "ebit": "239000000", "ebitda": "287000000", "netIncome": "197000000"}, {"fiscalDateEnding": "2019-10-31", "reportedCurrency": "USD", "grossProfit": "253000000", "totalRevenue": "1330000000", "costOfRevenue": "1077000000", "costofGoodsAndServicesSold": "630000000", "operatingIncome": "250000000", "sellingGeneralAndAdministrative": "385000000", "researchAndDevelopment": "102000000", "operatingExpenses": "549000000", "investmentIncomeNet": "6000000", "netInterestIncome": "-21000000", "interestIncome": "6000000", "interestExpense": "21000000", "nonInterestIncome": "1351000000", "otherNonOperatingIncome": "-4000000", "depreciation": "None", "depreciationAndAmortization": "46000000", "incomeBeforeTax": "231000000", "incomeTaxExpense": "37000000", "interestAndDebtExpense": "30000000", "netIncomeFromContinuingOperations": "194000000", "comprehensiveIncomeNetOfTax": "84000000", "ebit": "250000000", "ebitda": "298000000", "netIncome": "194000000"}, {"fiscalDateEnding": "2019-07-31", "reportedCurrency": "USD", "grossProfit": "269000000", "totalRevenue": "1256000000", "costOfRevenue": "987000000", "costofGoodsAndServicesSold": "582000000", "operatingIncome": "225000000", "sellingGeneralAndAdministrative": "366000000", "researchAndDevelopment": "101000000", "operatingExpenses": "506000000", "investmentIncomeNet": "10000000", "netInterestIncome": "-18000000", "interestIncome": "10000000", "interestExpense": "18000000", "nonInterestIncome": "1274000000", "otherNonOperatingIncome": "5000000", "depreciation": "None", "depreciationAndAmortization": "27000000", "incomeBeforeTax": "222000000", "incomeTaxExpense": "31000000", "interestAndDebtExpense": "18000000", "netIncomeFromContinuingOperations": "191000000", "comprehensiveIncomeNetOfTax": "185000000", "ebit": "240000000", "ebitda": "267000000", "netIncome": "191000000"}, {"fiscalDateEnding": "2019-04-30", "reportedCurrency": "USD", "grossProfit": "262000000", "totalRevenue": "1221000000", "costOfRevenue": "959000000", "costofGoodsAndServicesSold": "569000000", "operatingIncome": "216000000", "sellingGeneralAndAdministrative": "354000000", "researchAndDevelopment": "99000000", "operatingExpenses": "489000000", "investmentIncomeNet": "10000000", "netInterestIncome": "-17000000", "interestIncome": "-6000000", "interestExpense": "17000000", "nonInterestIncome": "1238000000", "otherNonOperatingIncome": "9000000", "depreciation": "None", "depreciationAndAmortization": "26000000", "incomeBeforeTax": "218000000", "incomeTaxExpense": "36000000", "interestAndDebtExpense": "17000000", "netIncomeFromContinuingOperations": "182000000", "comprehensiveIncomeNetOfTax": "165000000", "ebit": "235000000", "ebitda": "261000000", "netIncome": "182000000"}, {"fiscalDateEnding": "2019-01-31", "reportedCurrency": "USD", "grossProfit": "295000000", "totalRevenue": "1266000000", "costOfRevenue": "971000000", "costofGoodsAndServicesSold": "577000000", "operatingIncome": "250000000", "sellingGeneralAndAdministrative": "355000000", "researchAndDevelopment": "102000000", "operatingExpenses": "496000000", "investmentIncomeNet": "10000000", "netInterestIncome": "-18000000", "interestIncome": "None", "interestExpense": "18000000", "nonInterestIncome": "1284000000", "otherNonOperatingIncome": "6000000", "depreciation": "None", "depreciationAndAmortization": "29000000", "incomeBeforeTax": "248000000", "incomeTaxExpense": "-256000000", "interestAndDebtExpense": "18000000", "netIncomeFromContinuingOperations": "504000000", "comprehensiveIncomeNetOfTax": "538000000", "ebit": "266000000", "ebitda": "295000000", "netIncome": "504000000"}, {"fiscalDateEnding": "2018-10-31", "reportedCurrency": "USD", "grossProfit": "-845000000", "totalRevenue": "1273000000", "costOfRevenue": "2118000000", "costofGoodsAndServicesSold": "586000000", "operatingIncome": "244000000", "sellingGeneralAndAdministrative": "360000000", "researchAndDevelopment": "104000000", "operatingExpenses": "521000000", "investmentIncomeNet": "10000000", "netInterestIncome": "-18000000", "interestIncome": "None", "interestExpense": "18000000", "nonInterestIncome": "1291000000", "otherNonOperatingIncome": "8000000", "depreciation": "None", "depreciationAndAmortization": "30000000", "incomeBeforeTax": "244000000", "incomeTaxExpense": "49000000", "interestAndDebtExpense": "18000000", "netIncomeFromContinuingOperations": "195000000", "comprehensiveIncomeNetOfTax": "122000000", "ebit": "244000000", "ebitda": "292000000", "netIncome": "195000000"}, {"fiscalDateEnding": "2018-07-31", "reportedCurrency": "USD", "grossProfit": "643000000", "totalRevenue": "1185000000", "costOfRevenue": "542000000", "costofGoodsAndServicesSold": "544000000", "operatingIncome": "221000000", "sellingGeneralAndAdministrative": "341000000", "researchAndDevelopment": "97000000", "operatingExpenses": "472000000", "investmentIncomeNet": "9000000", "netInterestIncome": "-18000000", "interestIncome": "None", "interestExpense": "18000000", "nonInterestIncome": "1203000000", "otherNonOperatingIncome": "30000000", "depreciation": "None", "depreciationAndAmortization": "28000000", "incomeBeforeTax": "242000000", "incomeTaxExpense": "6000000", "interestAndDebtExpense": "18000000", "netIncomeFromContinuingOperations": "236000000", "comprehensiveIncomeNetOfTax": "211000000", "ebit": "260000000", "ebitda": "288000000", "netIncome": "236000000"}, {"fiscalDateEnding": "2018-04-30", "reportedCurrency": "USD", "grossProfit": "625000000", "totalRevenue": "1187000000", "costOfRevenue": "562000000", "costofGoodsAndServicesSold": "563000000", "operatingIncome": "210000000", "sellingGeneralAndAdministrative": "341000000", "researchAndDevelopment": "92000000", "operatingExpenses": "467000000", "investmentIncomeNet": "10000000", "netInterestIncome": "-19000000", "interestIncome": "None", "interestExpense": "19000000", "nonInterestIncome": "1206000000", "otherNonOperatingIncome": "26000000", "depreciation": "None", "depreciationAndAmortization": "26000000", "incomeBeforeTax": "227000000", "incomeTaxExpense": "22000000", "interestAndDebtExpense": "19000000", "netIncomeFromContinuingOperations": "205000000", "comprehensiveIncomeNetOfTax": "164000000", "ebit": "246000000", "ebitda": "272000000", "netIncome": "205000000"}, {"fiscalDateEnding": "2018-01-31", "reportedCurrency": "USD", "grossProfit": "653000000", "totalRevenue": "1191000000", "costOfRevenue": "538000000", "costofGoodsAndServicesSold": "541000000", "operatingIncome": "229000000", "sellingGeneralAndAdministrative": "347000000", "researchAndDevelopment": "94000000", "operatingExpenses": "463000000", "investmentIncomeNet": "9000000", "netInterestIncome": "-20000000", "interestIncome": "None", "interestExpense": "20000000", "nonInterestIncome": "1211000000", "otherNonOperatingIncome": "15000000", "depreciation": "None", "depreciationAndAmortization": "26000000", "incomeBeforeTax": "233000000", "incomeTaxExpense": "553000000", "interestAndDebtExpense": "20000000", "netIncomeFromContinuingOperations": "-284000000", "comprehensiveIncomeNetOfTax": "-243000000", "ebit": "253000000", "ebitda": "279000000", "netIncome": "-320000000"}, {"fiscalDateEnding": "2017-10-31", "reportedCurrency": "USD", "grossProfit": "706000000", "totalRevenue": "1248000000", "costOfRevenue": "542000000", "costofGoodsAndServicesSold": "971000000", "operatingIncome": "199000000", "sellingGeneralAndAdministrative": "347000000", "researchAndDevelopment": "91000000", "operatingExpenses": "450000000", "investmentIncomeNet": "7000000", "netInterestIncome": "-20000000", "interestIncome": "None", "interestExpense": "20000000", "nonInterestIncome": "-3285000000", "otherNonOperatingIncome": "40000000", "depreciation": "None", "depreciationAndAmortization": "31000000", "incomeBeforeTax": "226000000", "incomeTaxExpense": "49000000", "interestAndDebtExpense": "20000000", "netIncomeFromContinuingOperations": "54000000", "comprehensiveIncomeNetOfTax": "248000000", "ebit": "199000000", "ebitda": "277000000", "netIncome": "177000000"}, {"fiscalDateEnding": "2017-07-31", "reportedCurrency": "USD", "grossProfit": "577000000", "totalRevenue": "1095000000", "costOfRevenue": "518000000", "costofGoodsAndServicesSold": "368000000", "operatingIncome": "201000000", "sellingGeneralAndAdministrative": "308000000", "researchAndDevelopment": "87000000", "operatingExpenses": "426000000", "investmentIncomeNet": "6000000", "netInterestIncome": "-19000000", "interestIncome": "None", "interestExpense": "19000000", "nonInterestIncome": "1114000000", "otherNonOperatingIncome": "5000000", "depreciation": "None", "depreciationAndAmortization": "27000000", "incomeBeforeTax": "193000000", "incomeTaxExpense": "18000000", "interestAndDebtExpense": "19000000", "netIncomeFromContinuingOperations": "218000000", "comprehensiveIncomeNetOfTax": "235000000", "ebit": "212000000", "ebitda": "239000000", "netIncome": "175000000"}, {"fiscalDateEnding": "2017-04-30", "reportedCurrency": "USD", "grossProfit": "572000000", "totalRevenue": "1082000000", "costOfRevenue": "510000000", "costofGoodsAndServicesSold": "366000000", "operatingIncome": "201000000", "sellingGeneralAndAdministrative": "307000000", "researchAndDevelopment": "84000000", "operatingExpenses": "429000000", "investmentIncomeNet": "5000000", "netInterestIncome": "-20000000", "interestIncome": "None", "interestExpense": "20000000", "nonInterestIncome": "None", "otherNonOperatingIncome": "5000000", "depreciation": "None", "depreciationAndAmortization": "31000000", "incomeBeforeTax": "191000000", "incomeTaxExpense": "27000000", "interestAndDebtExpense": "20000000", "netIncomeFromContinuingOperations": "214000000", "comprehensiveIncomeNetOfTax": "176000000", "ebit": "211000000", "ebitda": "242000000", "netIncome": "164000000"}, {"fiscalDateEnding": "2017-01-31", "reportedCurrency": "USD", "grossProfit": "554000000", "totalRevenue": "1047000000", "costOfRevenue": "493000000", "costofGoodsAndServicesSold": "356000000", "operatingIncome": "206000000", "sellingGeneralAndAdministrative": "289000000", "researchAndDevelopment": "79000000", "operatingExpenses": "413000000", "investmentIncomeNet": "4000000", "netInterestIncome": "-20000000", "interestIncome": "None", "interestExpense": "20000000", "nonInterestIncome": "None", "otherNonOperatingIncome": "3000000", "depreciation": "None", "depreciationAndAmortization": "31000000", "incomeBeforeTax": "193000000", "incomeTaxExpense": "25000000", "interestAndDebtExpense": "20000000", "netIncomeFromContinuingOperations": "198000000", "comprehensiveIncomeNetOfTax": "182000000", "ebit": "213000000", "ebitda": "244000000", "netIncome": "168000000"}, {"fiscalDateEnding": "2016-10-31", "reportedCurrency": "USD", "grossProfit": "641000000", "totalRevenue": "1164000000", "costOfRevenue": "523000000", "costofGoodsAndServicesSold": "905000000", "operatingIncome": "183000000", "sellingGeneralAndAdministrative": "321000000", "researchAndDevelopment": "84000000", "operatingExpenses": "449000000", "investmentIncomeNet": "3000000", "netInterestIncome": "-19000000", "interestIncome": "None", "interestExpense": "19000000", "nonInterestIncome": "None", "otherNonOperatingIncome": "-16000000", "depreciation": "None", "depreciationAndAmortization": "32000000", "incomeBeforeTax": "151000000", "incomeTaxExpense": "25000000", "interestAndDebtExpense": "19000000", "netIncomeFromContinuingOperations": "126000000", "comprehensiveIncomeNetOfTax": "-32000000", "ebit": "183000000", "ebitda": "202000000", "netIncome": "126000000"}]}