{"symbol": "AAL", "annualReports": [{"fiscalDateEnding": "2020-12-31", "reportedCurrency": "USD", "grossProfit": "-4476000000", "totalRevenue": "16086000000", "costOfRevenue": "20562000000", "costofGoodsAndServicesSold": "5458000000", "operatingIncome": "-10421000000", "sellingGeneralAndAdministrative": "604000000", "researchAndDevelopment": "None", "operatingExpenses": "7006000000", "investmentIncomeNet": "41000000", "netInterestIncome": "-1227000000", "interestIncome": "None", "interestExpense": "1227000000", "nonInterestIncome": "17313000000", "otherNonOperatingIncome": "154000000", "depreciation": "None", "depreciationAndAmortization": "2040000000", "incomeBeforeTax": "-11485000000", "incomeTaxExpense": "-2600000000", "interestAndDebtExpense": "1227000000", "netIncomeFromContinuingOperations": "-8853000000", "comprehensiveIncomeNetOfTax": "-9657000000", "ebit": "-10258000000", "ebitda": "-8218000000", "netIncome": "-8885000000"}, {"fiscalDateEnding": "2019-12-31", "reportedCurrency": "USD", "grossProfit": "16771000000", "totalRevenue": "44641000000", "costOfRevenue": "27870000000", "costofGoodsAndServicesSold": "10907000000", "operatingIncome": "3065000000", "sellingGeneralAndAdministrative": "1697000000", "researchAndDevelopment": "None", "operatingExpenses": "9281000000", "investmentIncomeNet": "127000000", "netInterestIncome": "-1095000000", "interestIncome": "None", "interestExpense": "1095000000", "nonInterestIncome": "45736000000", "otherNonOperatingIncome": "159000000", "depreciation": "None", "depreciationAndAmortization": "1982000000", "incomeBeforeTax": "2256000000", "incomeTaxExpense": "570000000", "interestAndDebtExpense": "1095000000", "netIncomeFromContinuingOperations": "1686000000", "comprehensiveIncomeNetOfTax": "1251000000", "ebit": "3351000000", "ebitda": "5333000000", "netIncome": "1686000000"}, {"fiscalDateEnding": "2018-12-31", "reportedCurrency": "USD", "grossProfit": "15799000000", "totalRevenue": "43430000000", "costOfRevenue": "27631000000", "costofGoodsAndServicesSold": "11217000000", "operatingIncome": "2656000000", "sellingGeneralAndAdministrative": "1608000000", "researchAndDevelopment": "None", "operatingExpenses": "9296000000", "investmentIncomeNet": "118000000", "netInterestIncome": "-1056000000", "interestIncome": "None", "interestExpense": "1056000000", "nonInterestIncome": "44486000000", "otherNonOperatingIncome": "166000000", "depreciation": "None", "depreciationAndAmortization": "1839000000", "incomeBeforeTax": "1884000000", "incomeTaxExpense": "472000000", "interestAndDebtExpense": "1056000000", "netIncomeFromContinuingOperations": "1412000000", "comprehensiveIncomeNetOfTax": "1292000000", "ebit": "2940000000", "ebitda": "4779000000", "netIncome": "1412000000"}, {"fiscalDateEnding": "2017-12-31", "reportedCurrency": "USD", "grossProfit": "13719000000", "totalRevenue": "41150000000", "costOfRevenue": "27431000000", "costofGoodsAndServicesSold": "9131000000", "operatingIncome": "4231000000", "sellingGeneralAndAdministrative": "16093000000", "researchAndDevelopment": "None", "operatingExpenses": "23106000000", "investmentIncomeNet": "94000000", "netInterestIncome": "-1053000000", "interestIncome": "None", "interestExpense": "1053000000", "nonInterestIncome": "-4000000", "otherNonOperatingIncome": "123000000", "depreciation": "None", "depreciationAndAmortization": "1702000000", "incomeBeforeTax": "3395000000", "incomeTaxExpense": "2113000000", "interestAndDebtExpense": "1053000000", "netIncomeFromContinuingOperations": "1919000000", "comprehensiveIncomeNetOfTax": "1211000000", "ebit": "4448000000", "ebitda": "6150000000", "netIncome": "1282000000"}, {"fiscalDateEnding": "2016-12-31", "reportedCurrency": "USD", "grossProfit": "13915000000", "totalRevenue": "39190000000", "costOfRevenue": "25275000000", "costofGoodsAndServicesSold": "8046000000", "operatingIncome": "5060000000", "sellingGeneralAndAdministrative": "15013000000", "researchAndDevelopment": "None", "operatingExpenses": "21754000000", "investmentIncomeNet": "63000000", "netInterestIncome": "-991000000", "interestIncome": "None", "interestExpense": "991000000", "nonInterestIncome": "1000000", "otherNonOperatingIncome": "20000000", "depreciation": "None", "depreciationAndAmortization": "1525000000", "incomeBeforeTax": "4152000000", "incomeTaxExpense": "1568000000", "interestAndDebtExpense": "991000000", "netIncomeFromContinuingOperations": "2676000000", "comprehensiveIncomeNetOfTax": "2233000000", "ebit": "5143000000", "ebitda": "6668000000", "netIncome": "2584000000"}], "quarterlyReports": [{"fiscalDateEnding": "2021-09-30", "reportedCurrency": "USD", "grossProfit": "1673000000", "totalRevenue": "8493000000", "costOfRevenue": "6820000000", "costofGoodsAndServicesSold": "3004000000", "operatingIncome": "595000000", "sellingGeneralAndAdministrative": "318000000", "researchAndDevelopment": "None", "operatingExpenses": "1907000000", "investmentIncomeNet": "5000000", "netInterestIncome": "-476000000", "interestIncome": "None", "interestExpense": "476000000", "nonInterestIncome": "8969000000", "otherNonOperatingIncome": "82000000", "depreciation": "None", "depreciationAndAmortization": "480000000", "incomeBeforeTax": "206000000", "incomeTaxExpense": "37000000", "interestAndDebtExpense": "476000000", "netIncomeFromContinuingOperations": "169000000", "comprehensiveIncomeNetOfTax": "209000000", "ebit": "682000000", "ebitda": "1162000000", "netIncome": "169000000"}, {"fiscalDateEnding": "2021-06-30", "reportedCurrency": "USD", "grossProfit": "719000000", "totalRevenue": "6992000000", "costOfRevenue": "6273000000", "costofGoodsAndServicesSold": "2653000000", "operatingIncome": "441000000", "sellingGeneralAndAdministrative": "277000000", "researchAndDevelopment": "None", "operatingExpenses": "1716000000", "investmentIncomeNet": "5000000", "netInterestIncome": "-486000000", "interestIncome": "None", "interestExpense": "486000000", "nonInterestIncome": "7478000000", "otherNonOperatingIncome": "49000000", "depreciation": "None", "depreciationAndAmortization": "481000000", "incomeBeforeTax": "9000000", "incomeTaxExpense": "-10000000", "interestAndDebtExpense": "486000000", "netIncomeFromContinuingOperations": "19000000", "comprehensiveIncomeNetOfTax": "58000000", "ebit": "495000000", "ebitda": "976000000", "netIncome": "19000000"}, {"fiscalDateEnding": "2021-03-31", "reportedCurrency": "USD", "grossProfit": "-1677000000", "totalRevenue": "3637000000", "costOfRevenue": "5314000000", "costofGoodsAndServicesSold": "1955000000", "operatingIncome": "-1315000000", "sellingGeneralAndAdministrative": "151000000", "researchAndDevelopment": "None", "operatingExpenses": "1345000000", "investmentIncomeNet": "4000000", "netInterestIncome": "-371000000", "interestIncome": "None", "interestExpense": "371000000", "nonInterestIncome": "4008000000", "otherNonOperatingIncome": "109000000", "depreciation": "None", "depreciationAndAmortization": "478000000", "incomeBeforeTax": "-1573000000", "incomeTaxExpense": "-323000000", "interestAndDebtExpense": "371000000", "netIncomeFromContinuingOperations": "-1250000000", "comprehensiveIncomeNetOfTax": "-1183000000", "ebit": "-1202000000", "ebitda": "-724000000", "netIncome": "-1250000000"}, {"fiscalDateEnding": "2020-12-31", "reportedCurrency": "USD", "grossProfit": "4027000000", "totalRevenue": "4027000000", "costOfRevenue": "4485000000", "costofGoodsAndServicesSold": "1240000000", "operatingIncome": "-2515000000", "sellingGeneralAndAdministrative": "186000000", "researchAndDevelopment": "None", "operatingExpenses": "1127000000", "investmentIncomeNet": "5000000", "netInterestIncome": "-376000000", "interestIncome": "None", "interestExpense": "376000000", "nonInterestIncome": "4027000000", "otherNonOperatingIncome": "77000000", "depreciation": "None", "depreciationAndAmortization": "483000000", "incomeBeforeTax": "-2841000000", "incomeTaxExpense": "-663000000", "interestAndDebtExpense": "376000000", "netIncomeFromContinuingOperations": "-2515000000", "comprehensiveIncomeNetOfTax": "-2805000000", "ebit": "-2465000000", "ebitda": "-1982000000", "netIncome": "-2178000000"}, {"fiscalDateEnding": "2020-09-30", "reportedCurrency": "USD", "grossProfit": "-2310000000", "totalRevenue": "2833000000", "costOfRevenue": "5143000000", "costofGoodsAndServicesSold": "1156000000", "operatingIncome": "-2871000000", "sellingGeneralAndAdministrative": "70000000", "researchAndDevelopment": "None", "operatingExpenses": "1941000000", "investmentIncomeNet": "5000000", "netInterestIncome": "-340000000", "interestIncome": "None", "interestExpense": "340000000", "nonInterestIncome": "3173000000", "otherNonOperatingIncome": "111000000", "depreciation": "None", "depreciationAndAmortization": "498000000", "incomeBeforeTax": "-3095000000", "incomeTaxExpense": "-696000000", "interestAndDebtExpense": "340000000", "netIncomeFromContinuingOperations": "-2399000000", "comprehensiveIncomeNetOfTax": "-2412000000", "ebit": "-2755000000", "ebitda": "-2257000000", "netIncome": "-2399000000"}, {"fiscalDateEnding": "2020-06-30", "reportedCurrency": "USD", "grossProfit": "-2601000000", "totalRevenue": "1368000000", "costOfRevenue": "3969000000", "costofGoodsAndServicesSold": "866000000", "operatingIncome": "-2486000000", "sellingGeneralAndAdministrative": "43000000", "researchAndDevelopment": "None", "operatingExpenses": "1133000000", "investmentIncomeNet": "10000000", "netInterestIncome": "-254000000", "interestIncome": "None", "interestExpense": "254000000", "nonInterestIncome": "1622000000", "otherNonOperatingIncome": "71000000", "depreciation": "None", "depreciationAndAmortization": "499000000", "incomeBeforeTax": "-2659000000", "incomeTaxExpense": "-592000000", "interestAndDebtExpense": "254000000", "netIncomeFromContinuingOperations": "-2067000000", "comprehensiveIncomeNetOfTax": "-2050000000", "ebit": "-2405000000", "ebitda": "-1906000000", "netIncome": "-2067000000"}, {"fiscalDateEnding": "2020-03-31", "reportedCurrency": "USD", "grossProfit": "1241000000", "totalRevenue": "8258000000", "costOfRevenue": "7017000000", "costofGoodsAndServicesSold": "2197000000", "operatingIncome": "-2549000000", "sellingGeneralAndAdministrative": "305000000", "researchAndDevelopment": "None", "operatingExpenses": "2857000000", "investmentIncomeNet": "21000000", "netInterestIncome": "-257000000", "interestIncome": "None", "interestExpense": "257000000", "nonInterestIncome": "8515000000", "otherNonOperatingIncome": "-105000000", "depreciation": "None", "depreciationAndAmortization": "560000000", "incomeBeforeTax": "-2890000000", "incomeTaxExpense": "-649000000", "interestAndDebtExpense": "257000000", "netIncomeFromContinuingOperations": "-2241000000", "comprehensiveIncomeNetOfTax": "-2390000000", "ebit": "-2633000000", "ebitda": "-2073000000", "netIncome": "-2241000000"}, {"fiscalDateEnding": "2019-12-31", "reportedCurrency": "USD", "grossProfit": "11189000000", "totalRevenue": "11313000000", "costOfRevenue": "124000000", "costofGoodsAndServicesSold": "2633000000", "operatingIncome": "729000000", "sellingGeneralAndAdministrative": "503000000", "researchAndDevelopment": "None", "operatingExpenses": "124000000", "investmentIncomeNet": "24000000", "netInterestIncome": "-265000000", "interestIncome": "None", "interestExpense": "265000000", "nonInterestIncome": "11313000000", "otherNonOperatingIncome": "83000000", "depreciation": "None", "depreciationAndAmortization": "513000000", "incomeBeforeTax": "571000000", "incomeTaxExpense": "157000000", "interestAndDebtExpense": "265000000", "netIncomeFromContinuingOperations": "771000000", "comprehensiveIncomeNetOfTax": "29000000", "ebit": "836000000", "ebitda": "1349000000", "netIncome": "414000000"}, {"fiscalDateEnding": "2019-09-30", "reportedCurrency": "USD", "grossProfit": "4329000000", "totalRevenue": "11627000000", "costOfRevenue": "7298000000", "costofGoodsAndServicesSold": "2854000000", "operatingIncome": "808000000", "sellingGeneralAndAdministrative": "424000000", "researchAndDevelopment": "None", "operatingExpenses": "2508000000", "investmentIncomeNet": "34000000", "netInterestIncome": "-284000000", "interestIncome": "None", "interestExpense": "284000000", "nonInterestIncome": "11911000000", "otherNonOperatingIncome": "-1000000", "depreciation": "None", "depreciationAndAmortization": "499000000", "incomeBeforeTax": "557000000", "incomeTaxExpense": "132000000", "interestAndDebtExpense": "284000000", "netIncomeFromContinuingOperations": "425000000", "comprehensiveIncomeNetOfTax": "406000000", "ebit": "841000000", "ebitda": "1340000000", "netIncome": "425000000"}, {"fiscalDateEnding": "2019-06-30", "reportedCurrency": "USD", "grossProfit": "4615000000", "totalRevenue": "11685000000", "costOfRevenue": "7070000000", "costofGoodsAndServicesSold": "2864000000", "operatingIncome": "1153000000", "sellingGeneralAndAdministrative": "401000000", "researchAndDevelopment": "None", "operatingExpenses": "2277000000", "investmentIncomeNet": "35000000", "netInterestIncome": "-275000000", "interestIncome": "None", "interestExpense": "275000000", "nonInterestIncome": "11960000000", "otherNonOperatingIncome": "-31000000", "depreciation": "None", "depreciationAndAmortization": "489000000", "incomeBeforeTax": "882000000", "incomeTaxExpense": "220000000", "interestAndDebtExpense": "275000000", "netIncomeFromContinuingOperations": "662000000", "comprehensiveIncomeNetOfTax": "644000000", "ebit": "1157000000", "ebitda": "1646000000", "netIncome": "662000000"}, {"fiscalDateEnding": "2019-03-31", "reportedCurrency": "USD", "grossProfit": "3697000000", "totalRevenue": "10313000000", "costOfRevenue": "6616000000", "costofGoodsAndServicesSold": "2556000000", "operatingIncome": "375000000", "sellingGeneralAndAdministrative": "370000000", "researchAndDevelopment": "None", "operatingExpenses": "2221000000", "investmentIncomeNet": "33000000", "netInterestIncome": "-271000000", "interestIncome": "None", "interestExpense": "271000000", "nonInterestIncome": "10584000000", "otherNonOperatingIncome": "108000000", "depreciation": "None", "depreciationAndAmortization": "480000000", "incomeBeforeTax": "245000000", "incomeTaxExpense": "60000000", "interestAndDebtExpense": "271000000", "netIncomeFromContinuingOperations": "185000000", "comprehensiveIncomeNetOfTax": "172000000", "ebit": "516000000", "ebitda": "996000000", "netIncome": "185000000"}, {"fiscalDateEnding": "2018-12-31", "reportedCurrency": "USD", "grossProfit": "10711000000", "totalRevenue": "10938000000", "costOfRevenue": "227000000", "costofGoodsAndServicesSold": "2748000000", "operatingIncome": "571000000", "sellingGeneralAndAdministrative": "472000000", "researchAndDevelopment": "None", "operatingExpenses": "227000000", "investmentIncomeNet": "34000000", "netInterestIncome": "-261000000", "interestIncome": "7000000", "interestExpense": "268000000", "nonInterestIncome": "10938000000", "otherNonOperatingIncome": "58000000", "depreciation": "None", "depreciationAndAmortization": "473000000", "incomeBeforeTax": "396000000", "incomeTaxExpense": "71000000", "interestAndDebtExpense": "261000000", "netIncomeFromContinuingOperations": "571000000", "comprehensiveIncomeNetOfTax": "253000000", "ebit": "664000000", "ebitda": "1137000000", "netIncome": "325000000"}, {"fiscalDateEnding": "2018-09-30", "reportedCurrency": "USD", "grossProfit": "4077000000", "totalRevenue": "11294000000", "costOfRevenue": "7217000000", "costofGoodsAndServicesSold": "3043000000", "operatingIncome": "685000000", "sellingGeneralAndAdministrative": "395000000", "researchAndDevelopment": "None", "operatingExpenses": "2341000000", "investmentIncomeNet": "29000000", "netInterestIncome": "-265000000", "interestIncome": "-3000000", "interestExpense": "262000000", "nonInterestIncome": "11559000000", "otherNonOperatingIncome": "44000000", "depreciation": "None", "depreciationAndAmortization": "468000000", "incomeBeforeTax": "496000000", "incomeTaxExpense": "124000000", "interestAndDebtExpense": "265000000", "netIncomeFromContinuingOperations": "341000000", "comprehensiveIncomeNetOfTax": "355000000", "ebit": "758000000", "ebitda": "1226000000", "netIncome": "372000000"}, {"fiscalDateEnding": "2018-06-30", "reportedCurrency": "USD", "grossProfit": "4369000000", "totalRevenue": "11377000000", "costOfRevenue": "7008000000", "costofGoodsAndServicesSold": "2898000000", "operatingIncome": "1004000000", "sellingGeneralAndAdministrative": "3478000000", "researchAndDevelopment": "None", "operatingExpenses": "5441000000", "investmentIncomeNet": "30000000", "netInterestIncome": "-266000000", "interestIncome": "-3000000", "interestExpense": "263000000", "nonInterestIncome": "11643000000", "otherNonOperatingIncome": "-15000000", "depreciation": "None", "depreciationAndAmortization": "457000000", "incomeBeforeTax": "756000000", "incomeTaxExpense": "200000000", "interestAndDebtExpense": "266000000", "netIncomeFromContinuingOperations": "566000000", "comprehensiveIncomeNetOfTax": "541000000", "ebit": "1019000000", "ebitda": "1476000000", "netIncome": "556000000"}, {"fiscalDateEnding": "2018-03-31", "reportedCurrency": "USD", "grossProfit": "3648000000", "totalRevenue": "10136000000", "costOfRevenue": "6488000000", "costofGoodsAndServicesSold": "2529000000", "operatingIncome": "396000000", "sellingGeneralAndAdministrative": "3373000000", "researchAndDevelopment": "None", "operatingExpenses": "5220000000", "investmentIncomeNet": "25000000", "netInterestIncome": "-265000000", "interestIncome": "-3000000", "interestExpense": "262000000", "nonInterestIncome": "10401000000", "otherNonOperatingIncome": "79000000", "depreciation": "None", "depreciationAndAmortization": "440000000", "incomeBeforeTax": "238000000", "incomeTaxExpense": "79000000", "interestAndDebtExpense": "265000000", "netIncomeFromContinuingOperations": "186000000", "comprehensiveIncomeNetOfTax": "141000000", "ebit": "500000000", "ebitda": "940000000", "netIncome": "159000000"}, {"fiscalDateEnding": "2017-12-31", "reportedCurrency": "USD", "grossProfit": "10461000000", "totalRevenue": "10600000000", "costOfRevenue": "139000000", "costofGoodsAndServicesSold": "2395000000", "operatingIncome": "638000000", "sellingGeneralAndAdministrative": "6175000000", "researchAndDevelopment": "None", "operatingExpenses": "139000000", "investmentIncomeNet": "24000000", "netInterestIncome": "-266000000", "interestIncome": "None", "interestExpense": "266000000", "nonInterestIncome": "10611000000", "otherNonOperatingIncome": "11000000", "depreciation": "None", "depreciationAndAmortization": "447000000", "incomeBeforeTax": "408000000", "incomeTaxExpense": "991000000", "interestAndDebtExpense": "266000000", "netIncomeFromContinuingOperations": "690000000", "comprehensiveIncomeNetOfTax": "-610000000", "ebit": "674000000", "ebitda": "1121000000", "netIncome": "-583000000"}, {"fiscalDateEnding": "2017-09-30", "reportedCurrency": "USD", "grossProfit": "4315000000", "totalRevenue": "10612000000", "costOfRevenue": "6297000000", "costofGoodsAndServicesSold": "2345000000", "operatingIncome": "1256000000", "sellingGeneralAndAdministrative": "3395000000", "researchAndDevelopment": "None", "operatingExpenses": "5172000000", "investmentIncomeNet": "25000000", "netInterestIncome": "-266000000", "interestIncome": "None", "interestExpense": "266000000", "nonInterestIncome": "10965000000", "otherNonOperatingIncome": "48000000", "depreciation": "None", "depreciationAndAmortization": "433000000", "incomeBeforeTax": "1063000000", "incomeTaxExpense": "402000000", "interestAndDebtExpense": "266000000", "netIncomeFromContinuingOperations": "624000000", "comprehensiveIncomeNetOfTax": "646000000", "ebit": "1329000000", "ebitda": "1762000000", "netIncome": "661000000"}, {"fiscalDateEnding": "2017-06-30", "reportedCurrency": "USD", "grossProfit": "4673000000", "totalRevenue": "10842000000", "costOfRevenue": "6169000000", "costofGoodsAndServicesSold": "2256000000", "operatingIncome": "1599000000", "sellingGeneralAndAdministrative": "3379000000", "researchAndDevelopment": "None", "operatingExpenses": "5113000000", "investmentIncomeNet": "24000000", "netInterestIncome": "-263000000", "interestIncome": "None", "interestExpense": "263000000", "nonInterestIncome": "11227000000", "otherNonOperatingIncome": "29000000", "depreciation": "None", "depreciationAndAmortization": "418000000", "incomeBeforeTax": "1389000000", "incomeTaxExpense": "525000000", "interestAndDebtExpense": "263000000", "netIncomeFromContinuingOperations": "803000000", "comprehensiveIncomeNetOfTax": "849000000", "ebit": "1652000000", "ebitda": "2070000000", "netIncome": "864000000"}, {"fiscalDateEnding": "2017-03-31", "reportedCurrency": "USD", "grossProfit": "3556000000", "totalRevenue": "9367000000", "costOfRevenue": "5811000000", "costofGoodsAndServicesSold": "2137000000", "operatingIncome": "737000000", "sellingGeneralAndAdministrative": "3143000000", "researchAndDevelopment": "None", "operatingExpenses": "4828000000", "investmentIncomeNet": "21000000", "netInterestIncome": "-257000000", "interestIncome": "None", "interestExpense": "257000000", "nonInterestIncome": "9820000000", "otherNonOperatingIncome": "34000000", "depreciation": "None", "depreciationAndAmortization": "405000000", "incomeBeforeTax": "535000000", "incomeTaxExpense": "195000000", "interestAndDebtExpense": "257000000", "netIncomeFromContinuingOperations": "234000000", "comprehensiveIncomeNetOfTax": "326000000", "ebit": "792000000", "ebitda": "1197000000", "netIncome": "340000000"}, {"fiscalDateEnding": "2016-12-31", "reportedCurrency": "USD", "grossProfit": "9564000000", "totalRevenue": "9789000000", "costOfRevenue": "225000000", "costofGoodsAndServicesSold": "2060000000", "operatingIncome": "767000000", "sellingGeneralAndAdministrative": "5929000000", "researchAndDevelopment": "None", "operatingExpenses": "225000000", "investmentIncomeNet": "18000000", "netInterestIncome": "-253000000", "interestIncome": "None", "interestExpense": "253000000", "nonInterestIncome": "None", "otherNonOperatingIncome": "45000000", "depreciation": "None", "depreciationAndAmortization": "397000000", "incomeBeforeTax": "445000000", "incomeTaxExpense": "156000000", "interestAndDebtExpense": "253000000", "netIncomeFromContinuingOperations": "767000000", "comprehensiveIncomeNetOfTax": "-108000000", "ebit": "698000000", "ebitda": "1095000000", "netIncome": "289000000"}]}