{"symbol": "AAPL", "annualReports": [{"fiscalDateEnding": "2021-09-30", "reportedCurrency": "USD", "grossProfit": "152836000000", "totalRevenue": "363172000000", "costOfRevenue": "234954000000", "costofGoodsAndServicesSold": "212981000000", "operatingIncome": "108949000000", "sellingGeneralAndAdministrative": "21973000000", "researchAndDevelopment": "21914000000", "operatingExpenses": "43887000000", "investmentIncomeNet": "2843000000", "netInterestIncome": "-2645000000", "interestIncome": "2843000000", "interestExpense": "2645000000", "nonInterestIncome": "365817000000", "otherNonOperatingIncome": "60000000", "depreciation": "9500000000", "depreciationAndAmortization": "11284000000", "incomeBeforeTax": "109207000000", "incomeTaxExpense": "14527000000", "interestAndDebtExpense": "2645000000", "netIncomeFromContinuingOperations": "94680000000", "comprehensiveIncomeNetOfTax": "95249000000", "ebit": "111852000000", "ebitda": "123136000000", "netIncome": "94680000000"}, {"fiscalDateEnding": "2020-09-30", "reportedCurrency": "USD", "grossProfit": "104956000000", "totalRevenue": "271642000000", "costOfRevenue": "189475000000", "costofGoodsAndServicesSold": "169559000000", "operatingIncome": "66288000000", "sellingGeneralAndAdministrative": "19916000000", "researchAndDevelopment": "18752000000", "operatingExpenses": "38668000000", "investmentIncomeNet": "3763000000", "netInterestIncome": "-2873000000", "interestIncome": "3763000000", "interestExpense": "2873000000", "nonInterestIncome": "274515000000", "otherNonOperatingIncome": "-87000000", "depreciation": "9700000000", "depreciationAndAmortization": "11056000000", "incomeBeforeTax": "67091000000", "incomeTaxExpense": "9680000000", "interestAndDebtExpense": "2873000000", "netIncomeFromContinuingOperations": "57411000000", "comprehensiveIncomeNetOfTax": "57453000000", "ebit": "69964000000", "ebitda": "81020000000", "netIncome": "57411000000"}, {"fiscalDateEnding": "2019-09-30", "reportedCurrency": "USD", "grossProfit": "98392000000", "totalRevenue": "256598000000", "costOfRevenue": "180027000000", "costofGoodsAndServicesSold": "161782000000", "operatingIncome": "63930000000", "sellingGeneralAndAdministrative": "18245000000", "researchAndDevelopment": "16217000000", "operatingExpenses": "34462000000", "investmentIncomeNet": "4961000000", "netInterestIncome": "-3576000000", "interestIncome": "4961000000", "interestExpense": "3576000000", "nonInterestIncome": "260174000000", "otherNonOperatingIncome": "422000000", "depreciation": "11300000000", "depreciationAndAmortization": "12547000000", "incomeBeforeTax": "65737000000", "incomeTaxExpense": "10481000000", "interestAndDebtExpense": "3576000000", "netIncomeFromContinuingOperations": "55256000000", "comprehensiveIncomeNetOfTax": "58037000000", "ebit": "69313000000", "ebitda": "81860000000", "netIncome": "55256000000"}, {"fiscalDateEnding": "2018-09-30", "reportedCurrency": "USD", "grossProfit": "101839000000", "totalRevenue": "265595000000", "costOfRevenue": "163756000000", "costofGoodsAndServicesSold": "163756000000", "operatingIncome": "70898000000", "sellingGeneralAndAdministrative": "16705000000", "researchAndDevelopment": "14236000000", "operatingExpenses": "30941000000", "investmentIncomeNet": "5686000000", "netInterestIncome": "-3240000000", "interestIncome": "5686000000", "interestExpense": "3240000000", "nonInterestIncome": "265595000000", "otherNonOperatingIncome": "-441000000", "depreciation": "9300000000", "depreciationAndAmortization": "10903000000", "incomeBeforeTax": "72903000000", "incomeTaxExpense": "13372000000", "interestAndDebtExpense": "3240000000", "netIncomeFromContinuingOperations": "59531000000", "comprehensiveIncomeNetOfTax": "56505000000", "ebit": "76143000000", "ebitda": "87046000000", "netIncome": "59531000000"}, {"fiscalDateEnding": "2017-09-30", "reportedCurrency": "USD", "grossProfit": "88186000000", "totalRevenue": "229234000000", "costOfRevenue": "141048000000", "costofGoodsAndServicesSold": "141048000000", "operatingIncome": "61344000000", "sellingGeneralAndAdministrative": "15261000000", "researchAndDevelopment": "11581000000", "operatingExpenses": "26842000000", "investmentIncomeNet": "5201000000", "netInterestIncome": "-2323000000", "interestIncome": "5201000000", "interestExpense": "2323000000", "nonInterestIncome": "229234000000", "otherNonOperatingIncome": "-133000000", "depreciation": "8200000000", "depreciationAndAmortization": "1200000000", "incomeBeforeTax": "64089000000", "incomeTaxExpense": "15738000000", "interestAndDebtExpense": "2323000000", "netIncomeFromContinuingOperations": "48351000000", "comprehensiveIncomeNetOfTax": "47567000000", "ebit": "66412000000", "ebitda": "67612000000", "netIncome": "48351000000"}], "quarterlyReports": [{"fiscalDateEnding": "2021-09-30", "reportedCurrency": "USD", "grossProfit": "35174000000", "totalRevenue": "82688000000", "costOfRevenue": "53802000000", "costofGoodsAndServicesSold": "48186000000", "operatingIncome": "23786000000", "sellingGeneralAndAdministrative": "5616000000", "researchAndDevelopment": "5772000000", "operatingExpenses": "11388000000", "investmentIncomeNet": "659000000", "netInterestIncome": "-672000000", "interestIncome": "659000000", "interestExpense": "672000000", "nonInterestIncome": "83360000000", "otherNonOperatingIncome": "-525000000", "depreciation": "None", "depreciationAndAmortization": "2989000000", "incomeBeforeTax": "23248000000", "incomeTaxExpense": "2697000000", "interestAndDebtExpense": "672000000", "netIncomeFromContinuingOperations": "20551000000", "comprehensiveIncomeNetOfTax": "20656000000", "ebit": "23920000000", "ebitda": "26909000000", "netIncome": "20551000000"}, {"fiscalDateEnding": "2021-06-30", "reportedCurrency": "USD", "grossProfit": "35255000000", "totalRevenue": "80769000000", "costOfRevenue": "51591000000", "costofGoodsAndServicesSold": "46179000000", "operatingIncome": "24126000000", "sellingGeneralAndAdministrative": "5412000000", "researchAndDevelopment": "5717000000", "operatingExpenses": "11129000000", "investmentIncomeNet": "719000000", "netInterestIncome": "-665000000", "interestIncome": "719000000", "interestExpense": "665000000", "nonInterestIncome": "81434000000", "otherNonOperatingIncome": "189000000", "depreciation": "None", "depreciationAndAmortization": "2832000000", "incomeBeforeTax": "24369000000", "incomeTaxExpense": "2625000000", "interestAndDebtExpense": "665000000", "netIncomeFromContinuingOperations": "21744000000", "comprehensiveIncomeNetOfTax": "22088000000", "ebit": "25034000000", "ebitda": "27866000000", "netIncome": "21744000000"}, {"fiscalDateEnding": "2021-03-31", "reportedCurrency": "USD", "grossProfit": "38079000000", "totalRevenue": "88914000000", "costOfRevenue": "56819000000", "costofGoodsAndServicesSold": "51505000000", "operatingIncome": "27503000000", "sellingGeneralAndAdministrative": "5314000000", "researchAndDevelopment": "5262000000", "operatingExpenses": "10576000000", "investmentIncomeNet": "718000000", "netInterestIncome": "-670000000", "interestIncome": "718000000", "interestExpense": "670000000", "nonInterestIncome": "89584000000", "otherNonOperatingIncome": "460000000", "depreciation": "None", "depreciationAndAmortization": "2797000000", "incomeBeforeTax": "28011000000", "incomeTaxExpense": "4381000000", "interestAndDebtExpense": "670000000", "netIncomeFromContinuingOperations": "23630000000", "comprehensiveIncomeNetOfTax": "23165000000", "ebit": "28681000000", "ebitda": "31478000000", "netIncome": "23630000000"}, {"fiscalDateEnding": "2020-12-31", "reportedCurrency": "USD", "grossProfit": "44328000000", "totalRevenue": "110801000000", "costOfRevenue": "72742000000", "costofGoodsAndServicesSold": "67111000000", "operatingIncome": "33534000000", "sellingGeneralAndAdministrative": "5631000000", "researchAndDevelopment": "5163000000", "operatingExpenses": "10794000000", "investmentIncomeNet": "747000000", "netInterestIncome": "-638000000", "interestIncome": "747000000", "interestExpense": "638000000", "nonInterestIncome": "111439000000", "otherNonOperatingIncome": "-64000000", "depreciation": "None", "depreciationAndAmortization": "2666000000", "incomeBeforeTax": "33579000000", "incomeTaxExpense": "4824000000", "interestAndDebtExpense": "638000000", "netIncomeFromContinuingOperations": "28755000000", "comprehensiveIncomeNetOfTax": "29340000000", "ebit": "34217000000", "ebitda": "36883000000", "netIncome": "28755000000"}, {"fiscalDateEnding": "2020-09-30", "reportedCurrency": "USD", "grossProfit": "24689000000", "totalRevenue": "64698000000", "costOfRevenue": "44945000000", "costofGoodsAndServicesSold": "40009000000", "operatingIncome": "14775000000", "sellingGeneralAndAdministrative": "4936000000", "researchAndDevelopment": "4978000000", "operatingExpenses": "9914000000", "investmentIncomeNet": "768000000", "netInterestIncome": "-634000000", "interestIncome": "134000000", "interestExpense": "634000000", "nonInterestIncome": "64698000000", "otherNonOperatingIncome": "-8000000", "depreciation": "None", "depreciationAndAmortization": "2702000000", "incomeBeforeTax": "14901000000", "incomeTaxExpense": "2228000000", "interestAndDebtExpense": "634000000", "netIncomeFromContinuingOperations": "24689000000", "comprehensiveIncomeNetOfTax": "12817000000", "ebit": "15535000000", "ebitda": "18237000000", "netIncome": "12673000000"}, {"fiscalDateEnding": "2020-06-30", "reportedCurrency": "USD", "grossProfit": "22680000000", "totalRevenue": "58988000000", "costOfRevenue": "41836000000", "costofGoodsAndServicesSold": "37005000000", "operatingIncome": "13091000000", "sellingGeneralAndAdministrative": "4831000000", "researchAndDevelopment": "4758000000", "operatingExpenses": "9589000000", "investmentIncomeNet": "901000000", "netInterestIncome": "-697000000", "interestIncome": "901000000", "interestExpense": "697000000", "nonInterestIncome": "59685000000", "otherNonOperatingIncome": "-158000000", "depreciation": "None", "depreciationAndAmortization": "2752000000", "incomeBeforeTax": "13137000000", "incomeTaxExpense": "1884000000", "interestAndDebtExpense": "697000000", "netIncomeFromContinuingOperations": "11253000000", "comprehensiveIncomeNetOfTax": "13492000000", "ebit": "13834000000", "ebitda": "16586000000", "netIncome": "11253000000"}, {"fiscalDateEnding": "2020-03-31", "reportedCurrency": "USD", "grossProfit": "22370000000", "totalRevenue": "57556000000", "costOfRevenue": "40895000000", "costofGoodsAndServicesSold": "35943000000", "operatingIncome": "12853000000", "sellingGeneralAndAdministrative": "4952000000", "researchAndDevelopment": "4565000000", "operatingExpenses": "9517000000", "investmentIncomeNet": "1049000000", "netInterestIncome": "-757000000", "interestIncome": "1049000000", "interestExpense": "757000000", "nonInterestIncome": "58313000000", "otherNonOperatingIncome": "-10000000", "depreciation": "None", "depreciationAndAmortization": "2786000000", "incomeBeforeTax": "13135000000", "incomeTaxExpense": "1886000000", "interestAndDebtExpense": "757000000", "netIncomeFromContinuingOperations": "11249000000", "comprehensiveIncomeNetOfTax": "8878000000", "ebit": "13892000000", "ebitda": "16678000000", "netIncome": "11249000000"}, {"fiscalDateEnding": "2019-12-31", "reportedCurrency": "USD", "grossProfit": "35217000000", "totalRevenue": "91034000000", "costOfRevenue": "61799000000", "costofGoodsAndServicesSold": "56602000000", "operatingIncome": "25569000000", "sellingGeneralAndAdministrative": "5197000000", "researchAndDevelopment": "4451000000", "operatingExpenses": "9648000000", "investmentIncomeNet": "1045000000", "netInterestIncome": "-785000000", "interestIncome": "1045000000", "interestExpense": "785000000", "nonInterestIncome": "91819000000", "otherNonOperatingIncome": "89000000", "depreciation": "None", "depreciationAndAmortization": "2816000000", "incomeBeforeTax": "25918000000", "incomeTaxExpense": "3682000000", "interestAndDebtExpense": "785000000", "netIncomeFromContinuingOperations": "22236000000", "comprehensiveIncomeNetOfTax": "22266000000", "ebit": "26703000000", "ebitda": "29519000000", "netIncome": "22236000000"}, {"fiscalDateEnding": "2019-09-30", "reportedCurrency": "USD", "grossProfit": "24313000000", "totalRevenue": "64040000000", "costOfRevenue": "44305000000", "costofGoodsAndServicesSold": "39727000000", "operatingIncome": "15625000000", "sellingGeneralAndAdministrative": "4578000000", "researchAndDevelopment": "4110000000", "operatingExpenses": "8688000000", "investmentIncomeNet": "1106000000", "netInterestIncome": "-810000000", "interestIncome": "1106000000", "interestExpense": "810000000", "nonInterestIncome": "64040000000", "otherNonOperatingIncome": "206000000", "depreciation": "None", "depreciationAndAmortization": "3179000000", "incomeBeforeTax": "16127000000", "incomeTaxExpense": "2441000000", "interestAndDebtExpense": "810000000", "netIncomeFromContinuingOperations": "24313000000", "comprehensiveIncomeNetOfTax": "13741000000", "ebit": "16937000000", "ebitda": "20116000000", "netIncome": "13686000000"}, {"fiscalDateEnding": "2019-06-30", "reportedCurrency": "USD", "grossProfit": "20227000000", "totalRevenue": "52943000000", "costOfRevenue": "38008000000", "costofGoodsAndServicesSold": "33582000000", "operatingIncome": "11544000000", "sellingGeneralAndAdministrative": "4426000000", "researchAndDevelopment": "4257000000", "operatingExpenses": "8683000000", "investmentIncomeNet": "1190000000", "netInterestIncome": "-866000000", "interestIncome": "1190000000", "interestExpense": "866000000", "nonInterestIncome": "53809000000", "otherNonOperatingIncome": "43000000", "depreciation": "None", "depreciationAndAmortization": "2933000000", "incomeBeforeTax": "11911000000", "incomeTaxExpense": "1867000000", "interestAndDebtExpense": "866000000", "netIncomeFromContinuingOperations": "10044000000", "comprehensiveIncomeNetOfTax": "10904000000", "ebit": "12777000000", "ebitda": "15710000000", "netIncome": "10044000000"}, {"fiscalDateEnding": "2019-03-31", "reportedCurrency": "USD", "grossProfit": "21821000000", "totalRevenue": "57005000000", "costOfRevenue": "40652000000", "costofGoodsAndServicesSold": "36194000000", "operatingIncome": "13415000000", "sellingGeneralAndAdministrative": "4458000000", "researchAndDevelopment": "3948000000", "operatingExpenses": "8406000000", "investmentIncomeNet": "1358000000", "netInterestIncome": "-1010000000", "interestIncome": "1358000000", "interestExpense": "1010000000", "nonInterestIncome": "58015000000", "otherNonOperatingIncome": "30000000", "depreciation": "None", "depreciationAndAmortization": "3040000000", "incomeBeforeTax": "13793000000", "incomeTaxExpense": "2232000000", "interestAndDebtExpense": "1010000000", "netIncomeFromContinuingOperations": "11561000000", "comprehensiveIncomeNetOfTax": "13650000000", "ebit": "14803000000", "ebitda": "17843000000", "netIncome": "11561000000"}, {"fiscalDateEnding": "2018-12-31", "reportedCurrency": "USD", "grossProfit": "32031000000", "totalRevenue": "83420000000", "costOfRevenue": "57062000000", "costofGoodsAndServicesSold": "52279000000", "operatingIncome": "23346000000", "sellingGeneralAndAdministrative": "4783000000", "researchAndDevelopment": "3902000000", "operatingExpenses": "8685000000", "investmentIncomeNet": "1307000000", "netInterestIncome": "-890000000", "interestIncome": "None", "interestExpense": "890000000", "nonInterestIncome": "84310000000", "otherNonOperatingIncome": "143000000", "depreciation": "None", "depreciationAndAmortization": "3395000000", "incomeBeforeTax": "23906000000", "incomeTaxExpense": "3941000000", "interestAndDebtExpense": "890000000", "netIncomeFromContinuingOperations": "19965000000", "comprehensiveIncomeNetOfTax": "19742000000", "ebit": "24796000000", "ebitda": "28191000000", "netIncome": "19965000000"}, {"fiscalDateEnding": "2018-09-30", "reportedCurrency": "USD", "grossProfit": "24084000000", "totalRevenue": "62900000000", "costOfRevenue": "38816000000", "costofGoodsAndServicesSold": "38816000000", "operatingIncome": "16118000000", "sellingGeneralAndAdministrative": "4216000000", "researchAndDevelopment": "3750000000", "operatingExpenses": "7966000000", "investmentIncomeNet": "1311000000", "netInterestIncome": "-868000000", "interestIncome": "None", "interestExpense": "868000000", "nonInterestIncome": "62900000000", "otherNonOperatingIncome": "-140000000", "depreciation": "None", "depreciationAndAmortization": "2754000000", "incomeBeforeTax": "16421000000", "incomeTaxExpense": "2296000000", "interestAndDebtExpense": "868000000", "netIncomeFromContinuingOperations": "24084000000", "comprehensiveIncomeNetOfTax": "13782000000", "ebit": "17289000000", "ebitda": "20043000000", "netIncome": "14125000000"}, {"fiscalDateEnding": "2018-06-30", "reportedCurrency": "USD", "grossProfit": "20421000000", "totalRevenue": "53265000000", "costOfRevenue": "32844000000", "costofGoodsAndServicesSold": "32844000000", "operatingIncome": "12612000000", "sellingGeneralAndAdministrative": "4108000000", "researchAndDevelopment": "3701000000", "operatingExpenses": "7809000000", "investmentIncomeNet": "1418000000", "netInterestIncome": "-846000000", "interestIncome": "None", "interestExpense": "846000000", "nonInterestIncome": "53265000000", "otherNonOperatingIncome": "100000000", "depreciation": "None", "depreciationAndAmortization": "2665000000", "incomeBeforeTax": "13284000000", "incomeTaxExpense": "1765000000", "interestAndDebtExpense": "846000000", "netIncomeFromContinuingOperations": "11519000000", "comprehensiveIncomeNetOfTax": "11472000000", "ebit": "14130000000", "ebitda": "16795000000", "netIncome": "11519000000"}, {"fiscalDateEnding": "2018-03-31", "reportedCurrency": "USD", "grossProfit": "23422000000", "totalRevenue": "61137000000", "costOfRevenue": "37715000000", "costofGoodsAndServicesSold": "37715000000", "operatingIncome": "15894000000", "sellingGeneralAndAdministrative": "4150000000", "researchAndDevelopment": "3378000000", "operatingExpenses": "7528000000", "investmentIncomeNet": "1505000000", "netInterestIncome": "-792000000", "interestIncome": "None", "interestExpense": "792000000", "nonInterestIncome": "61137000000", "otherNonOperatingIncome": "-439000000", "depreciation": "None", "depreciationAndAmortization": "2739000000", "incomeBeforeTax": "16168000000", "incomeTaxExpense": "2346000000", "interestAndDebtExpense": "792000000", "netIncomeFromContinuingOperations": "13822000000", "comprehensiveIncomeNetOfTax": "11877000000", "ebit": "16960000000", "ebitda": "19699000000", "netIncome": "13822000000"}, {"fiscalDateEnding": "2017-12-31", "reportedCurrency": "USD", "grossProfit": "33912000000", "totalRevenue": "88293000000", "costOfRevenue": "54381000000", "costofGoodsAndServicesSold": "54381000000", "operatingIncome": "26274000000", "sellingGeneralAndAdministrative": "4231000000", "researchAndDevelopment": "3407000000", "operatingExpenses": "7638000000", "investmentIncomeNet": "1452000000", "netInterestIncome": "-734000000", "interestIncome": "None", "interestExpense": "734000000", "nonInterestIncome": "88293000000", "otherNonOperatingIncome": "38000000", "depreciation": "None", "depreciationAndAmortization": "2745000000", "incomeBeforeTax": "27030000000", "incomeTaxExpense": "6965000000", "interestAndDebtExpense": "734000000", "netIncomeFromContinuingOperations": "20065000000", "comprehensiveIncomeNetOfTax": "19374000000", "ebit": "27764000000", "ebitda": "30509000000", "netIncome": "20065000000"}, {"fiscalDateEnding": "2017-09-30", "reportedCurrency": "USD", "grossProfit": "19931000000", "totalRevenue": "52579000000", "costOfRevenue": "32648000000", "costofGoodsAndServicesSold": "32648000000", "operatingIncome": "13120000000", "sellingGeneralAndAdministrative": "3814000000", "researchAndDevelopment": "2997000000", "operatingExpenses": "6811000000", "investmentIncomeNet": "1368000000", "netInterestIncome": "-666000000", "interestIncome": "None", "interestExpense": "666000000", "nonInterestIncome": "None", "otherNonOperatingIncome": "95000000", "depreciation": "None", "depreciationAndAmortization": "2484000000", "incomeBeforeTax": "13917000000", "incomeTaxExpense": "3203000000", "interestAndDebtExpense": "666000000", "netIncomeFromContinuingOperations": "19931000000", "comprehensiveIncomeNetOfTax": "11109000000", "ebit": "14583000000", "ebitda": "17067000000", "netIncome": "10714000000"}, {"fiscalDateEnding": "2017-06-30", "reportedCurrency": "USD", "grossProfit": "17488000000", "totalRevenue": "45408000000", "costOfRevenue": "27920000000", "costofGoodsAndServicesSold": "27920000000", "operatingIncome": "10768000000", "sellingGeneralAndAdministrative": "3783000000", "researchAndDevelopment": "2937000000", "operatingExpenses": "6720000000", "investmentIncomeNet": "1327000000", "netInterestIncome": "-602000000", "interestIncome": "None", "interestExpense": "602000000", "nonInterestIncome": "None", "otherNonOperatingIncome": "-185000000", "depreciation": "None", "depreciationAndAmortization": "2354000000", "incomeBeforeTax": "11308000000", "incomeTaxExpense": "2591000000", "interestAndDebtExpense": "602000000", "netIncomeFromContinuingOperations": "17488000000", "comprehensiveIncomeNetOfTax": "8594000000", "ebit": "11910000000", "ebitda": "14264000000", "netIncome": "8717000000"}, {"fiscalDateEnding": "2017-03-31", "reportedCurrency": "USD", "grossProfit": "20591000000", "totalRevenue": "52896000000", "costOfRevenue": "32305000000", "costofGoodsAndServicesSold": "32305000000", "operatingIncome": "14097000000", "sellingGeneralAndAdministrative": "3718000000", "researchAndDevelopment": "2776000000", "operatingExpenses": "6494000000", "investmentIncomeNet": "1282000000", "netInterestIncome": "-530000000", "interestIncome": "None", "interestExpense": "530000000", "nonInterestIncome": "None", "otherNonOperatingIncome": "-165000000", "depreciation": "None", "depreciationAndAmortization": "2332000000", "incomeBeforeTax": "14684000000", "incomeTaxExpense": "3655000000", "interestAndDebtExpense": "530000000", "netIncomeFromContinuingOperations": "20591000000", "comprehensiveIncomeNetOfTax": "10362000000", "ebit": "15214000000", "ebitda": "17546000000", "netIncome": "11029000000"}, {"fiscalDateEnding": "2016-12-31", "reportedCurrency": "USD", "grossProfit": "30176000000", "totalRevenue": "78351000000", "costOfRevenue": "48175000000", "costofGoodsAndServicesSold": "48175000000", "operatingIncome": "23359000000", "sellingGeneralAndAdministrative": "3946000000", "researchAndDevelopment": "2871000000", "operatingExpenses": "6817000000", "investmentIncomeNet": "1224000000", "netInterestIncome": "-525000000", "interestIncome": "None", "interestExpense": "525000000", "nonInterestIncome": "None", "otherNonOperatingIncome": "122000000", "depreciation": "None", "depreciationAndAmortization": "2987000000", "incomeBeforeTax": "24180000000", "incomeTaxExpense": "6289000000", "interestAndDebtExpense": "525000000", "netIncomeFromContinuingOperations": "17891000000", "comprehensiveIncomeNetOfTax": "17502000000", "ebit": "24705000000", "ebitda": "27692000000", "netIncome": "17891000000"}]}