{"symbol": "ABBV", "annualReports": [{"fiscalDateEnding": "2020-12-31", "reportedCurrency": "USD", "grossProfit": "13318000000", "totalRevenue": "45804000000", "costOfRevenue": "32486000000", "costofGoodsAndServicesSold": "15387000000", "operatingIncome": "11363000000", "sellingGeneralAndAdministrative": "11299000000", "researchAndDevelopment": "7755000000", "operatingExpenses": "24854000000", "investmentIncomeNet": "174000000", "netInterestIncome": "-2454000000", "interestIncome": "174000000", "interestExpense": "2454000000", "nonInterestIncome": "45733000000", "otherNonOperatingIncome": "-5614000000", "depreciation": "666000000", "depreciationAndAmortization": "5800000000", "incomeBeforeTax": "3392000000", "incomeTaxExpense": "-1224000000", "interestAndDebtExpense": "2454000000", "netIncomeFromContinuingOperations": "4622000000", "comprehensiveIncomeNetOfTax": "5095000000", "ebit": "5846000000", "ebitda": "11646000000", "netIncome": "4616000000"}, {"fiscalDateEnding": "2019-12-31", "reportedCurrency": "USD", "grossProfit": "25827000000", "totalRevenue": "33266000000", "costOfRevenue": "7439000000", "costofGoodsAndServicesSold": "7439000000", "operatingIncome": "12983000000", "sellingGeneralAndAdministrative": "6942000000", "researchAndDevelopment": "6792000000", "operatingExpenses": "16206000000", "investmentIncomeNet": "275000000", "netInterestIncome": "-1784000000", "interestIncome": "275000000", "interestExpense": "1784000000", "nonInterestIncome": "33224000000", "otherNonOperatingIncome": "-3006000000", "depreciation": "464000000", "depreciationAndAmortization": "1553000000", "incomeBeforeTax": "8426000000", "incomeTaxExpense": "544000000", "interestAndDebtExpense": "1784000000", "netIncomeFromContinuingOperations": "7882000000", "comprehensiveIncomeNetOfTax": "6766000000", "ebit": "10210000000", "ebitda": "11763000000", "netIncome": "7882000000"}, {"fiscalDateEnding": "2018-12-31", "reportedCurrency": "USD", "grossProfit": "25035000000", "totalRevenue": "32753000000", "costOfRevenue": "7718000000", "costofGoodsAndServicesSold": "7718000000", "operatingIncome": "6383000000", "sellingGeneralAndAdministrative": "7399000000", "researchAndDevelopment": "10753000000", "operatingExpenses": "24575000000", "investmentIncomeNet": "204000000", "netInterestIncome": "-1348000000", "interestIncome": "204000000", "interestExpense": "1348000000", "nonInterestIncome": "32729000000", "otherNonOperatingIncome": "-18000000", "depreciation": "471000000", "depreciationAndAmortization": "1294000000", "incomeBeforeTax": "5197000000", "incomeTaxExpense": "-490000000", "interestAndDebtExpense": "1348000000", "netIncomeFromContinuingOperations": "5687000000", "comprehensiveIncomeNetOfTax": "5934000000", "ebit": "6545000000", "ebitda": "7839000000", "netIncome": "5687000000"}, {"fiscalDateEnding": "2017-12-31", "reportedCurrency": "USD", "grossProfit": "21174000000", "totalRevenue": "28216000000", "costOfRevenue": "7042000000", "costofGoodsAndServicesSold": "7042000000", "operatingIncome": "9545000000", "sellingGeneralAndAdministrative": "6295000000", "researchAndDevelopment": "5309000000", "operatingExpenses": "13100000000", "investmentIncomeNet": "146000000", "netInterestIncome": "-1150000000", "interestIncome": "146000000", "interestExpense": "1150000000", "nonInterestIncome": "-348000000", "otherNonOperatingIncome": "-466000000", "depreciation": "425000000", "depreciationAndAmortization": "1076000000", "incomeBeforeTax": "7727000000", "incomeTaxExpense": "2418000000", "interestAndDebtExpense": "1150000000", "netIncomeFromContinuingOperations": "5309000000", "comprehensiveIncomeNetOfTax": "5168000000", "ebit": "8877000000", "ebitda": "9953000000", "netIncome": "5309000000"}, {"fiscalDateEnding": "2016-12-31", "reportedCurrency": "USD", "grossProfit": "19805000000", "totalRevenue": "25638000000", "costOfRevenue": "5833000000", "costofGoodsAndServicesSold": "5832000000", "operatingIncome": "9340000000", "sellingGeneralAndAdministrative": "5881000000", "researchAndDevelopment": "4566000000", "operatingExpenses": "11237000000", "investmentIncomeNet": "82000000", "netInterestIncome": "-1047000000", "interestIncome": "82000000", "interestExpense": "1047000000", "nonInterestIncome": "-303000000", "otherNonOperatingIncome": "-188000000", "depreciation": "425000000", "depreciationAndAmortization": "764000000", "incomeBeforeTax": "7884000000", "incomeTaxExpense": "1931000000", "interestAndDebtExpense": "1047000000", "netIncomeFromContinuingOperations": "5953000000", "comprehensiveIncomeNetOfTax": "5928000000", "ebit": "8931000000", "ebitda": "9695000000", "netIncome": "5953000000"}], "quarterlyReports": [{"fiscalDateEnding": "2021-09-30", "reportedCurrency": "USD", "grossProfit": "4969000000", "totalRevenue": "14342000000", "costOfRevenue": "9373000000", "costofGoodsAndServicesSold": "4390000000", "operatingIncome": "4306000000", "sellingGeneralAndAdministrative": "3083000000", "researchAndDevelopment": "2063000000", "operatingExpenses": "7046000000", "investmentIncomeNet": "11000000", "netInterestIncome": "-596000000", "interestIncome": "11000000", "interestExpense": "596000000", "nonInterestIncome": "-12000000", "otherNonOperatingIncome": "-21000000", "depreciation": "223000000", "depreciationAndAmortization": "1900000000", "incomeBeforeTax": "3687000000", "incomeTaxExpense": "508000000", "interestAndDebtExpense": "596000000", "netIncomeFromContinuingOperations": "3180000000", "comprehensiveIncomeNetOfTax": "3126000000", "ebit": "4283000000", "ebitda": "6183000000", "netIncome": "3179000000"}, {"fiscalDateEnding": "2021-06-30", "reportedCurrency": "USD", "grossProfit": "4272000000", "totalRevenue": "13959000000", "costOfRevenue": "9687000000", "costofGoodsAndServicesSold": "4523000000", "operatingIncome": "4441000000", "sellingGeneralAndAdministrative": "3164000000", "researchAndDevelopment": "1899000000", "operatingExpenses": "7063000000", "investmentIncomeNet": "9000000", "netInterestIncome": "-615000000", "interestIncome": "9000000", "interestExpense": "615000000", "nonInterestIncome": "-14000000", "otherNonOperatingIncome": "-2658000000", "depreciation": "201000000", "depreciationAndAmortization": "2000000000", "incomeBeforeTax": "1160000000", "incomeTaxExpense": "394000000", "interestAndDebtExpense": "615000000", "netIncomeFromContinuingOperations": "769000000", "comprehensiveIncomeNetOfTax": "958000000", "ebit": "1775000000", "ebitda": "3775000000", "netIncome": "766000000"}, {"fiscalDateEnding": "2021-03-31", "reportedCurrency": "USD", "grossProfit": "3946000000", "totalRevenue": "13010000000", "costOfRevenue": "9064000000", "costofGoodsAndServicesSold": "4213000000", "operatingIncome": "4103000000", "sellingGeneralAndAdministrative": "2842000000", "researchAndDevelopment": "1852000000", "operatingExpenses": "6703000000", "investmentIncomeNet": "10000000", "netInterestIncome": "-632000000", "interestIncome": "10000000", "interestExpense": "632000000", "nonInterestIncome": "-9000000", "otherNonOperatingIncome": "395000000", "depreciation": "206000000", "depreciationAndAmortization": "2009000000", "incomeBeforeTax": "3865000000", "incomeTaxExpense": "312000000", "interestAndDebtExpense": "632000000", "netIncomeFromContinuingOperations": "3555000000", "comprehensiveIncomeNetOfTax": "3375000000", "ebit": "4497000000", "ebitda": "6506000000", "netIncome": "3553000000"}, {"fiscalDateEnding": "2020-12-31", "reportedCurrency": "USD", "grossProfit": "9174000000", "totalRevenue": "13858000000", "costOfRevenue": "4684000000", "costofGoodsAndServicesSold": "4684000000", "operatingIncome": "3753000000", "sellingGeneralAndAdministrative": "3231000000", "researchAndDevelopment": "2190000000", "operatingExpenses": "7254000000", "investmentIncomeNet": "11000000", "netInterestIncome": "-629000000", "interestIncome": "11000000", "interestExpense": "629000000", "nonInterestIncome": "45787000000", "otherNonOperatingIncome": "-4625000000", "depreciation": "227000000", "depreciationAndAmortization": "1833000000", "incomeBeforeTax": "-1509000000", "incomeTaxExpense": "-1545000000", "interestAndDebtExpense": "629000000", "netIncomeFromContinuingOperations": "9174000000", "comprehensiveIncomeNetOfTax": "178000000", "ebit": "-880000000", "ebitda": "953000000", "netIncome": "36000000"}, {"fiscalDateEnding": "2020-09-30", "reportedCurrency": "USD", "grossProfit": "2906000000", "totalRevenue": "12902000000", "costOfRevenue": "9996000000", "costofGoodsAndServicesSold": "5050000000", "operatingIncome": "3255000000", "sellingGeneralAndAdministrative": "2846000000", "researchAndDevelopment": "1751000000", "operatingExpenses": "6697000000", "investmentIncomeNet": "10000000", "netInterestIncome": "-630000000", "interestIncome": "10000000", "interestExpense": "630000000", "nonInterestIncome": "-20000000", "otherNonOperatingIncome": "-115000000", "depreciation": "175000000", "depreciationAndAmortization": "2100000000", "incomeBeforeTax": "2495000000", "incomeTaxExpense": "187000000", "interestAndDebtExpense": "630000000", "netIncomeFromContinuingOperations": "2313000000", "comprehensiveIncomeNetOfTax": "2484000000", "ebit": "3125000000", "ebitda": "5225000000", "netIncome": "2308000000"}, {"fiscalDateEnding": "2020-06-30", "reportedCurrency": "USD", "grossProfit": "1787000000", "totalRevenue": "10425000000", "costOfRevenue": "8638000000", "costofGoodsAndServicesSold": "3711000000", "operatingIncome": "752000000", "sellingGeneralAndAdministrative": "3527000000", "researchAndDevelopment": "2435000000", "operatingExpenses": "7362000000", "investmentIncomeNet": "18000000", "netInterestIncome": "-632000000", "interestIncome": "18000000", "interestExpense": "632000000", "nonInterestIncome": "-29000000", "otherNonOperatingIncome": "-802000000", "depreciation": "149000000", "depreciationAndAmortization": "1400000000", "incomeBeforeTax": "-692000000", "incomeTaxExpense": "46000000", "interestAndDebtExpense": "632000000", "netIncomeFromContinuingOperations": "-739000000", "comprehensiveIncomeNetOfTax": "-476000000", "ebit": "-60000000", "ebitda": "1340000000", "netIncome": "-738000000"}, {"fiscalDateEnding": "2020-03-31", "reportedCurrency": "USD", "grossProfit": "4521000000", "totalRevenue": "8619000000", "costOfRevenue": "4098000000", "costofGoodsAndServicesSold": "1942000000", "operatingIncome": "3603000000", "sellingGeneralAndAdministrative": "1695000000", "researchAndDevelopment": "1379000000", "operatingExpenses": "3535000000", "investmentIncomeNet": "135000000", "netInterestIncome": "-563000000", "interestIncome": "135000000", "interestExpense": "563000000", "nonInterestIncome": "-5000000", "otherNonOperatingIncome": "-72000000", "depreciation": "115000000", "depreciationAndAmortization": "444000000", "incomeBeforeTax": "3098000000", "incomeTaxExpense": "88000000", "interestAndDebtExpense": "563000000", "netIncomeFromContinuingOperations": "3010000000", "comprehensiveIncomeNetOfTax": "2909000000", "ebit": "3661000000", "ebitda": "4105000000", "netIncome": "3010000000"}, {"fiscalDateEnding": "2019-12-31", "reportedCurrency": "USD", "grossProfit": "6698000000", "totalRevenue": "8704000000", "costOfRevenue": "2006000000", "costofGoodsAndServicesSold": "2006000000", "operatingIncome": "3956000000", "sellingGeneralAndAdministrative": "1951000000", "researchAndDevelopment": "1681000000", "operatingExpenses": "3704000000", "investmentIncomeNet": "104000000", "netInterestIncome": "-559000000", "interestIncome": "104000000", "interestExpense": "559000000", "nonInterestIncome": "33255000000", "otherNonOperatingIncome": "-416000000", "depreciation": "118000000", "depreciationAndAmortization": "391000000", "incomeBeforeTax": "3074000000", "incomeTaxExpense": "273000000", "interestAndDebtExpense": "559000000", "netIncomeFromContinuingOperations": "6698000000", "comprehensiveIncomeNetOfTax": "1733000000", "ebit": "3633000000", "ebitda": "4024000000", "netIncome": "2801000000"}, {"fiscalDateEnding": "2019-09-30", "reportedCurrency": "USD", "grossProfit": "6559000000", "totalRevenue": "8479000000", "costOfRevenue": "1920000000", "costofGoodsAndServicesSold": "1920000000", "operatingIncome": "2617000000", "sellingGeneralAndAdministrative": "1657000000", "researchAndDevelopment": "2285000000", "operatingExpenses": "4353000000", "investmentIncomeNet": "60000000", "netInterestIncome": "-480000000", "interestIncome": "60000000", "interestExpense": "480000000", "nonInterestIncome": "-19000000", "otherNonOperatingIncome": "-177000000", "depreciation": "114000000", "depreciationAndAmortization": "389000000", "incomeBeforeTax": "2001000000", "incomeTaxExpense": "117000000", "interestAndDebtExpense": "480000000", "netIncomeFromContinuingOperations": "1884000000", "comprehensiveIncomeNetOfTax": "1847000000", "ebit": "2481000000", "ebitda": "2870000000", "netIncome": "1884000000"}, {"fiscalDateEnding": "2019-06-30", "reportedCurrency": "USD", "grossProfit": "6436000000", "totalRevenue": "8255000000", "costOfRevenue": "1819000000", "costofGoodsAndServicesSold": "1819000000", "operatingIncome": "3400000000", "sellingGeneralAndAdministrative": "1654000000", "researchAndDevelopment": "1382000000", "operatingExpenses": "3443000000", "investmentIncomeNet": "49000000", "netInterestIncome": "-358000000", "interestIncome": "49000000", "interestExpense": "358000000", "nonInterestIncome": "-6000000", "otherNonOperatingIncome": "-2278000000", "depreciation": "114000000", "depreciationAndAmortization": "388000000", "incomeBeforeTax": "807000000", "incomeTaxExpense": "66000000", "interestAndDebtExpense": "358000000", "netIncomeFromContinuingOperations": "741000000", "comprehensiveIncomeNetOfTax": "766000000", "ebit": "1165000000", "ebitda": "1553000000", "netIncome": "741000000"}, {"fiscalDateEnding": "2019-03-31", "reportedCurrency": "USD", "grossProfit": "6134000000", "totalRevenue": "7828000000", "costOfRevenue": "1694000000", "costofGoodsAndServicesSold": "1694000000", "operatingIncome": "3010000000", "sellingGeneralAndAdministrative": "1680000000", "researchAndDevelopment": "1444000000", "operatingExpenses": "3676000000", "investmentIncomeNet": "62000000", "netInterestIncome": "-387000000", "interestIncome": "-331000000", "interestExpense": "387000000", "nonInterestIncome": "-6000000", "otherNonOperatingIncome": "-135000000", "depreciation": "118000000", "depreciationAndAmortization": "385000000", "incomeBeforeTax": "2544000000", "incomeTaxExpense": "88000000", "interestAndDebtExpense": "387000000", "netIncomeFromContinuingOperations": "2456000000", "comprehensiveIncomeNetOfTax": "2420000000", "ebit": "2931000000", "ebitda": "3316000000", "netIncome": "2456000000"}, {"fiscalDateEnding": "2018-12-31", "reportedCurrency": "USD", "grossProfit": "6283000000", "totalRevenue": "8305000000", "costOfRevenue": "2022000000", "costofGoodsAndServicesSold": "2022000000", "operatingIncome": "-2441000000", "sellingGeneralAndAdministrative": "1929000000", "researchAndDevelopment": "6795000000", "operatingExpenses": "14128000000", "investmentIncomeNet": "61000000", "netInterestIncome": "-380000000", "interestIncome": "None", "interestExpense": "380000000", "nonInterestIncome": "8299000000", "otherNonOperatingIncome": "393000000", "depreciation": "122000000", "depreciationAndAmortization": "320000000", "incomeBeforeTax": "-2373000000", "incomeTaxExpense": "-547000000", "interestAndDebtExpense": "380000000", "netIncomeFromContinuingOperations": "6283000000", "comprehensiveIncomeNetOfTax": "-1747000000", "ebit": "-1993000000", "ebitda": "-1673000000", "netIncome": "-1826000000"}, {"fiscalDateEnding": "2018-09-30", "reportedCurrency": "USD", "grossProfit": "6401000000", "totalRevenue": "8236000000", "costOfRevenue": "1835000000", "costofGoodsAndServicesSold": "1835000000", "operatingIncome": "3159000000", "sellingGeneralAndAdministrative": "1919000000", "researchAndDevelopment": "1323000000", "operatingExpenses": "3584000000", "investmentIncomeNet": "37000000", "netInterestIncome": "-339000000", "interestIncome": "None", "interestExpense": "339000000", "nonInterestIncome": "8234000000", "otherNonOperatingIncome": "-94000000", "depreciation": "115000000", "depreciationAndAmortization": "320000000", "incomeBeforeTax": "2761000000", "incomeTaxExpense": "14000000", "interestAndDebtExpense": "339000000", "netIncomeFromContinuingOperations": "2747000000", "comprehensiveIncomeNetOfTax": "2827000000", "ebit": "3100000000", "ebitda": "3420000000", "netIncome": "2747000000"}, {"fiscalDateEnding": "2018-06-30", "reportedCurrency": "USD", "grossProfit": "6344000000", "totalRevenue": "8278000000", "costOfRevenue": "1934000000", "costofGoodsAndServicesSold": "1934000000", "operatingIncome": "2762000000", "sellingGeneralAndAdministrative": "1760000000", "researchAndDevelopment": "1322000000", "operatingExpenses": "3407000000", "investmentIncomeNet": "48000000", "netInterestIncome": "-320000000", "interestIncome": "None", "interestExpense": "320000000", "nonInterestIncome": "8270000000", "otherNonOperatingIncome": "-470000000", "depreciation": "119000000", "depreciationAndAmortization": "324000000", "incomeBeforeTax": "2012000000", "incomeTaxExpense": "29000000", "interestAndDebtExpense": "320000000", "netIncomeFromContinuingOperations": "1983000000", "comprehensiveIncomeNetOfTax": "1974000000", "ebit": "2332000000", "ebitda": "2656000000", "netIncome": "1983000000"}, {"fiscalDateEnding": "2018-03-31", "reportedCurrency": "USD", "grossProfit": "6007000000", "totalRevenue": "7934000000", "costOfRevenue": "1927000000", "costofGoodsAndServicesSold": "1927000000", "operatingIncome": "2903000000", "sellingGeneralAndAdministrative": "1791000000", "researchAndDevelopment": "1313000000", "operatingExpenses": "3456000000", "investmentIncomeNet": "58000000", "netInterestIncome": "-309000000", "interestIncome": "None", "interestExpense": "309000000", "nonInterestIncome": "7926000000", "otherNonOperatingIncome": "153000000", "depreciation": "115000000", "depreciationAndAmortization": "330000000", "incomeBeforeTax": "2797000000", "incomeTaxExpense": "14000000", "interestAndDebtExpense": "309000000", "netIncomeFromContinuingOperations": "2783000000", "comprehensiveIncomeNetOfTax": "2880000000", "ebit": "3106000000", "ebitda": "3436000000", "netIncome": "2783000000"}, {"fiscalDateEnding": "2017-12-31", "reportedCurrency": "USD", "grossProfit": "5458000000", "totalRevenue": "7739000000", "costOfRevenue": "2281000000", "costofGoodsAndServicesSold": "2281000000", "operatingIncome": "1782000000", "sellingGeneralAndAdministrative": "1956000000", "researchAndDevelopment": "1714000000", "operatingExpenses": "4339000000", "investmentIncomeNet": "47000000", "netInterestIncome": "-299000000", "interestIncome": "None", "interestExpense": "299000000", "nonInterestIncome": "-320000000", "otherNonOperatingIncome": "-17000000", "depreciation": "101000000", "depreciationAndAmortization": "268000000", "incomeBeforeTax": "1193000000", "incomeTaxExpense": "1141000000", "interestAndDebtExpense": "299000000", "netIncomeFromContinuingOperations": "5459000000", "comprehensiveIncomeNetOfTax": "-62000000", "ebit": "1492000000", "ebitda": "1760000000", "netIncome": "52000000"}, {"fiscalDateEnding": "2017-09-30", "reportedCurrency": "USD", "grossProfit": "5379000000", "totalRevenue": "6995000000", "costOfRevenue": "1616000000", "costofGoodsAndServicesSold": "1616000000", "operatingIncome": "2694000000", "sellingGeneralAndAdministrative": "1457000000", "researchAndDevelopment": "1222000000", "operatingExpenses": "2949000000", "investmentIncomeNet": "41000000", "netInterestIncome": "-293000000", "interestIncome": "None", "interestExpense": "293000000", "nonInterestIncome": "-9000000", "otherNonOperatingIncome": "-338000000", "depreciation": "111000000", "depreciationAndAmortization": "268000000", "incomeBeforeTax": "2095000000", "incomeTaxExpense": "464000000", "interestAndDebtExpense": "293000000", "netIncomeFromContinuingOperations": "1631000000", "comprehensiveIncomeNetOfTax": "1566000000", "ebit": "2388000000", "ebitda": "2656000000", "netIncome": "1631000000"}, {"fiscalDateEnding": "2017-06-30", "reportedCurrency": "USD", "grossProfit": "5415000000", "totalRevenue": "6944000000", "costOfRevenue": "1529000000", "costofGoodsAndServicesSold": "1528000000", "operatingIncome": "2662000000", "sellingGeneralAndAdministrative": "1509000000", "researchAndDevelopment": "1238000000", "operatingExpenses": "3022000000", "investmentIncomeNet": "31000000", "netInterestIncome": "-284000000", "interestIncome": "None", "interestExpense": "284000000", "nonInterestIncome": "-6000000", "otherNonOperatingIncome": "-50000000", "depreciation": "110000000", "depreciationAndAmortization": "269000000", "incomeBeforeTax": "2353000000", "incomeTaxExpense": "438000000", "interestAndDebtExpense": "284000000", "netIncomeFromContinuingOperations": "1915000000", "comprehensiveIncomeNetOfTax": "1909000000", "ebit": "2637000000", "ebitda": "2906000000", "netIncome": "1915000000"}, {"fiscalDateEnding": "2017-03-31", "reportedCurrency": "USD", "grossProfit": "4922000000", "totalRevenue": "6538000000", "costOfRevenue": "1616000000", "costofGoodsAndServicesSold": "1616000000", "operatingIncome": "2407000000", "sellingGeneralAndAdministrative": "1373000000", "researchAndDevelopment": "1135000000", "operatingExpenses": "2790000000", "investmentIncomeNet": "26000000", "netInterestIncome": "-273000000", "interestIncome": "None", "interestExpense": "273000000", "nonInterestIncome": "-13000000", "otherNonOperatingIncome": "-61000000", "depreciation": "103000000", "depreciationAndAmortization": "271000000", "incomeBeforeTax": "2086000000", "incomeTaxExpense": "375000000", "interestAndDebtExpense": "273000000", "netIncomeFromContinuingOperations": "1711000000", "comprehensiveIncomeNetOfTax": "1755000000", "ebit": "2359000000", "ebitda": "2630000000", "netIncome": "1711000000"}, {"fiscalDateEnding": "2016-12-31", "reportedCurrency": "USD", "grossProfit": "5241000000", "totalRevenue": "6796000000", "costOfRevenue": "1555000000", "costofGoodsAndServicesSold": "1554000000", "operatingIncome": "2314000000", "sellingGeneralAndAdministrative": "1679000000", "researchAndDevelopment": "1230000000", "operatingExpenses": "3110000000", "investmentIncomeNet": "26000000", "netInterestIncome": "-316000000", "interestIncome": "None", "interestExpense": "316000000", "nonInterestIncome": "10000000", "otherNonOperatingIncome": "-36000000", "depreciation": "118000000", "depreciationAndAmortization": "210000000", "incomeBeforeTax": "1998000000", "incomeTaxExpense": "607000000", "interestAndDebtExpense": "316000000", "netIncomeFromContinuingOperations": "5241000000", "comprehensiveIncomeNetOfTax": "1145000000", "ebit": "2314000000", "ebitda": "2524000000", "netIncome": "1391000000"}]}