{"symbol": "ADBE", "annualReports": [{"fiscalDateEnding": "2020-11-27", "reportedCurrency": "USD", "grossProfit": "11146000000", "totalRevenue": "12868000000", "costOfRevenue": "1722000000", "costofGoodsAndServicesSold": "205000000", "operatingIncome": "4237000000", "sellingGeneralAndAdministrative": "4559000000", "researchAndDevelopment": "2188000000", "operatingExpenses": "6909000000", "investmentIncomeNet": "43000000", "netInterestIncome": "-116000000", "interestIncome": "43000000", "interestExpense": "116000000", "nonInterestIncome": "-2000000", "otherNonOperatingIncome": "42000000", "depreciation": "None", "depreciationAndAmortization": "559000000", "incomeBeforeTax": "4176000000", "incomeTaxExpense": "-1084000000", "interestAndDebtExpense": "116000000", "netIncomeFromContinuingOperations": "5260000000", "comprehensiveIncomeNetOfTax": "5290000000", "ebit": "4292000000", "ebitda": "4851000000", "netIncome": "5260000000"}, {"fiscalDateEnding": "2019-11-29", "reportedCurrency": "USD", "grossProfit": "9498000000", "totalRevenue": "11171000000", "costOfRevenue": "1673000000", "costofGoodsAndServicesSold": "227000000", "operatingIncome": "3268000000", "sellingGeneralAndAdministrative": "4124984000", "researchAndDevelopment": "1930228000", "operatingExpenses": "6230000000", "investmentIncomeNet": "68321000", "netInterestIncome": "-157214000", "interestIncome": "-214000", "interestExpense": "157000000", "nonInterestIncome": "-26252000", "otherNonOperatingIncome": "42255000", "depreciation": "None", "depreciationAndAmortization": "575400000", "incomeBeforeTax": "3205000000", "incomeTaxExpense": "254000000", "interestAndDebtExpense": "157214000", "netIncomeFromContinuingOperations": "2951458000", "comprehensiveIncomeNetOfTax": "2911000000", "ebit": "3362000000", "ebitda": "3937400000", "netIncome": "2951000000"}, {"fiscalDateEnding": "2018-11-30", "reportedCurrency": "USD", "grossProfit": "7835000000", "totalRevenue": "9030000000", "costOfRevenue": "1195000000", "costofGoodsAndServicesSold": "91300000", "operatingIncome": "2840000000", "sellingGeneralAndAdministrative": "3365727000", "researchAndDevelopment": "1537812000", "operatingExpenses": "4995000000", "investmentIncomeNet": "92540000", "netInterestIncome": "-89242000", "interestIncome": "-242000", "interestExpense": "89000000", "nonInterestIncome": "-42612000", "otherNonOperatingIncome": "39536000", "depreciation": "None", "depreciationAndAmortization": "339700000", "incomeBeforeTax": "2794000000", "incomeTaxExpense": "203000000", "interestAndDebtExpense": "89242000", "netIncomeFromContinuingOperations": "2590774000", "comprehensiveIncomeNetOfTax": "2555000000", "ebit": "2883000000", "ebitda": "3222700000", "netIncome": "2591000000"}, {"fiscalDateEnding": "2017-12-01", "reportedCurrency": "USD", "grossProfit": "6291014000", "totalRevenue": "7301505000", "costOfRevenue": "1010491000", "costofGoodsAndServicesSold": "76100000", "operatingIncome": "2168095000", "sellingGeneralAndAdministrative": "2822298000", "researchAndDevelopment": "1224059000", "operatingExpenses": "4122919000", "investmentIncomeNet": "66069000", "netInterestIncome": "-74402000", "interestIncome": "66069000", "interestExpense": "74402000", "nonInterestIncome": "-30705000", "otherNonOperatingIncome": "83000", "depreciation": "None", "depreciationAndAmortization": "310500000", "incomeBeforeTax": "2137641000", "incomeTaxExpense": "443687000", "interestAndDebtExpense": "74402000", "netIncomeFromContinuingOperations": "1693954000", "comprehensiveIncomeNetOfTax": "1755735000", "ebit": "2212043000", "ebitda": "2522543000", "netIncome": "1693954000"}, {"fiscalDateEnding": "2016-12-02", "reportedCurrency": "USD", "grossProfit": "5034522000", "totalRevenue": "5854430000", "costOfRevenue": "819908000", "costofGoodsAndServicesSold": "819908000", "operatingIncome": "1493602000", "sellingGeneralAndAdministrative": "2486399000", "researchAndDevelopment": "975987000", "operatingExpenses": "3540920000", "investmentIncomeNet": "47340000", "netInterestIncome": "-70442000", "interestIncome": "47340000", "interestExpense": "70442000", "nonInterestIncome": "-35716000", "otherNonOperatingIncome": "29000", "depreciation": "None", "depreciationAndAmortization": "310000000", "incomeBeforeTax": "1435138000", "incomeTaxExpense": "266356000", "interestAndDebtExpense": "70442000", "netIncomeFromContinuingOperations": "1168782000", "comprehensiveIncomeNetOfTax": "1164260000", "ebit": "1505580000", "ebitda": "1815580000", "netIncome": "1168782000"}], "quarterlyReports": [{"fiscalDateEnding": "2021-09-03", "reportedCurrency": "USD", "grossProfit": "3468000000", "totalRevenue": "3935000000", "costOfRevenue": "467000000", "costofGoodsAndServicesSold": "40000000", "operatingIncome": "1441000000", "sellingGeneralAndAdministrative": "1333000000", "researchAndDevelopment": "651000000", "operatingExpenses": "2027000000", "investmentIncomeNet": "None", "netInterestIncome": "-27000000", "interestIncome": "None", "interestExpense": "27000000", "nonInterestIncome": "None", "otherNonOperatingIncome": "-3000000", "depreciation": "None", "depreciationAndAmortization": "83000000", "incomeBeforeTax": "1418000000", "incomeTaxExpense": "206000000", "interestAndDebtExpense": "27000000", "netIncomeFromContinuingOperations": "1212000000", "comprehensiveIncomeNetOfTax": "1202000000", "ebit": "1445000000", "ebitda": "1528000000", "netIncome": "1212000000"}, {"fiscalDateEnding": "2021-06-04", "reportedCurrency": "USD", "grossProfit": "3391000000", "totalRevenue": "3835000000", "costOfRevenue": "444000000", "costofGoodsAndServicesSold": "44000000", "operatingIncome": "1406000000", "sellingGeneralAndAdministrative": "1329000000", "researchAndDevelopment": "612000000", "operatingExpenses": "1985000000", "investmentIncomeNet": "None", "netInterestIncome": "-28000000", "interestIncome": "None", "interestExpense": "28000000", "nonInterestIncome": "None", "otherNonOperatingIncome": "0", "depreciation": "None", "depreciationAndAmortization": "88000000", "incomeBeforeTax": "1386000000", "incomeTaxExpense": "270000000", "interestAndDebtExpense": "28000000", "netIncomeFromContinuingOperations": "1116000000", "comprehensiveIncomeNetOfTax": "1136000000", "ebit": "1414000000", "ebitda": "1502000000", "netIncome": "1116000000"}, {"fiscalDateEnding": "2021-03-05", "reportedCurrency": "USD", "grossProfit": "3458000000", "totalRevenue": "3905000000", "costOfRevenue": "447000000", "costofGoodsAndServicesSold": "447000000", "operatingIncome": "1454000000", "sellingGeneralAndAdministrative": "290000000", "researchAndDevelopment": "620000000", "operatingExpenses": "2004000000", "investmentIncomeNet": "None", "netInterestIncome": "-30000000", "interestIncome": "None", "interestExpense": "30000000", "nonInterestIncome": "None", "otherNonOperatingIncome": "9000000", "depreciation": "None", "depreciationAndAmortization": "196000000", "incomeBeforeTax": "1433000000", "incomeTaxExpense": "172000000", "interestAndDebtExpense": "None", "netIncomeFromContinuingOperations": "1261000000", "comprehensiveIncomeNetOfTax": "1278000000", "ebit": "1463000000", "ebitda": "1659000000", "netIncome": "1261000000"}, {"fiscalDateEnding": "2020-11-27", "reportedCurrency": "USD", "grossProfit": "2996000000", "totalRevenue": "3424000000", "costOfRevenue": "428000000", "costofGoodsAndServicesSold": "47000000", "operatingIncome": "1215000000", "sellingGeneralAndAdministrative": "1184000000", "researchAndDevelopment": "558000000", "operatingExpenses": "1781000000", "investmentIncomeNet": "6000000", "netInterestIncome": "-27000000", "interestIncome": "6000000", "interestExpense": "27000000", "nonInterestIncome": "-3000000", "otherNonOperatingIncome": "3000000", "depreciation": "None", "depreciationAndAmortization": "278000000", "incomeBeforeTax": "1197000000", "incomeTaxExpense": "-1053000000", "interestAndDebtExpense": "27000000", "netIncomeFromContinuingOperations": "1197000000", "comprehensiveIncomeNetOfTax": "2245000000", "ebit": "1224000000", "ebitda": "1502000000", "netIncome": "2250000000"}, {"fiscalDateEnding": "2020-08-28", "reportedCurrency": "USD", "grossProfit": "2798000000", "totalRevenue": "3225000000", "costOfRevenue": "427000000", "costofGoodsAndServicesSold": "51000000", "operatingIncome": "1069000000", "sellingGeneralAndAdministrative": "1122000000", "researchAndDevelopment": "566000000", "operatingExpenses": "1729000000", "investmentIncomeNet": "7000000", "netInterestIncome": "-28000000", "interestIncome": "7000000", "interestExpense": "28000000", "nonInterestIncome": "1000000", "otherNonOperatingIncome": "9000000", "depreciation": "None", "depreciationAndAmortization": "92000000", "incomeBeforeTax": "1060000000", "incomeTaxExpense": "105000000", "interestAndDebtExpense": "28000000", "netIncomeFromContinuingOperations": "955000000", "comprehensiveIncomeNetOfTax": "997000000", "ebit": "1088000000", "ebitda": "1180000000", "netIncome": "955000000"}, {"fiscalDateEnding": "2020-05-29", "reportedCurrency": "USD", "grossProfit": "2713000000", "totalRevenue": "3128000000", "costOfRevenue": "415000000", "costofGoodsAndServicesSold": "52000000", "operatingIncome": "1016000000", "sellingGeneralAndAdministrative": "1125000000", "researchAndDevelopment": "532000000", "operatingExpenses": "1697000000", "investmentIncomeNet": "11000000", "netInterestIncome": "-28000000", "interestIncome": "11000000", "interestExpense": "28000000", "nonInterestIncome": "1000000", "otherNonOperatingIncome": "12000000", "depreciation": "None", "depreciationAndAmortization": "92000000", "incomeBeforeTax": "1000000000", "incomeTaxExpense": "-100000000", "interestAndDebtExpense": "28000000", "netIncomeFromContinuingOperations": "1100000000", "comprehensiveIncomeNetOfTax": "1094000000", "ebit": "1028000000", "ebitda": "1120000000", "netIncome": "1100000000"}, {"fiscalDateEnding": "2020-02-28", "reportedCurrency": "USD", "grossProfit": "2639000000", "totalRevenue": "3091000000", "costOfRevenue": "452000000", "costofGoodsAndServicesSold": "54000000", "operatingIncome": "937000000", "sellingGeneralAndAdministrative": "1128000000", "researchAndDevelopment": "532000000", "operatingExpenses": "1702000000", "investmentIncomeNet": "19000000", "netInterestIncome": "-33000000", "interestIncome": "19000000", "interestExpense": "33000000", "nonInterestIncome": "-1000000", "otherNonOperatingIncome": "18000000", "depreciation": "None", "depreciationAndAmortization": "96000000", "incomeBeforeTax": "919000000", "incomeTaxExpense": "-36000000", "interestAndDebtExpense": "33000000", "netIncomeFromContinuingOperations": "955000000", "comprehensiveIncomeNetOfTax": "954000000", "ebit": "952000000", "ebitda": "1048000000", "netIncome": "955000000"}, {"fiscalDateEnding": "2019-11-29", "reportedCurrency": "USD", "grossProfit": "2540000000", "totalRevenue": "2992000000", "costOfRevenue": "452000000", "costofGoodsAndServicesSold": "54800000", "operatingIncome": "970000000", "sellingGeneralAndAdministrative": "1027526000", "researchAndDevelopment": "499806000", "operatingExpenses": "1570000000", "investmentIncomeNet": "18212000", "netInterestIncome": "-36515000", "interestIncome": "-515000", "interestExpense": "36000000", "nonInterestIncome": "588000", "otherNonOperatingIncome": "18255000", "depreciation": "None", "depreciationAndAmortization": "270700000", "incomeBeforeTax": "958000000", "incomeTaxExpense": "106000000", "interestAndDebtExpense": "36515000", "netIncomeFromContinuingOperations": "957147000", "comprehensiveIncomeNetOfTax": "857000000", "ebit": "994000000", "ebitda": "1264700000", "netIncome": "852000000"}, {"fiscalDateEnding": "2019-08-30", "reportedCurrency": "USD", "grossProfit": "2418000000", "totalRevenue": "2834000000", "costOfRevenue": "416000000", "costofGoodsAndServicesSold": "58800000", "operatingIncome": "854000000", "sellingGeneralAndAdministrative": "1031570000", "researchAndDevelopment": "489827000", "operatingExpenses": "1564000000", "investmentIncomeNet": "17760000", "netInterestIncome": "-39529000", "interestIncome": "471000", "interestExpense": "40000000", "nonInterestIncome": "-1292000", "otherNonOperatingIncome": "17000000", "depreciation": "None", "depreciationAndAmortization": "101800000", "incomeBeforeTax": "835000000", "incomeTaxExpense": "42000000", "interestAndDebtExpense": "39529000", "netIncomeFromContinuingOperations": "792763000", "comprehensiveIncomeNetOfTax": "743000000", "ebit": "875000000", "ebitda": "976800000", "netIncome": "793000000"}, {"fiscalDateEnding": "2019-05-31", "reportedCurrency": "USD", "grossProfit": "2337000000", "totalRevenue": "2744000000", "costOfRevenue": "407000000", "costofGoodsAndServicesSold": "55400000", "operatingIncome": "750000000", "sellingGeneralAndAdministrative": "1068261000", "researchAndDevelopment": "475958000", "operatingExpenses": "1587000000", "investmentIncomeNet": "16278000", "netInterestIncome": "-40577000", "interestIncome": "-577000", "interestExpense": "40000000", "nonInterestIncome": "-13692000", "otherNonOperatingIncome": "2558000", "depreciation": "None", "depreciationAndAmortization": "98400000", "incomeBeforeTax": "711000000", "incomeTaxExpense": "78000000", "interestAndDebtExpense": "40577000", "netIncomeFromContinuingOperations": "632593000", "comprehensiveIncomeNetOfTax": "639000000", "ebit": "751000000", "ebitda": "849400000", "netIncome": "633000000"}, {"fiscalDateEnding": "2019-03-01", "reportedCurrency": "USD", "grossProfit": "2204000000", "totalRevenue": "2601000000", "costOfRevenue": "397000000", "costofGoodsAndServicesSold": "58000000", "operatingIncome": "695000000", "sellingGeneralAndAdministrative": "997000000", "researchAndDevelopment": "465000000", "operatingExpenses": "1509000000", "investmentIncomeNet": "16000000", "netInterestIncome": "-41000000", "interestIncome": "16071000", "interestExpense": "41000000", "nonInterestIncome": "-12000000", "otherNonOperatingIncome": "4000000", "depreciation": "None", "depreciationAndAmortization": "105000000", "incomeBeforeTax": "702000000", "incomeTaxExpense": "28000000", "interestAndDebtExpense": "41000000", "netIncomeFromContinuingOperations": "702334000", "comprehensiveIncomeNetOfTax": "672000000", "ebit": "743000000", "ebitda": "848000000", "netIncome": "674000000"}, {"fiscalDateEnding": "2018-11-30", "reportedCurrency": "USD", "grossProfit": "2105364000", "totalRevenue": "2464625000", "costOfRevenue": "359262000", "costofGoodsAndServicesSold": "-744438000", "operatingIncome": "720177000", "sellingGeneralAndAdministrative": "935928000", "researchAndDevelopment": "415958000", "operatingExpenses": "1385178000", "investmentIncomeNet": "22578000", "netInterestIncome": "-27873000", "interestIncome": "-242000", "interestExpense": "27631000", "nonInterestIncome": "-12152000", "otherNonOperatingIncome": "9657000", "depreciation": "None", "depreciationAndAmortization": "224200000", "incomeBeforeTax": "699115000", "incomeTaxExpense": "20875000", "interestAndDebtExpense": "27873000", "netIncomeFromContinuingOperations": "699217000", "comprehensiveIncomeNetOfTax": "658693000", "ebit": "726746000", "ebitda": "950946000", "netIncome": "678240000"}, {"fiscalDateEnding": "2018-08-31", "reportedCurrency": "USD", "grossProfit": "1995584000", "totalRevenue": "2291076000", "costOfRevenue": "295492000", "costofGoodsAndServicesSold": "295492000", "operatingIncome": "718606000", "sellingGeneralAndAdministrative": "854147000", "researchAndDevelopment": "398957000", "operatingExpenses": "1276978000", "investmentIncomeNet": "21561000", "netInterestIncome": "-21107000", "interestIncome": "None", "interestExpense": "21107000", "nonInterestIncome": "-10349000", "otherNonOperatingIncome": "1608000", "depreciation": "None", "depreciationAndAmortization": "47000000", "incomeBeforeTax": "701358000", "incomeTaxExpense": "35067000", "interestAndDebtExpense": "21107000", "netIncomeFromContinuingOperations": "666291000", "comprehensiveIncomeNetOfTax": "667473000", "ebit": "722465000", "ebitda": "769465000", "netIncome": "666291000"}, {"fiscalDateEnding": "2018-06-01", "reportedCurrency": "USD", "grossProfit": "1914016000", "totalRevenue": "2195360000", "costOfRevenue": "281344000", "costofGoodsAndServicesSold": "17400000", "operatingIncome": "698484000", "sellingGeneralAndAdministrative": "824255000", "researchAndDevelopment": "374128000", "operatingExpenses": "1215532000", "investmentIncomeNet": "25771000", "netInterestIncome": "-20363000", "interestIncome": "None", "interestExpense": "20363000", "nonInterestIncome": "-14222000", "otherNonOperatingIncome": "11599000", "depreciation": "None", "depreciationAndAmortization": "34600000", "incomeBeforeTax": "690799000", "incomeTaxExpense": "27632000", "interestAndDebtExpense": "20363000", "netIncomeFromContinuingOperations": "690799000", "comprehensiveIncomeNetOfTax": "643876000", "ebit": "711162000", "ebitda": "745762000", "netIncome": "663167000"}, {"fiscalDateEnding": "2018-03-02", "reportedCurrency": "USD", "grossProfit": "1820045000", "totalRevenue": "2078947000", "costOfRevenue": "258902000", "costofGoodsAndServicesSold": "16700000", "operatingIncome": "702733000", "sellingGeneralAndAdministrative": "751397000", "researchAndDevelopment": "348769000", "operatingExpenses": "1117312000", "investmentIncomeNet": "22630000", "netInterestIncome": "-19899000", "interestIncome": "None", "interestExpense": "19899000", "nonInterestIncome": "-5889000", "otherNonOperatingIncome": "52000", "depreciation": "None", "depreciationAndAmortization": "33900000", "incomeBeforeTax": "702502000", "incomeTaxExpense": "119426000", "interestAndDebtExpense": "19899000", "netIncomeFromContinuingOperations": "702502000", "comprehensiveIncomeNetOfTax": "584958000", "ebit": "722401000", "ebitda": "756301000", "netIncome": "583076000"}, {"fiscalDateEnding": "2017-12-01", "reportedCurrency": "USD", "grossProfit": "1735723000", "totalRevenue": "2006595000", "costOfRevenue": "270872000", "costofGoodsAndServicesSold": "-663519000", "operatingIncome": "649340000", "sellingGeneralAndAdministrative": "743671000", "researchAndDevelopment": "324026000", "operatingExpenses": "1086383000", "investmentIncomeNet": "19516000", "netInterestIncome": "-19116000", "interestIncome": "None", "interestExpense": "19116000", "nonInterestIncome": "-9085000", "otherNonOperatingIncome": "11000", "depreciation": "None", "depreciationAndAmortization": "194200000", "incomeBeforeTax": "643012000", "incomeTaxExpense": "141463000", "interestAndDebtExpense": "19116000", "netIncomeFromContinuingOperations": "643012000", "comprehensiveIncomeNetOfTax": "488358000", "ebit": "662128000", "ebitda": "856328000", "netIncome": "501549000"}, {"fiscalDateEnding": "2017-09-01", "reportedCurrency": "USD", "grossProfit": "1578152000", "totalRevenue": "1841074000", "costOfRevenue": "262922000", "costofGoodsAndServicesSold": "262922000", "operatingIncome": "545674000", "sellingGeneralAndAdministrative": "697495000", "researchAndDevelopment": "315555000", "operatingExpenses": "1032478000", "investmentIncomeNet": "17180000", "netInterestIncome": "-18809000", "interestIncome": "None", "interestExpense": "18809000", "nonInterestIncome": "-4140000", "otherNonOperatingIncome": "11000", "depreciation": "None", "depreciationAndAmortization": "39100000", "incomeBeforeTax": "541379000", "incomeTaxExpense": "121810000", "interestAndDebtExpense": "18809000", "netIncomeFromContinuingOperations": "541379000", "comprehensiveIncomeNetOfTax": "467691000", "ebit": "560188000", "ebitda": "599288000", "netIncome": "419569000"}, {"fiscalDateEnding": "2017-06-02", "reportedCurrency": "USD", "grossProfit": "1532830000", "totalRevenue": "1772190000", "costOfRevenue": "239360000", "costofGoodsAndServicesSold": "239360000", "operatingIncome": "504082000", "sellingGeneralAndAdministrative": "710027000", "researchAndDevelopment": "299401000", "operatingExpenses": "1028748000", "investmentIncomeNet": "15216000", "netInterestIncome": "-18347000", "interestIncome": "None", "interestExpense": "18347000", "nonInterestIncome": "-10349000", "otherNonOperatingIncome": "41000", "depreciation": "None", "depreciationAndAmortization": "39100000", "incomeBeforeTax": "492618000", "incomeTaxExpense": "118228000", "interestAndDebtExpense": "18347000", "netIncomeFromContinuingOperations": "492618000", "comprehensiveIncomeNetOfTax": "413046000", "ebit": "510965000", "ebitda": "550065000", "netIncome": "374390000"}, {"fiscalDateEnding": "2017-03-03", "reportedCurrency": "USD", "grossProfit": "1444309000", "totalRevenue": "1681646000", "costOfRevenue": "237337000", "costofGoodsAndServicesSold": "237337000", "operatingIncome": "468999000", "sellingGeneralAndAdministrative": "671105000", "researchAndDevelopment": "285077000", "operatingExpenses": "975310000", "investmentIncomeNet": "14157000", "netInterestIncome": "-18130000", "interestIncome": "None", "interestExpense": "18130000", "nonInterestIncome": "-7131000", "otherNonOperatingIncome": "20000", "depreciation": "None", "depreciationAndAmortization": "38100000", "incomeBeforeTax": "460632000", "incomeTaxExpense": "62186000", "interestAndDebtExpense": "18130000", "netIncomeFromContinuingOperations": "460632000", "comprehensiveIncomeNetOfTax": "386639000", "ebit": "478762000", "ebitda": "516862000", "netIncome": "398446000"}, {"fiscalDateEnding": "2016-12-02", "reportedCurrency": "USD", "grossProfit": "1391863000", "totalRevenue": "1608419000", "costOfRevenue": "216556000", "costofGoodsAndServicesSold": "216556000", "operatingIncome": "472280000", "sellingGeneralAndAdministrative": "643234000", "researchAndDevelopment": "257849000", "operatingExpenses": "919583000", "investmentIncomeNet": "13330000", "netInterestIncome": "-17518000", "interestIncome": "None", "interestExpense": "17518000", "nonInterestIncome": "-12711000", "otherNonOperatingIncome": "21000", "depreciation": "None", "depreciationAndAmortization": "194600000", "incomeBeforeTax": "456700000", "incomeTaxExpense": "57087000", "interestAndDebtExpense": "17518000", "netIncomeFromContinuingOperations": "456700000", "comprehensiveIncomeNetOfTax": "360122000", "ebit": "474218000", "ebitda": "668818000", "netIncome": "399613000"}]}