{"symbol": "ADI", "annualReports": [{"fiscalDateEnding": "2020-10-31", "reportedCurrency": "USD", "grossProfit": "3690478000", "totalRevenue": "5409751000", "costOfRevenue": "3201986000", "costofGoodsAndServicesSold": "1912578000", "operatingIncome": "1498244000", "sellingGeneralAndAdministrative": "659923000", "researchAndDevelopment": "1050519000", "operatingExpenses": "2192234000", "investmentIncomeNet": "4305000", "netInterestIncome": "-193305000", "interestIncome": "4305000", "interestExpense": "193305000", "nonInterestIncome": "5603056000", "otherNonOperatingIncome": "2373000", "depreciation": "233775000", "depreciationAndAmortization": "577148000", "incomeBeforeTax": "1311617000", "incomeTaxExpense": "90856000", "interestAndDebtExpense": "193305000", "netIncomeFromContinuingOperations": "1220761000", "comprehensiveIncomeNetOfTax": "1161478000", "ebit": "1504922000", "ebitda": "2082070000", "netIncome": "1220761000"}, {"fiscalDateEnding": "2019-11-02", "reportedCurrency": "USD", "grossProfit": "4013750000", "totalRevenue": "5761990000", "costOfRevenue": "3291642000", "costofGoodsAndServicesSold": "1977315000", "operatingIncome": "1710608000", "sellingGeneralAndAdministrative": "648094000", "researchAndDevelopment": "1130348000", "operatingExpenses": "2303142000", "investmentIncomeNet": "10229000", "netInterestIncome": "-229075000", "interestIncome": "10229000", "interestExpense": "229075000", "nonInterestIncome": "5991065000", "otherNonOperatingIncome": "-6034000", "depreciation": "240677000", "depreciationAndAmortization": "570574000", "incomeBeforeTax": "1485728000", "incomeTaxExpense": "122717000", "interestAndDebtExpense": "229075000", "netIncomeFromContinuingOperations": "1363011000", "comprehensiveIncomeNetOfTax": "1233652000", "ebit": "1714803000", "ebitda": "2285377000", "netIncome": "1363011000"}, {"fiscalDateEnding": "2018-11-03", "reportedCurrency": "USD", "grossProfit": "4250396000", "totalRevenue": "6200942000", "costOfRevenue": "1950546000", "costofGoodsAndServicesSold": "1974293000", "operatingIncome": "1899589000", "sellingGeneralAndAdministrative": "695540000", "researchAndDevelopment": "1165047000", "operatingExpenses": "2350807000", "investmentIncomeNet": "9383000", "netInterestIncome": "-253589000", "interestIncome": "9383000", "interestExpense": "253589000", "nonInterestIncome": "6224689000", "otherNonOperatingIncome": "-69000", "depreciation": "228525000", "depreciationAndAmortization": "570538000", "incomeBeforeTax": "1655314000", "incomeTaxExpense": "148334000", "interestAndDebtExpense": "253589000", "netIncomeFromContinuingOperations": "1506980000", "comprehensiveIncomeNetOfTax": "1509899000", "ebit": "1908903000", "ebitda": "2479441000", "netIncome": "1506980000"}, {"fiscalDateEnding": "2017-10-28", "reportedCurrency": "USD", "grossProfit": "3168241000", "totalRevenue": "5107503000", "costOfRevenue": "1939262000", "costofGoodsAndServicesSold": "2078113000", "operatingIncome": "1162761000", "sellingGeneralAndAdministrative": "690533000", "researchAndDevelopment": "968133000", "operatingExpenses": "2005480000", "investmentIncomeNet": "30333000", "netInterestIncome": "-250840000", "interestIncome": "30333000", "interestExpense": "250840000", "nonInterestIncome": "0", "otherNonOperatingIncome": "-7507000", "depreciation": "194666000", "depreciationAndAmortization": "389393000", "incomeBeforeTax": "934747000", "incomeTaxExpense": "129368000", "interestAndDebtExpense": "250840000", "netIncomeFromContinuingOperations": "727259000", "comprehensiveIncomeNetOfTax": "817834000", "ebit": "1185587000", "ebitda": "1574980000", "netIncome": "805379000"}, {"fiscalDateEnding": "2016-10-29", "reportedCurrency": "USD", "grossProfit": "2227173000", "totalRevenue": "3421409000", "costOfRevenue": "1194236000", "costofGoodsAndServicesSold": "1194236000", "operatingIncome": "1028112000", "sellingGeneralAndAdministrative": "461438000", "researchAndDevelopment": "653816000", "operatingExpenses": "1199061000", "investmentIncomeNet": "21221000", "netInterestIncome": "-88757000", "interestIncome": "21221000", "interestExpense": "88757000", "nonInterestIncome": "-3300000", "otherNonOperatingIncome": "-3655000", "depreciation": "134540000", "depreciationAndAmortization": "75250000", "incomeBeforeTax": "956921000", "incomeTaxExpense": "95257000", "interestAndDebtExpense": "92057000", "netIncomeFromContinuingOperations": "861664000", "comprehensiveIncomeNetOfTax": "838701000", "ebit": "1045678000", "ebitda": "1120928000", "netIncome": "861664000"}], "quarterlyReports": [{"fiscalDateEnding": "2021-07-31", "reportedCurrency": "USD", "grossProfit": "1221184000", "totalRevenue": "1758853000", "costOfRevenue": "537669000", "costofGoodsAndServicesSold": "537669000", "operatingIncome": "609646000", "sellingGeneralAndAdministrative": "206076000", "researchAndDevelopment": "306617000", "operatingExpenses": "611538000", "investmentIncomeNet": "300000", "netInterestIncome": "-44659000", "interestIncome": "300000", "interestExpense": "44659000", "nonInterestIncome": "1758853000", "otherNonOperatingIncome": "6991000", "depreciation": "50162000", "depreciationAndAmortization": "196151000", "incomeBeforeTax": "572278000", "incomeTaxExpense": "68967000", "interestAndDebtExpense": "44659000", "netIncomeFromContinuingOperations": "503311000", "comprehensiveIncomeNetOfTax": "461283000", "ebit": "616937000", "ebitda": "813088000", "netIncome": "503311000"}, {"fiscalDateEnding": "2021-05-01", "reportedCurrency": "USD", "grossProfit": "1136637000", "totalRevenue": "1661407000", "costOfRevenue": "524770000", "costofGoodsAndServicesSold": "524770000", "operatingIncome": "519690000", "sellingGeneralAndAdministrative": "206612000", "researchAndDevelopment": "302238000", "operatingExpenses": "616947000", "investmentIncomeNet": "290000", "netInterestIncome": "-43066000", "interestIncome": "290000", "interestExpense": "43066000", "nonInterestIncome": "1661407000", "otherNonOperatingIncome": "-929000", "depreciation": "52466000", "depreciationAndAmortization": "145701000", "incomeBeforeTax": "475985000", "incomeTaxExpense": "53080000", "interestAndDebtExpense": "43066000", "netIncomeFromContinuingOperations": "422905000", "comprehensiveIncomeNetOfTax": "458491000", "ebit": "519051000", "ebitda": "664752000", "netIncome": "422905000"}, {"fiscalDateEnding": "2021-01-30", "reportedCurrency": "USD", "grossProfit": "1045371000", "totalRevenue": "1558458000", "costOfRevenue": "513087000", "costofGoodsAndServicesSold": "513087000", "operatingIncome": "463860000", "sellingGeneralAndAdministrative": "185275000", "researchAndDevelopment": "288150000", "operatingExpenses": "581511000", "investmentIncomeNet": "209000", "netInterestIncome": "-42479000", "interestIncome": "209000", "interestExpense": "42479000", "nonInterestIncome": "1558458000", "otherNonOperatingIncome": "15028000", "depreciation": "56309000", "depreciationAndAmortization": "145044000", "incomeBeforeTax": "436618000", "incomeTaxExpense": "48099000", "interestAndDebtExpense": "42479000", "netIncomeFromContinuingOperations": "388519000", "comprehensiveIncomeNetOfTax": "419479000", "ebit": "479097000", "ebitda": "624141000", "netIncome": "388519000"}, {"fiscalDateEnding": "2020-10-31", "reportedCurrency": "USD", "grossProfit": "1023084000", "totalRevenue": "2815703000", "costOfRevenue": "1792619000", "costofGoodsAndServicesSold": "503211000", "operatingIncome": "461672000", "sellingGeneralAndAdministrative": "165115000", "researchAndDevelopment": "280239000", "operatingExpenses": "561412000", "investmentIncomeNet": "527000", "netInterestIncome": "-48593000", "interestIncome": "527000", "interestExpense": "48593000", "nonInterestIncome": "1526295000", "otherNonOperatingIncome": "3704000", "depreciation": "57053000", "depreciationAndAmortization": "145163000", "incomeBeforeTax": "417310000", "incomeTaxExpense": "30784000", "interestAndDebtExpense": "48593000", "netIncomeFromContinuingOperations": "386526000", "comprehensiveIncomeNetOfTax": "409994000", "ebit": "465903000", "ebitda": "611066000", "netIncome": "386526000"}, {"fiscalDateEnding": "2020-08-01", "reportedCurrency": "USD", "grossProfit": "972578000", "totalRevenue": "1456136000", "costOfRevenue": "483558000", "costofGoodsAndServicesSold": "483558000", "operatingIncome": "419124000", "sellingGeneralAndAdministrative": "153753000", "researchAndDevelopment": "260794000", "operatingExpenses": "553454000", "investmentIncomeNet": "504000", "netInterestIncome": "-45914000", "interestIncome": "504000", "interestExpense": "45914000", "nonInterestIncome": "1456136000", "otherNonOperatingIncome": "-685000", "depreciation": "57598000", "depreciationAndAmortization": "143865000", "incomeBeforeTax": "373029000", "incomeTaxExpense": "10364000", "interestAndDebtExpense": "45914000", "netIncomeFromContinuingOperations": "362665000", "comprehensiveIncomeNetOfTax": "366738000", "ebit": "418943000", "ebitda": "562808000", "netIncome": "362665000"}, {"fiscalDateEnding": "2020-05-02", "reportedCurrency": "USD", "grossProfit": "846674000", "totalRevenue": "1317060000", "costOfRevenue": "470386000", "costofGoodsAndServicesSold": "470386000", "operatingIncome": "344020000", "sellingGeneralAndAdministrative": "141775000", "researchAndDevelopment": "252413000", "operatingExpenses": "502654000", "investmentIncomeNet": "1334000", "netInterestIncome": "-49985000", "interestIncome": "1334000", "interestExpense": "49985000", "nonInterestIncome": "1317060000", "otherNonOperatingIncome": "-308000", "depreciation": "59261000", "depreciationAndAmortization": "144051000", "incomeBeforeTax": "295061000", "incomeTaxExpense": "27365000", "interestAndDebtExpense": "49985000", "netIncomeFromContinuingOperations": "267696000", "comprehensiveIncomeNetOfTax": "192841000", "ebit": "345046000", "ebitda": "489097000", "netIncome": "267696000"}, {"fiscalDateEnding": "2020-02-01", "reportedCurrency": "USD", "grossProfit": "848142000", "totalRevenue": "1303565000", "costOfRevenue": "455423000", "costofGoodsAndServicesSold": "455423000", "operatingIncome": "273428000", "sellingGeneralAndAdministrative": "199280000", "researchAndDevelopment": "257073000", "operatingExpenses": "574714000", "investmentIncomeNet": "1940000", "netInterestIncome": "-48813000", "interestIncome": "1940000", "interestExpense": "48813000", "nonInterestIncome": "1303565000", "otherNonOperatingIncome": "-338000", "depreciation": "59863000", "depreciationAndAmortization": "144069000", "incomeBeforeTax": "226217000", "incomeTaxExpense": "22343000", "interestAndDebtExpense": "48813000", "netIncomeFromContinuingOperations": "203874000", "comprehensiveIncomeNetOfTax": "191905000", "ebit": "275030000", "ebitda": "419099000", "netIncome": "203874000"}, {"fiscalDateEnding": "2019-11-02", "reportedCurrency": "USD", "grossProfit": "942191000", "totalRevenue": "1392444000", "costOfRevenue": "1815355000", "costofGoodsAndServicesSold": "501028000", "operatingIncome": "338361000", "sellingGeneralAndAdministrative": "154799000", "researchAndDevelopment": "277018000", "operatingExpenses": "603830000", "investmentIncomeNet": "1988000", "netInterestIncome": "-50775000", "interestIncome": "1988000", "interestExpense": "50775000", "nonInterestIncome": "1443219000", "otherNonOperatingIncome": "-1747000", "depreciation": "61636000", "depreciationAndAmortization": "143528000", "incomeBeforeTax": "287827000", "incomeTaxExpense": "10133000", "interestAndDebtExpense": "50775000", "netIncomeFromContinuingOperations": "277694000", "comprehensiveIncomeNetOfTax": "243568000", "ebit": "338602000", "ebitda": "482130000", "netIncome": "277694000"}, {"fiscalDateEnding": "2019-08-03", "reportedCurrency": "USD", "grossProfit": "997811000", "totalRevenue": "1480143000", "costOfRevenue": "482332000", "costofGoodsAndServicesSold": "482332000", "operatingIncome": "446726000", "sellingGeneralAndAdministrative": "162825000", "researchAndDevelopment": "280102000", "operatingExpenses": "551085000", "investmentIncomeNet": "2625000", "netInterestIncome": "-59871000", "interestIncome": "2625000", "interestExpense": "59871000", "nonInterestIncome": "1480143000", "otherNonOperatingIncome": "78000", "depreciation": "61606000", "depreciationAndAmortization": "142521000", "incomeBeforeTax": "389558000", "incomeTaxExpense": "27184000", "interestAndDebtExpense": "59871000", "netIncomeFromContinuingOperations": "362374000", "comprehensiveIncomeNetOfTax": "304722000", "ebit": "449429000", "ebitda": "591950000", "netIncome": "362374000"}, {"fiscalDateEnding": "2019-05-04", "reportedCurrency": "USD", "grossProfit": "1034092000", "totalRevenue": "1526602000", "costOfRevenue": "492510000", "costofGoodsAndServicesSold": "492510000", "operatingIncome": "469695000", "sellingGeneralAndAdministrative": "163128000", "researchAndDevelopment": "285846000", "operatingExpenses": "564397000", "investmentIncomeNet": "2928000", "netInterestIncome": "-59701000", "interestIncome": "2928000", "interestExpense": "59701000", "nonInterestIncome": "1526602000", "otherNonOperatingIncome": "-4525000", "depreciation": "59142000", "depreciationAndAmortization": "142233000", "incomeBeforeTax": "408397000", "incomeTaxExpense": "40460000", "interestAndDebtExpense": "59701000", "netIncomeFromContinuingOperations": "367937000", "comprehensiveIncomeNetOfTax": "349937000", "ebit": "468098000", "ebitda": "610331000", "netIncome": "367937000"}, {"fiscalDateEnding": "2019-02-02", "reportedCurrency": "USD", "grossProfit": "1039656000", "totalRevenue": "1541101000", "costOfRevenue": "501445000", "costofGoodsAndServicesSold": "501445000", "operatingIncome": "455826000", "sellingGeneralAndAdministrative": "167342000", "researchAndDevelopment": "287382000", "operatingExpenses": "583830000", "investmentIncomeNet": "2688000", "netInterestIncome": "-58728000", "interestIncome": "None", "interestExpense": "58728000", "nonInterestIncome": "1541101000", "otherNonOperatingIncome": "160000", "depreciation": "58293000", "depreciationAndAmortization": "142292000", "incomeBeforeTax": "399946000", "incomeTaxExpense": "44940000", "interestAndDebtExpense": "58728000", "netIncomeFromContinuingOperations": "355006000", "comprehensiveIncomeNetOfTax": "335425000", "ebit": "458674000", "ebitda": "600966000", "netIncome": "355006000"}, {"fiscalDateEnding": "2018-11-03", "reportedCurrency": "USD", "grossProfit": "1045543000", "totalRevenue": "1596586000", "costOfRevenue": "551043000", "costofGoodsAndServicesSold": "490585000", "operatingIncome": "465451000", "sellingGeneralAndAdministrative": "175296000", "researchAndDevelopment": "295609000", "operatingExpenses": "580092000", "investmentIncomeNet": "2791000", "netInterestIncome": "-59102000", "interestIncome": "None", "interestExpense": "59102000", "nonInterestIncome": "1536128000", "otherNonOperatingIncome": "196000", "depreciation": "58874000", "depreciationAndAmortization": "142316000", "incomeBeforeTax": "409336000", "incomeTaxExpense": "4481000", "interestAndDebtExpense": "59102000", "netIncomeFromContinuingOperations": "404855000", "comprehensiveIncomeNetOfTax": "411881000", "ebit": "468438000", "ebitda": "610754000", "netIncome": "404855000"}, {"fiscalDateEnding": "2018-08-04", "reportedCurrency": "USD", "grossProfit": "1060632000", "totalRevenue": "1572679000", "costOfRevenue": "497631000", "costofGoodsAndServicesSold": "497557000", "operatingIncome": "489215000", "sellingGeneralAndAdministrative": "171388000", "researchAndDevelopment": "291551000", "operatingExpenses": "571417000", "investmentIncomeNet": "2588000", "netInterestIncome": "-61665000", "interestIncome": "None", "interestExpense": "61665000", "nonInterestIncome": "1558189000", "otherNonOperatingIncome": "368000", "depreciation": "56647000", "depreciationAndAmortization": "143218000", "incomeBeforeTax": "430506000", "incomeTaxExpense": "21949000", "interestAndDebtExpense": "61665000", "netIncomeFromContinuingOperations": "414464000", "comprehensiveIncomeNetOfTax": "396102000", "ebit": "492171000", "ebitda": "635389000", "netIncome": "408557000"}, {"fiscalDateEnding": "2018-05-05", "reportedCurrency": "USD", "grossProfit": "1072464000", "totalRevenue": "1513053000", "costOfRevenue": "491112000", "costofGoodsAndServicesSold": "491038000", "operatingIncome": "502818000", "sellingGeneralAndAdministrative": "172047000", "researchAndDevelopment": "289381000", "operatingExpenses": "569646000", "investmentIncomeNet": "1912000", "netInterestIncome": "-64792000", "interestIncome": "None", "interestExpense": "64792000", "nonInterestIncome": "1563502000", "otherNonOperatingIncome": "187000", "depreciation": "56589000", "depreciationAndAmortization": "142954000", "incomeBeforeTax": "440125000", "incomeTaxExpense": "39797000", "interestAndDebtExpense": "64792000", "netIncomeFromContinuingOperations": "379831000", "comprehensiveIncomeNetOfTax": "391674000", "ebit": "504917000", "ebitda": "647871000", "netIncome": "400328000"}, {"fiscalDateEnding": "2018-02-03", "reportedCurrency": "USD", "grossProfit": "1071757000", "totalRevenue": "1518624000", "costOfRevenue": "495187000", "costofGoodsAndServicesSold": "495113000", "operatingIncome": "442105000", "sellingGeneralAndAdministrative": "176809000", "researchAndDevelopment": "288506000", "operatingExpenses": "629652000", "investmentIncomeNet": "2092000", "netInterestIncome": "-68030000", "interestIncome": "None", "interestExpense": "68030000", "nonInterestIncome": "1566870000", "otherNonOperatingIncome": "-820000", "depreciation": "56415000", "depreciationAndAmortization": "142050000", "incomeBeforeTax": "375347000", "incomeTaxExpense": "82107000", "interestAndDebtExpense": "68030000", "netIncomeFromContinuingOperations": "268172000", "comprehensiveIncomeNetOfTax": "310242000", "ebit": "443377000", "ebitda": "585427000", "netIncome": "293240000"}, {"fiscalDateEnding": "2017-10-28", "reportedCurrency": "USD", "grossProfit": "1006025000", "totalRevenue": "1541170000", "costOfRevenue": "535145000", "costofGoodsAndServicesSold": "535145000", "operatingIncome": "448210000", "sellingGeneralAndAdministrative": "185721000", "researchAndDevelopment": "273746000", "operatingExpenses": "557815000", "investmentIncomeNet": "2388000", "netInterestIncome": "-63517000", "interestIncome": "None", "interestExpense": "63517000", "nonInterestIncome": "0", "otherNonOperatingIncome": "-5417000", "depreciation": "56298000", "depreciationAndAmortization": "133393000", "incomeBeforeTax": "459784000", "incomeTaxExpense": "34014000", "interestAndDebtExpense": "63517000", "netIncomeFromContinuingOperations": "347650000", "comprehensiveIncomeNetOfTax": "423153000", "ebit": "523301000", "ebitda": "656694000", "netIncome": "425770000"}, {"fiscalDateEnding": "2017-07-29", "reportedCurrency": "USD", "grossProfit": "766624000", "totalRevenue": "1433902000", "costOfRevenue": "667278000", "costofGoodsAndServicesSold": "667278000", "operatingIncome": "194821000", "sellingGeneralAndAdministrative": "183980000", "researchAndDevelopment": "275670000", "operatingExpenses": "571803000", "investmentIncomeNet": "5524000", "netInterestIncome": "-73073000", "interestIncome": "None", "interestExpense": "73073000", "nonInterestIncome": "0", "otherNonOperatingIncome": "-474000", "depreciation": "55217000", "depreciationAndAmortization": "147200000", "incomeBeforeTax": "126798000", "incomeTaxExpense": "57882000", "interestAndDebtExpense": "73073000", "netIncomeFromContinuingOperations": "68916000", "comprehensiveIncomeNetOfTax": "76880000", "ebit": "199871000", "ebitda": "347071000", "netIncome": "68916000"}, {"fiscalDateEnding": "2017-04-29", "reportedCurrency": "USD", "grossProfit": "640443000", "totalRevenue": "1147982000", "costOfRevenue": "507539000", "costofGoodsAndServicesSold": "507539000", "operatingIncome": "145835000", "sellingGeneralAndAdministrative": "190686000", "researchAndDevelopment": "235232000", "operatingExpenses": "494608000", "investmentIncomeNet": "12421000", "netInterestIncome": "-71636000", "interestIncome": "None", "interestExpense": "71636000", "nonInterestIncome": "0", "otherNonOperatingIncome": "94000", "depreciation": "48772000", "depreciationAndAmortization": "88800000", "incomeBeforeTax": "86714000", "incomeTaxExpense": "-6850000", "interestAndDebtExpense": "71636000", "netIncomeFromContinuingOperations": "93564000", "comprehensiveIncomeNetOfTax": "103151000", "ebit": "158350000", "ebitda": "247150000", "netIncome": "93564000"}, {"fiscalDateEnding": "2017-01-28", "reportedCurrency": "USD", "grossProfit": "648504000", "totalRevenue": "984449000", "costOfRevenue": "335945000", "costofGoodsAndServicesSold": "335945000", "operatingIncome": "266268000", "sellingGeneralAndAdministrative": "130659000", "researchAndDevelopment": "183954000", "operatingExpenses": "382236000", "investmentIncomeNet": "10000000", "netInterestIncome": "-42614000", "interestIncome": "None", "interestExpense": "42614000", "nonInterestIncome": "0", "otherNonOperatingIncome": "-345000", "depreciation": "34379000", "depreciationAndAmortization": "19947000", "incomeBeforeTax": "233309000", "incomeTaxExpense": "16180000", "interestAndDebtExpense": "42614000", "netIncomeFromContinuingOperations": "217129000", "comprehensiveIncomeNetOfTax": "214650000", "ebit": "275923000", "ebitda": "295870000", "netIncome": "217129000"}, {"fiscalDateEnding": "2016-10-29", "reportedCurrency": "USD", "grossProfit": "666687000", "totalRevenue": "1056906000", "costOfRevenue": "455817000", "costofGoodsAndServicesSold": "336936000", "operatingIncome": "356981000", "sellingGeneralAndAdministrative": "118881000", "researchAndDevelopment": "172926000", "operatingExpenses": "309706000", "investmentIncomeNet": "7114000", "netInterestIncome": "-38764000", "interestIncome": "None", "interestExpense": "38764000", "nonInterestIncome": "-10000", "otherNonOperatingIncome": "-1897000", "depreciation": "34116000", "depreciationAndAmortization": "19550000", "incomeBeforeTax": "323434000", "incomeTaxExpense": "27277000", "interestAndDebtExpense": "38764000", "netIncomeFromContinuingOperations": "296157000", "comprehensiveIncomeNetOfTax": "271899000", "ebit": "362198000", "ebitda": "381748000", "netIncome": "296157000"}]}