{"symbol": "ADP", "annualReports": [{"fiscalDateEnding": "2021-06-30", "reportedCurrency": "USD", "grossProfit": "2852600000", "totalRevenue": "15005400000", "costOfRevenue": "12152800000", "costofGoodsAndServicesSold": "8640300000", "operatingIncome": "-7700500000", "sellingGeneralAndAdministrative": "3040500000", "researchAndDevelopment": "None", "operatingExpenses": "10553100000", "investmentIncomeNet": "36500000", "netInterestIncome": "-59700000", "interestIncome": "36500000", "interestExpense": "59700000", "nonInterestIncome": "15016700000", "otherNonOperatingIncome": "96300000", "depreciation": "183300000", "depreciationAndAmortization": "510700000", "incomeBeforeTax": "3361200000", "incomeTaxExpense": "762700000", "interestAndDebtExpense": "59700000", "netIncomeFromContinuingOperations": "2598500000", "comprehensiveIncomeNetOfTax": "2623900000", "ebit": "3420900000", "ebitda": "3931600000", "netIncome": "2598500000"}, {"fiscalDateEnding": "2020-06-30", "reportedCurrency": "USD", "grossProfit": "6144600000", "totalRevenue": "14589800000", "costOfRevenue": "8445200000", "costofGoodsAndServicesSold": "8445100000", "operatingIncome": "-7695000000", "sellingGeneralAndAdministrative": "3003000000", "researchAndDevelopment": "None", "operatingExpenses": "10401300000", "investmentIncomeNet": "84500000", "netInterestIncome": "-107100000", "interestIncome": "84500000", "interestExpense": "107100000", "nonInterestIncome": "14589800000", "otherNonOperatingIncome": "148000000", "depreciation": "192800000", "depreciationAndAmortization": "480000000", "incomeBeforeTax": "3182600000", "incomeTaxExpense": "716100000", "interestAndDebtExpense": "107100000", "netIncomeFromContinuingOperations": "2466500000", "comprehensiveIncomeNetOfTax": "2709000000", "ebit": "3289700000", "ebitda": "3769700000", "netIncome": "2466500000"}, {"fiscalDateEnding": "2019-06-30", "reportedCurrency": "USD", "grossProfit": "6088700000", "totalRevenue": "14110200000", "costOfRevenue": "8021500000", "costofGoodsAndServicesSold": "8021600000", "operatingIncome": "-7606900000", "sellingGeneralAndAdministrative": "3064200000", "researchAndDevelopment": "None", "operatingExpenses": "10210100000", "investmentIncomeNet": "97600000", "netInterestIncome": "-129900000", "interestIncome": "97600000", "interestExpense": "129900000", "nonInterestIncome": "14175200000", "otherNonOperatingIncome": "111100000", "depreciation": "180600000", "depreciationAndAmortization": "409000000", "incomeBeforeTax": "3005600000", "incomeTaxExpense": "712800000", "interestAndDebtExpense": "129900000", "netIncomeFromContinuingOperations": "2292800000", "comprehensiveIncomeNetOfTax": "2715300000", "ebit": "3135500000", "ebitda": "3544500000", "netIncome": "2292800000"}, {"fiscalDateEnding": "2018-06-30", "reportedCurrency": "USD", "grossProfit": "5516600000", "totalRevenue": "13274200000", "costOfRevenue": "7757600000", "costofGoodsAndServicesSold": "7757400000", "operatingIncome": "-7818500000", "sellingGeneralAndAdministrative": "2959400000", "researchAndDevelopment": "630200000", "operatingExpenses": "9908700000", "investmentIncomeNet": "83500000", "netInterestIncome": "-102700000", "interestIncome": "83500000", "interestExpense": "102700000", "nonInterestIncome": "0", "otherNonOperatingIncome": "-237900000", "depreciation": "173100000", "depreciationAndAmortization": "377600000", "incomeBeforeTax": "2282600000", "incomeTaxExpense": "397700000", "interestAndDebtExpense": "102700000", "netIncomeFromContinuingOperations": "1620800000", "comprehensiveIncomeNetOfTax": "1630600000", "ebit": "2385300000", "ebitda": "2762900000", "netIncome": "1884900000"}, {"fiscalDateEnding": "2017-06-30", "reportedCurrency": "USD", "grossProfit": "5110200000", "totalRevenue": "12372000000", "costOfRevenue": "7261800000", "costofGoodsAndServicesSold": "7244500000", "operatingIncome": "-7280100000", "sellingGeneralAndAdministrative": "2773800000", "researchAndDevelopment": "627500000", "operatingExpenses": "8993900000", "investmentIncomeNet": "76700000", "netInterestIncome": "-80000000", "interestIncome": "76700000", "interestExpense": "80000000", "nonInterestIncome": "205400000", "otherNonOperatingIncome": "284300000", "depreciation": "147300000", "depreciationAndAmortization": "316100000", "incomeBeforeTax": "2616900000", "incomeTaxExpense": "829100000", "interestAndDebtExpense": "80000000", "netIncomeFromContinuingOperations": "1733400000", "comprehensiveIncomeNetOfTax": "1619700000", "ebit": "2696900000", "ebitda": "3013000000", "netIncome": "1787800000"}], "quarterlyReports": [{"fiscalDateEnding": "2021-09-30", "reportedCurrency": "USD", "grossProfit": "804900000", "totalRevenue": "3815200000", "costOfRevenue": "3010300000", "costofGoodsAndServicesSold": "2222600000", "operatingIncome": "-1843800000", "sellingGeneralAndAdministrative": "719200000", "researchAndDevelopment": "None", "operatingExpenses": "2648700000", "investmentIncomeNet": "9700000", "netInterestIncome": "-18500000", "interestIncome": "9700000", "interestExpense": "18500000", "nonInterestIncome": "3832400000", "otherNonOperatingIncome": "28800000", "depreciation": "None", "depreciationAndAmortization": "86200000", "incomeBeforeTax": "900800000", "incomeTaxExpense": "200300000", "interestAndDebtExpense": "18500000", "netIncomeFromContinuingOperations": "700500000", "comprehensiveIncomeNetOfTax": "567000000", "ebit": "919300000", "ebitda": "1005500000", "netIncome": "700500000"}, {"fiscalDateEnding": "2021-06-30", "reportedCurrency": "USD", "grossProfit": "463300000", "totalRevenue": "3768400000", "costOfRevenue": "3305100000", "costofGoodsAndServicesSold": "2205500000", "operatingIncome": "-2283900000", "sellingGeneralAndAdministrative": "840700000", "researchAndDevelopment": "None", "operatingExpenses": "2747200000", "investmentIncomeNet": "7600000", "netInterestIncome": "-17300000", "interestIncome": "7500000", "interestExpense": "17300000", "nonInterestIncome": "3740700000", "otherNonOperatingIncome": "23600000", "depreciation": "None", "depreciationAndAmortization": "264800000", "incomeBeforeTax": "697100000", "incomeTaxExpense": "158900000", "interestAndDebtExpense": "17300000", "netIncomeFromContinuingOperations": "538200000", "comprehensiveIncomeNetOfTax": "806500000", "ebit": "714400000", "ebitda": "979200000", "netIncome": "538200000"}, {"fiscalDateEnding": "2021-03-31", "reportedCurrency": "USD", "grossProfit": "978900000", "totalRevenue": "4088100000", "costOfRevenue": "3109200000", "costofGoodsAndServicesSold": "2278100000", "operatingIncome": "-1782000000", "sellingGeneralAndAdministrative": "763000000", "researchAndDevelopment": "None", "operatingExpenses": "2760900000", "investmentIncomeNet": "4700000", "netInterestIncome": "-13500000", "interestIncome": "4700000", "interestExpense": "13500000", "nonInterestIncome": "4101600000", "otherNonOperatingIncome": "18800000", "depreciation": "None", "depreciationAndAmortization": "81000000", "incomeBeforeTax": "1066200000", "incomeTaxExpense": "255500000", "interestAndDebtExpense": "13500000", "netIncomeFromContinuingOperations": "810700000", "comprehensiveIncomeNetOfTax": "512700000", "ebit": "1079700000", "ebitda": "1160700000", "netIncome": "810700000"}, {"fiscalDateEnding": "2020-12-31", "reportedCurrency": "USD", "grossProfit": "732100000", "totalRevenue": "3681800000", "costOfRevenue": "2949700000", "costofGoodsAndServicesSold": "2122400000", "operatingIncome": "-1869900000", "sellingGeneralAndAdministrative": "755800000", "researchAndDevelopment": "None", "operatingExpenses": "2602000000", "investmentIncomeNet": "10400000", "netInterestIncome": "-13900000", "interestIncome": "10400000", "interestExpense": "13900000", "nonInterestIncome": "3695700000", "otherNonOperatingIncome": "29000000", "depreciation": "None", "depreciationAndAmortization": "80800000", "incomeBeforeTax": "832600000", "incomeTaxExpense": "185100000", "interestAndDebtExpense": "13900000", "netIncomeFromContinuingOperations": "647500000", "comprehensiveIncomeNetOfTax": "671900000", "ebit": "846500000", "ebitda": "927300000", "netIncome": "647500000"}, {"fiscalDateEnding": "2020-09-30", "reportedCurrency": "USD", "grossProfit": "681800000", "totalRevenue": "3470700000", "costOfRevenue": "2788900000", "costofGoodsAndServicesSold": "2034300000", "operatingIncome": "-1761100000", "sellingGeneralAndAdministrative": "681000000", "researchAndDevelopment": "None", "operatingExpenses": "2442900000", "investmentIncomeNet": "13800000", "netInterestIncome": "-15100000", "interestIncome": "13800000", "interestExpense": "15100000", "nonInterestIncome": "3470700000", "otherNonOperatingIncome": "24900000", "depreciation": "None", "depreciationAndAmortization": "84200000", "incomeBeforeTax": "765200000", "incomeTaxExpense": "163100000", "interestAndDebtExpense": "15100000", "netIncomeFromContinuingOperations": "602100000", "comprehensiveIncomeNetOfTax": "632800000", "ebit": "780300000", "ebitda": "864500000", "netIncome": "602100000"}, {"fiscalDateEnding": "2020-06-30", "reportedCurrency": "USD", "grossProfit": "1309600000", "totalRevenue": "3376800000", "costOfRevenue": "2067200000", "costofGoodsAndServicesSold": "2067200000", "operatingIncome": "1309600000", "sellingGeneralAndAdministrative": "765600000", "researchAndDevelopment": "None", "operatingExpenses": "2568000000", "investmentIncomeNet": "14400000", "netInterestIncome": "-15600000", "interestIncome": "14500000", "interestExpense": "15600000", "nonInterestIncome": "3376800000", "otherNonOperatingIncome": "2800000", "depreciation": "None", "depreciationAndAmortization": "269000000", "incomeBeforeTax": "531200000", "incomeTaxExpense": "119700000", "interestAndDebtExpense": "15600000", "netIncomeFromContinuingOperations": "531300000", "comprehensiveIncomeNetOfTax": "631200000", "ebit": "546800000", "ebitda": "815800000", "netIncome": "411500000"}, {"fiscalDateEnding": "2020-03-31", "reportedCurrency": "USD", "grossProfit": "1808700000", "totalRevenue": "4047800000", "costOfRevenue": "2239100000", "costofGoodsAndServicesSold": "2239100000", "operatingIncome": "-1720500000", "sellingGeneralAndAdministrative": "756600000", "researchAndDevelopment": "None", "operatingExpenses": "2730700000", "investmentIncomeNet": "12100000", "netInterestIncome": "-20000000", "interestIncome": "12100000", "interestExpense": "20000000", "nonInterestIncome": "4047800000", "otherNonOperatingIncome": "44600000", "depreciation": "None", "depreciationAndAmortization": "71900000", "incomeBeforeTax": "1076700000", "incomeTaxExpense": "255800000", "interestAndDebtExpense": "20000000", "netIncomeFromContinuingOperations": "820900000", "comprehensiveIncomeNetOfTax": "817700000", "ebit": "1096700000", "ebitda": "1168600000", "netIncome": "820900000"}, {"fiscalDateEnding": "2019-12-31", "reportedCurrency": "USD", "grossProfit": "1575400000", "totalRevenue": "3669500000", "costOfRevenue": "2094100000", "costofGoodsAndServicesSold": "2094100000", "operatingIncome": "-1825900000", "sellingGeneralAndAdministrative": "754300000", "researchAndDevelopment": "None", "operatingExpenses": "2590300000", "investmentIncomeNet": "25700000", "netInterestIncome": "-31600000", "interestIncome": "25700000", "interestExpense": "31600000", "nonInterestIncome": "3669500000", "otherNonOperatingIncome": "46000000", "depreciation": "None", "depreciationAndAmortization": "69700000", "incomeBeforeTax": "835500000", "incomeTaxExpense": "183900000", "interestAndDebtExpense": "31600000", "netIncomeFromContinuingOperations": "651600000", "comprehensiveIncomeNetOfTax": "654300000", "ebit": "867100000", "ebitda": "936800000", "netIncome": "651600000"}, {"fiscalDateEnding": "2019-09-30", "reportedCurrency": "USD", "grossProfit": "1450900000", "totalRevenue": "3495700000", "costOfRevenue": "2044800000", "costofGoodsAndServicesSold": "2044800000", "operatingIncome": "-1839200000", "sellingGeneralAndAdministrative": "726500000", "researchAndDevelopment": "None", "operatingExpenses": "2512300000", "investmentIncomeNet": "32300000", "netInterestIncome": "-39900000", "interestIncome": "32300000", "interestExpense": "39900000", "nonInterestIncome": "3495700000", "otherNonOperatingIncome": "54600000", "depreciation": "None", "depreciationAndAmortization": "69400000", "incomeBeforeTax": "739100000", "incomeTaxExpense": "156700000", "interestAndDebtExpense": "39900000", "netIncomeFromContinuingOperations": "582400000", "comprehensiveIncomeNetOfTax": "605800000", "ebit": "779000000", "ebitda": "848400000", "netIncome": "582400000"}, {"fiscalDateEnding": "2019-06-30", "reportedCurrency": "USD", "grossProfit": "1478200000", "totalRevenue": "3479300000", "costOfRevenue": "2001100000", "costofGoodsAndServicesSold": "2001100000", "operatingIncome": "1478200000", "sellingGeneralAndAdministrative": "854800000", "researchAndDevelopment": "None", "operatingExpenses": "2634400000", "investmentIncomeNet": "26000000", "netInterestIncome": "-33700000", "interestIncome": "26000000", "interestExpense": "33700000", "nonInterestIncome": "3498700000", "otherNonOperatingIncome": "43600000", "depreciation": "None", "depreciationAndAmortization": "243000000", "incomeBeforeTax": "633400000", "incomeTaxExpense": "157900000", "interestAndDebtExpense": "33700000", "netIncomeFromContinuingOperations": "633300000", "comprehensiveIncomeNetOfTax": "630000000", "ebit": "667100000", "ebitda": "910100000", "netIncome": "475500000"}, {"fiscalDateEnding": "2019-03-31", "reportedCurrency": "USD", "grossProfit": "1735600000", "totalRevenue": "3828200000", "costOfRevenue": "2092600000", "costofGoodsAndServicesSold": "2092600000", "operatingIncome": "-1696800000", "sellingGeneralAndAdministrative": "750400000", "researchAndDevelopment": "None", "operatingExpenses": "2624900000", "investmentIncomeNet": "15000000", "netInterestIncome": "-21700000", "interestIncome": "15000000", "interestExpense": "21700000", "nonInterestIncome": "3847400000", "otherNonOperatingIncome": "21000000", "depreciation": "None", "depreciationAndAmortization": "57100000", "incomeBeforeTax": "984500000", "incomeTaxExpense": "230800000", "interestAndDebtExpense": "21700000", "netIncomeFromContinuingOperations": "753700000", "comprehensiveIncomeNetOfTax": "956800000", "ebit": "1006200000", "ebitda": "1063300000", "netIncome": "753700000"}, {"fiscalDateEnding": "2018-12-31", "reportedCurrency": "USD", "grossProfit": "1492200000", "totalRevenue": "3492400000", "costOfRevenue": "2000200000", "costofGoodsAndServicesSold": "2000200000", "operatingIncome": "-1835400000", "sellingGeneralAndAdministrative": "745200000", "researchAndDevelopment": "156100000", "operatingExpenses": "2527000000", "investmentIncomeNet": "28100000", "netInterestIncome": "-38600000", "interestIncome": "None", "interestExpense": "38600000", "nonInterestIncome": "3505900000", "otherNonOperatingIncome": "32600000", "depreciation": "None", "depreciationAndAmortization": "55400000", "incomeBeforeTax": "741000000", "incomeTaxExpense": "182800000", "interestAndDebtExpense": "38600000", "netIncomeFromContinuingOperations": "558200000", "comprehensiveIncomeNetOfTax": "683300000", "ebit": "779600000", "ebitda": "835000000", "netIncome": "558200000"}, {"fiscalDateEnding": "2018-09-30", "reportedCurrency": "USD", "grossProfit": "1382700000", "totalRevenue": "3310300000", "costOfRevenue": "1927600000", "costofGoodsAndServicesSold": "1927600000", "operatingIncome": "-1825400000", "sellingGeneralAndAdministrative": "713900000", "researchAndDevelopment": "158000000", "operatingExpenses": "2423800000", "investmentIncomeNet": "28500000", "netInterestIncome": "-35900000", "interestIncome": "None", "interestExpense": "35900000", "nonInterestIncome": "3323200000", "otherNonOperatingIncome": "13900000", "depreciation": "None", "depreciationAndAmortization": "53400000", "incomeBeforeTax": "646800000", "incomeTaxExpense": "141400000", "interestAndDebtExpense": "35900000", "netIncomeFromContinuingOperations": "505400000", "comprehensiveIncomeNetOfTax": "445100000", "ebit": "682700000", "ebitda": "736100000", "netIncome": "505400000"}, {"fiscalDateEnding": "2018-06-30", "reportedCurrency": "USD", "grossProfit": "1373800000", "totalRevenue": "3316200000", "costOfRevenue": "1942400000", "costofGoodsAndServicesSold": "1942400000", "operatingIncome": "1366400000", "sellingGeneralAndAdministrative": "810400000", "researchAndDevelopment": "152600000", "operatingExpenses": "2563300000", "investmentIncomeNet": "24100000", "netInterestIncome": "-28600000", "interestIncome": "None", "interestExpense": "28600000", "nonInterestIncome": "-10011500000", "otherNonOperatingIncome": "-296500000", "depreciation": "None", "depreciationAndAmortization": "227200000", "incomeBeforeTax": "254900000", "incomeTaxExpense": "114000000", "interestAndDebtExpense": "28600000", "netIncomeFromContinuingOperations": "204500000", "comprehensiveIncomeNetOfTax": "89800000", "ebit": "283500000", "ebitda": "510700000", "netIncome": "140900000"}, {"fiscalDateEnding": "2018-03-31", "reportedCurrency": "USD", "grossProfit": "1616700000", "totalRevenue": "3696000000", "costOfRevenue": "2079300000", "costofGoodsAndServicesSold": "2079300000", "operatingIncome": "-1804400000", "sellingGeneralAndAdministrative": "750100000", "researchAndDevelopment": "162500000", "operatingExpenses": "2599800000", "investmentIncomeNet": "11000000", "netInterestIncome": "-18600000", "interestIncome": "None", "interestExpense": "18600000", "nonInterestIncome": "3696000000", "otherNonOperatingIncome": "10700000", "depreciation": "None", "depreciationAndAmortization": "52000000", "incomeBeforeTax": "875200000", "incomeTaxExpense": "214200000", "interestAndDebtExpense": "18600000", "netIncomeFromContinuingOperations": "643100000", "comprehensiveIncomeNetOfTax": "502800000", "ebit": "893800000", "ebitda": "945800000", "netIncome": "661000000"}, {"fiscalDateEnding": "2017-12-31", "reportedCurrency": "USD", "grossProfit": "1300400000", "totalRevenue": "3238300000", "costOfRevenue": "1937900000", "costofGoodsAndServicesSold": "1937900000", "operatingIncome": "-1920100000", "sellingGeneralAndAdministrative": "723600000", "researchAndDevelopment": "159400000", "operatingExpenses": "2436500000", "investmentIncomeNet": "22700000", "netInterestIncome": "-27500000", "interestIncome": "None", "interestExpense": "27500000", "nonInterestIncome": "3238300000", "otherNonOperatingIncome": "21700000", "depreciation": "None", "depreciationAndAmortization": "51800000", "incomeBeforeTax": "587500000", "incomeTaxExpense": "-82900000", "interestAndDebtExpense": "27500000", "netIncomeFromContinuingOperations": "467500000", "comprehensiveIncomeNetOfTax": "580500000", "ebit": "615000000", "ebitda": "666800000", "netIncome": "670400000"}, {"fiscalDateEnding": "2017-09-30", "reportedCurrency": "USD", "grossProfit": "1225700000", "totalRevenue": "3077200000", "costOfRevenue": "1851500000", "costofGoodsAndServicesSold": "1851500000", "operatingIncome": "-1808600000", "sellingGeneralAndAdministrative": "675400000", "researchAndDevelopment": "158200000", "operatingExpenses": "2309300000", "investmentIncomeNet": "25800000", "netInterestIncome": "-28000000", "interestIncome": "None", "interestExpense": "28000000", "nonInterestIncome": "3077200000", "otherNonOperatingIncome": "26200000", "depreciation": "None", "depreciationAndAmortization": "46600000", "incomeBeforeTax": "564900000", "incomeTaxExpense": "152300000", "interestAndDebtExpense": "28000000", "netIncomeFromContinuingOperations": "401500000", "comprehensiveIncomeNetOfTax": "457500000", "ebit": "592900000", "ebitda": "639500000", "netIncome": "412600000"}, {"fiscalDateEnding": "2017-06-30", "reportedCurrency": "USD", "grossProfit": "1217600000", "totalRevenue": "3064800000", "costOfRevenue": "1847200000", "costofGoodsAndServicesSold": "1822100000", "operatingIncome": "1174100000", "sellingGeneralAndAdministrative": "820200000", "researchAndDevelopment": "166900000", "operatingExpenses": "43500000", "investmentIncomeNet": "22200000", "netInterestIncome": "-22800000", "interestIncome": "None", "interestExpense": "22800000", "nonInterestIncome": "None", "otherNonOperatingIncome": "23400000", "depreciation": "None", "depreciationAndAmortization": "190300000", "incomeBeforeTax": "419800000", "incomeTaxExpense": "154000000", "interestAndDebtExpense": "22800000", "netIncomeFromContinuingOperations": "265800000", "comprehensiveIncomeNetOfTax": "450200000", "ebit": "442600000", "ebitda": "632900000", "netIncome": "265800000"}, {"fiscalDateEnding": "2017-03-31", "reportedCurrency": "USD", "grossProfit": "1499800000", "totalRevenue": "3410800000", "costOfRevenue": "1911000000", "costofGoodsAndServicesSold": "1911000000", "operatingIncome": "-1572700000", "sellingGeneralAndAdministrative": "665000000", "researchAndDevelopment": "153200000", "operatingExpenses": "2366500000", "investmentIncomeNet": "10100000", "netInterestIncome": "-16800000", "interestIncome": "None", "interestExpense": "16800000", "nonInterestIncome": "None", "otherNonOperatingIncome": "9900000", "depreciation": "None", "depreciationAndAmortization": "40400000", "incomeBeforeTax": "827900000", "incomeTaxExpense": "240000000", "interestAndDebtExpense": "16800000", "netIncomeFromContinuingOperations": "587900000", "comprehensiveIncomeNetOfTax": "641400000", "ebit": "844700000", "ebitda": "885100000", "netIncome": "587900000"}, {"fiscalDateEnding": "2016-12-31", "reportedCurrency": "USD", "grossProfit": "1219500000", "totalRevenue": "2987300000", "costOfRevenue": "1767800000", "costofGoodsAndServicesSold": "1767800000", "operatingIncome": "-1666500000", "sellingGeneralAndAdministrative": "640800000", "researchAndDevelopment": "152500000", "operatingExpenses": "2201200000", "investmentIncomeNet": "21300000", "netInterestIncome": "-20500000", "interestIncome": "None", "interestExpense": "20500000", "nonInterestIncome": "None", "otherNonOperatingIncome": "228000000", "depreciation": "None", "depreciationAndAmortization": "42800000", "incomeBeforeTax": "786200000", "incomeTaxExpense": "275300000", "interestAndDebtExpense": "20500000", "netIncomeFromContinuingOperations": "510900000", "comprehensiveIncomeNetOfTax": "190600000", "ebit": "806700000", "ebitda": "849500000", "netIncome": "510900000"}]}