{"symbol": "AEE", "annualReports": [{"fiscalDateEnding": "2020-12-31", "reportedCurrency": "USD", "grossProfit": "3472000000", "totalRevenue": "5417000000", "costOfRevenue": "1945000000", "costofGoodsAndServicesSold": "1329000000", "operatingIncome": "1300000000", "sellingGeneralAndAdministrative": "504000000", "researchAndDevelopment": "None", "operatingExpenses": "4494000000", "investmentIncomeNet": "29000000", "netInterestIncome": "-394000000", "interestIncome": "25000000", "interestExpense": "419000000", "nonInterestIncome": "5794000000", "otherNonOperatingIncome": "151000000", "depreciation": "None", "depreciationAndAmortization": "68000000", "incomeBeforeTax": "1026000000", "incomeTaxExpense": "155000000", "interestAndDebtExpense": "419000000", "netIncomeFromContinuingOperations": "877000000", "comprehensiveIncomeNetOfTax": "887000000", "ebit": "1300000000", "ebitda": "1513000000", "netIncome": "871000000"}, {"fiscalDateEnding": "2019-12-31", "reportedCurrency": "USD", "grossProfit": "3250000000", "totalRevenue": "5568000000", "costOfRevenue": "2318000000", "costofGoodsAndServicesSold": "1794000000", "operatingIncome": "1267000000", "sellingGeneralAndAdministrative": "481000000", "researchAndDevelopment": "None", "operatingExpenses": "4643000000", "investmentIncomeNet": "33000000", "netInterestIncome": "-356000000", "interestIncome": "25000000", "interestExpense": "381000000", "nonInterestIncome": "5910000000", "otherNonOperatingIncome": "130000000", "depreciation": "None", "depreciationAndAmortization": "79000000", "incomeBeforeTax": "1010000000", "incomeTaxExpense": "182000000", "interestAndDebtExpense": "381000000", "netIncomeFromContinuingOperations": "834000000", "comprehensiveIncomeNetOfTax": "833000000", "ebit": "1267000000", "ebitda": "1470000000", "netIncome": "828000000"}, {"fiscalDateEnding": "2018-12-31", "reportedCurrency": "USD", "grossProfit": "3754000000", "totalRevenue": "6291000000", "costOfRevenue": "2537000000", "costofGoodsAndServicesSold": "2006000000", "operatingIncome": "1357000000", "sellingGeneralAndAdministrative": "492000000", "researchAndDevelopment": "None", "operatingExpenses": "4934000000", "investmentIncomeNet": "33000000", "netInterestIncome": "-375000000", "interestIncome": "26000000", "interestExpense": "401000000", "nonInterestIncome": "6291000000", "otherNonOperatingIncome": "102000000", "depreciation": "None", "depreciationAndAmortization": "95000000", "incomeBeforeTax": "1052000000", "incomeTaxExpense": "237000000", "interestAndDebtExpense": "401000000", "netIncomeFromContinuingOperations": "821000000", "comprehensiveIncomeNetOfTax": "811000000", "ebit": "1357000000", "ebitda": "1548000000", "netIncome": "815000000"}, {"fiscalDateEnding": "2017-12-31", "reportedCurrency": "USD", "grossProfit": "2858000000", "totalRevenue": "6174000000", "costOfRevenue": "3319000000", "costofGoodsAndServicesSold": "2792000000", "operatingIncome": "1410000000", "sellingGeneralAndAdministrative": "488000000", "researchAndDevelopment": "None", "operatingExpenses": "4764000000", "investmentIncomeNet": "34000000", "netInterestIncome": "-365000000", "interestIncome": "26000000", "interestExpense": "391000000", "nonInterestIncome": "6174000000", "otherNonOperatingIncome": "86000000", "depreciation": "None", "depreciationAndAmortization": "896000000", "incomeBeforeTax": "1099000000", "incomeTaxExpense": "576000000", "interestAndDebtExpense": "391000000", "netIncomeFromContinuingOperations": "523000000", "comprehensiveIncomeNetOfTax": "528000000", "ebit": "1490000000", "ebitda": "2386000000", "netIncome": "523000000"}, {"fiscalDateEnding": "2016-12-31", "reportedCurrency": "USD", "grossProfit": "2770000000", "totalRevenue": "6076000000", "costOfRevenue": "3306000000", "costofGoodsAndServicesSold": "2760000000", "operatingIncome": "1322000000", "sellingGeneralAndAdministrative": "505000000", "researchAndDevelopment": "None", "operatingExpenses": "4754000000", "investmentIncomeNet": "40000000", "netInterestIncome": "-355000000", "interestIncome": "27000000", "interestExpense": "382000000", "nonInterestIncome": "6076000000", "otherNonOperatingIncome": "101000000", "depreciation": "None", "depreciationAndAmortization": "845000000", "incomeBeforeTax": "1035000000", "incomeTaxExpense": "382000000", "interestAndDebtExpense": "382000000", "netIncomeFromContinuingOperations": "653000000", "comprehensiveIncomeNetOfTax": "633000000", "ebit": "1417000000", "ebitda": "2262000000", "netIncome": "653000000"}], "quarterlyReports": [{"fiscalDateEnding": "2021-09-30", "reportedCurrency": "USD", "grossProfit": "1587000000", "totalRevenue": "1811000000", "costOfRevenue": "224000000", "costofGoodsAndServicesSold": "81000000", "operatingIncome": "534000000", "sellingGeneralAndAdministrative": "142000000", "researchAndDevelopment": "None", "operatingExpenses": "1277000000", "investmentIncomeNet": "None", "netInterestIncome": "-87000000", "interestIncome": "7000000", "interestExpense": "94000000", "nonInterestIncome": "1811000000", "otherNonOperatingIncome": "56000000", "depreciation": "None", "depreciationAndAmortization": "17000000", "incomeBeforeTax": "495000000", "incomeTaxExpense": "70000000", "interestAndDebtExpense": "94000000", "netIncomeFromContinuingOperations": "426000000", "comprehensiveIncomeNetOfTax": "426000000", "ebit": "534000000", "ebitda": "606000000", "netIncome": "425000000"}, {"fiscalDateEnding": "2021-06-30", "reportedCurrency": "USD", "grossProfit": "1282000000", "totalRevenue": "1472000000", "costOfRevenue": "190000000", "costofGoodsAndServicesSold": "62000000", "operatingIncome": "286000000", "sellingGeneralAndAdministrative": "122000000", "researchAndDevelopment": "None", "operatingExpenses": "1186000000", "investmentIncomeNet": "None", "netInterestIncome": "-90000000", "interestIncome": "6000000", "interestExpense": "96000000", "nonInterestIncome": "1472000000", "otherNonOperatingIncome": "49000000", "depreciation": "None", "depreciationAndAmortization": "321000000", "incomeBeforeTax": "238000000", "incomeTaxExpense": "31000000", "interestAndDebtExpense": "96000000", "netIncomeFromContinuingOperations": "208000000", "comprehensiveIncomeNetOfTax": "206000000", "ebit": "286000000", "ebitda": "655000000", "netIncome": "207000000"}, {"fiscalDateEnding": "2021-03-31", "reportedCurrency": "USD", "grossProfit": "1357000000", "totalRevenue": "1566000000", "costOfRevenue": "209000000", "costofGoodsAndServicesSold": "70000000", "operatingIncome": "316000000", "sellingGeneralAndAdministrative": "128000000", "researchAndDevelopment": "None", "operatingExpenses": "1250000000", "investmentIncomeNet": "None", "netInterestIncome": "-94000000", "interestIncome": "6000000", "interestExpense": "100000000", "nonInterestIncome": "1566000000", "otherNonOperatingIncome": "46000000", "depreciation": "None", "depreciationAndAmortization": "295000000", "incomeBeforeTax": "260000000", "incomeTaxExpense": "27000000", "interestAndDebtExpense": "100000000", "netIncomeFromContinuingOperations": "235000000", "comprehensiveIncomeNetOfTax": "234000000", "ebit": "316000000", "ebitda": "655000000", "netIncome": "233000000"}, {"fiscalDateEnding": "2020-12-31", "reportedCurrency": "USD", "grossProfit": "-44000000", "totalRevenue": "1231000000", "costOfRevenue": "1275000000", "costofGoodsAndServicesSold": "1131000000", "operatingIncome": "211000000", "sellingGeneralAndAdministrative": "132000000", "researchAndDevelopment": "None", "operatingExpenses": "1117000000", "investmentIncomeNet": "None", "netInterestIncome": "-102000000", "interestIncome": "6000000", "interestExpense": "108000000", "nonInterestIncome": "1328000000", "otherNonOperatingIncome": "34000000", "depreciation": "None", "depreciationAndAmortization": "0", "incomeBeforeTax": "136000000", "incomeTaxExpense": "21000000", "interestAndDebtExpense": "108000000", "netIncomeFromContinuingOperations": "116000000", "comprehensiveIncomeNetOfTax": "129000000", "ebit": "211000000", "ebitda": "244000000", "netIncome": "115000000"}, {"fiscalDateEnding": "2020-09-30", "reportedCurrency": "USD", "grossProfit": "1323000000", "totalRevenue": "1628000000", "costOfRevenue": "203000000", "costofGoodsAndServicesSold": "71000000", "operatingIncome": "494000000", "sellingGeneralAndAdministrative": "128000000", "researchAndDevelopment": "None", "operatingExpenses": "1134000000", "investmentIncomeNet": "None", "netInterestIncome": "-103000000", "interestIncome": "7000000", "interestExpense": "110000000", "nonInterestIncome": "1628000000", "otherNonOperatingIncome": "48000000", "depreciation": "None", "depreciationAndAmortization": "23000000", "incomeBeforeTax": "430000000", "incomeTaxExpense": "63000000", "interestAndDebtExpense": "110000000", "netIncomeFromContinuingOperations": "369000000", "comprehensiveIncomeNetOfTax": "368000000", "ebit": "494000000", "ebitda": "563000000", "netIncome": "367000000"}, {"fiscalDateEnding": "2020-06-30", "reportedCurrency": "USD", "grossProfit": "1119000000", "totalRevenue": "1398000000", "costOfRevenue": "185000000", "costofGoodsAndServicesSold": "62000000", "operatingIncome": "354000000", "sellingGeneralAndAdministrative": "119000000", "researchAndDevelopment": "None", "operatingExpenses": "1044000000", "investmentIncomeNet": "None", "netInterestIncome": "-102000000", "interestIncome": "6000000", "interestExpense": "108000000", "nonInterestIncome": "1398000000", "otherNonOperatingIncome": "48000000", "depreciation": "None", "depreciationAndAmortization": "22000000", "incomeBeforeTax": "293000000", "incomeTaxExpense": "50000000", "interestAndDebtExpense": "108000000", "netIncomeFromContinuingOperations": "244000000", "comprehensiveIncomeNetOfTax": "243000000", "ebit": "354000000", "ebitda": "423000000", "netIncome": "243000000"}, {"fiscalDateEnding": "2020-03-31", "reportedCurrency": "USD", "grossProfit": "1134000000", "totalRevenue": "1440000000", "costOfRevenue": "222000000", "costofGoodsAndServicesSold": "65000000", "operatingIncome": "241000000", "sellingGeneralAndAdministrative": "125000000", "researchAndDevelopment": "None", "operatingExpenses": "1199000000", "investmentIncomeNet": "None", "netInterestIncome": "-87000000", "interestIncome": "6000000", "interestExpense": "93000000", "nonInterestIncome": "1440000000", "otherNonOperatingIncome": "21000000", "depreciation": "None", "depreciationAndAmortization": "23000000", "incomeBeforeTax": "167000000", "incomeTaxExpense": "21000000", "interestAndDebtExpense": "93000000", "netIncomeFromContinuingOperations": "148000000", "comprehensiveIncomeNetOfTax": "147000000", "ebit": "241000000", "ebitda": "283000000", "netIncome": "146000000"}, {"fiscalDateEnding": "2019-12-31", "reportedCurrency": "USD", "grossProfit": "1316000000", "totalRevenue": "1316000000", "costOfRevenue": "548000000", "costofGoodsAndServicesSold": "431000000", "operatingIncome": "179000000", "sellingGeneralAndAdministrative": "106000000", "researchAndDevelopment": "None", "operatingExpenses": "1137000000", "investmentIncomeNet": "None", "netInterestIncome": "-85000000", "interestIncome": "6000000", "interestExpense": "91000000", "nonInterestIncome": "1316000000", "otherNonOperatingIncome": "31000000", "depreciation": "None", "depreciationAndAmortization": "23000000", "incomeBeforeTax": "119000000", "incomeTaxExpense": "24000000", "interestAndDebtExpense": "91000000", "netIncomeFromContinuingOperations": "179000000", "comprehensiveIncomeNetOfTax": "98000000", "ebit": "179000000", "ebitda": "233000000", "netIncome": "95000000"}, {"fiscalDateEnding": "2019-09-30", "reportedCurrency": "USD", "grossProfit": "1033000000", "totalRevenue": "1640000000", "costOfRevenue": "607000000", "costofGoodsAndServicesSold": "471000000", "operatingIncome": "520000000", "sellingGeneralAndAdministrative": "131000000", "researchAndDevelopment": "None", "operatingExpenses": "1139000000", "investmentIncomeNet": "None", "netInterestIncome": "-90000000", "interestIncome": "6000000", "interestExpense": "96000000", "nonInterestIncome": "1659000000", "otherNonOperatingIncome": "34000000", "depreciation": "None", "depreciationAndAmortization": "23000000", "incomeBeforeTax": "456000000", "incomeTaxExpense": "92000000", "interestAndDebtExpense": "96000000", "netIncomeFromContinuingOperations": "366000000", "comprehensiveIncomeNetOfTax": "364000000", "ebit": "520000000", "ebitda": "575000000", "netIncome": "364000000"}, {"fiscalDateEnding": "2019-06-30", "reportedCurrency": "USD", "grossProfit": "844000000", "totalRevenue": "1379000000", "costOfRevenue": "535000000", "costofGoodsAndServicesSold": "414000000", "operatingIncome": "280000000", "sellingGeneralAndAdministrative": "118000000", "researchAndDevelopment": "None", "operatingExpenses": "1099000000", "investmentIncomeNet": "None", "netInterestIncome": "-91000000", "interestIncome": "6000000", "interestExpense": "97000000", "nonInterestIncome": "1379000000", "otherNonOperatingIncome": "36000000", "depreciation": "None", "depreciationAndAmortization": "10000000", "incomeBeforeTax": "218000000", "incomeTaxExpense": "39000000", "interestAndDebtExpense": "97000000", "netIncomeFromContinuingOperations": "180000000", "comprehensiveIncomeNetOfTax": "179000000", "ebit": "280000000", "ebitda": "325000000", "netIncome": "179000000"}, {"fiscalDateEnding": "2019-03-31", "reportedCurrency": "USD", "grossProfit": "943000000", "totalRevenue": "1556000000", "costOfRevenue": "613000000", "costofGoodsAndServicesSold": "478000000", "operatingIncome": "288000000", "sellingGeneralAndAdministrative": "126000000", "researchAndDevelopment": "None", "operatingExpenses": "1268000000", "investmentIncomeNet": "None", "netInterestIncome": "-91000000", "interestIncome": "6000000", "interestExpense": "97000000", "nonInterestIncome": "1556000000", "otherNonOperatingIncome": "29000000", "depreciation": "None", "depreciationAndAmortization": "23000000", "incomeBeforeTax": "218000000", "incomeTaxExpense": "27000000", "interestAndDebtExpense": "97000000", "netIncomeFromContinuingOperations": "193000000", "comprehensiveIncomeNetOfTax": "192000000", "ebit": "288000000", "ebitda": "338000000", "netIncome": "191000000"}, {"fiscalDateEnding": "2018-12-31", "reportedCurrency": "USD", "grossProfit": "1419000000", "totalRevenue": "1419000000", "costOfRevenue": "610000000", "costofGoodsAndServicesSold": "481000000", "operatingIncome": "166000000", "sellingGeneralAndAdministrative": "118000000", "researchAndDevelopment": "None", "operatingExpenses": "1253000000", "investmentIncomeNet": "None", "netInterestIncome": "-92000000", "interestIncome": "7000000", "interestExpense": "99000000", "nonInterestIncome": "1419000000", "otherNonOperatingIncome": "18000000", "depreciation": "None", "depreciationAndAmortization": "263000000", "incomeBeforeTax": "85000000", "incomeTaxExpense": "16000000", "interestAndDebtExpense": "99000000", "netIncomeFromContinuingOperations": "166000000", "comprehensiveIncomeNetOfTax": "63000000", "ebit": "166000000", "ebitda": "446000000", "netIncome": "69000000"}, {"fiscalDateEnding": "2018-09-30", "reportedCurrency": "USD", "grossProfit": "1060000000", "totalRevenue": "1724000000", "costOfRevenue": "664000000", "costofGoodsAndServicesSold": "535000000", "operatingIncome": "533000000", "sellingGeneralAndAdministrative": "127000000", "researchAndDevelopment": "None", "operatingExpenses": "1191000000", "investmentIncomeNet": "None", "netInterestIncome": "-95000000", "interestIncome": "6000000", "interestExpense": "101000000", "nonInterestIncome": "1724000000", "otherNonOperatingIncome": "32000000", "depreciation": "None", "depreciationAndAmortization": "259000000", "incomeBeforeTax": "462000000", "incomeTaxExpense": "105000000", "interestAndDebtExpense": "101000000", "netIncomeFromContinuingOperations": "359000000", "comprehensiveIncomeNetOfTax": "359000000", "ebit": "533000000", "ebitda": "822000000", "netIncome": "357000000"}, {"fiscalDateEnding": "2018-06-30", "reportedCurrency": "USD", "grossProfit": "939000000", "totalRevenue": "1563000000", "costOfRevenue": "624000000", "costofGoodsAndServicesSold": "498000000", "operatingIncome": "385000000", "sellingGeneralAndAdministrative": "122000000", "researchAndDevelopment": "None", "operatingExpenses": "1178000000", "investmentIncomeNet": "None", "netInterestIncome": "-93000000", "interestIncome": "7000000", "interestExpense": "100000000", "nonInterestIncome": "1563000000", "otherNonOperatingIncome": "29000000", "depreciation": "None", "depreciationAndAmortization": "257000000", "incomeBeforeTax": "313000000", "incomeTaxExpense": "74000000", "interestAndDebtExpense": "100000000", "netIncomeFromContinuingOperations": "240000000", "comprehensiveIncomeNetOfTax": "237000000", "ebit": "385000000", "ebitda": "670000000", "netIncome": "239000000"}, {"fiscalDateEnding": "2018-03-31", "reportedCurrency": "USD", "grossProfit": "639000000", "totalRevenue": "1585000000", "costOfRevenue": "946000000", "costofGoodsAndServicesSold": "812000000", "operatingIncome": "273000000", "sellingGeneralAndAdministrative": "125000000", "researchAndDevelopment": "None", "operatingExpenses": "1312000000", "investmentIncomeNet": "None", "netInterestIncome": "-95000000", "interestIncome": "6000000", "interestExpense": "101000000", "nonInterestIncome": "1585000000", "otherNonOperatingIncome": "23000000", "depreciation": "None", "depreciationAndAmortization": "254000000", "incomeBeforeTax": "193000000", "incomeTaxExpense": "42000000", "interestAndDebtExpense": "101000000", "netIncomeFromContinuingOperations": "153000000", "comprehensiveIncomeNetOfTax": "152000000", "ebit": "273000000", "ebitda": "548000000", "netIncome": "151000000"}, {"fiscalDateEnding": "2017-12-31", "reportedCurrency": "USD", "grossProfit": "1402000000", "totalRevenue": "1399000000", "costOfRevenue": "815000000", "costofGoodsAndServicesSold": "681000000", "operatingIncome": "212000000", "sellingGeneralAndAdministrative": "124000000", "researchAndDevelopment": "None", "operatingExpenses": "1187000000", "investmentIncomeNet": "None", "netInterestIncome": "-90000000", "interestIncome": "6000000", "interestExpense": "96000000", "nonInterestIncome": "1399000000", "otherNonOperatingIncome": "25000000", "depreciation": "None", "depreciationAndAmortization": "228000000", "incomeBeforeTax": "140000000", "incomeTaxExpense": "200000000", "interestAndDebtExpense": "96000000", "netIncomeFromContinuingOperations": "-65000000", "comprehensiveIncomeNetOfTax": "-57000000", "ebit": "236000000", "ebitda": "464000000", "netIncome": "-60000000"}, {"fiscalDateEnding": "2017-09-30", "reportedCurrency": "USD", "grossProfit": "920000000", "totalRevenue": "1723000000", "costOfRevenue": "803000000", "costofGoodsAndServicesSold": "672000000", "operatingIncome": "569000000", "sellingGeneralAndAdministrative": "129000000", "researchAndDevelopment": "None", "operatingExpenses": "1154000000", "investmentIncomeNet": "None", "netInterestIncome": "-90000000", "interestIncome": "7000000", "interestExpense": "97000000", "nonInterestIncome": "1723000000", "otherNonOperatingIncome": "23000000", "depreciation": "None", "depreciationAndAmortization": "243000000", "incomeBeforeTax": "493000000", "incomeTaxExpense": "205000000", "interestAndDebtExpense": "97000000", "netIncomeFromContinuingOperations": "290000000", "comprehensiveIncomeNetOfTax": "288000000", "ebit": "590000000", "ebitda": "833000000", "netIncome": "288000000"}, {"fiscalDateEnding": "2017-06-30", "reportedCurrency": "USD", "grossProfit": "766000000", "totalRevenue": "1537000000", "costOfRevenue": "772000000", "costofGoodsAndServicesSold": "652000000", "operatingIncome": "387000000", "sellingGeneralAndAdministrative": "117000000", "researchAndDevelopment": "None", "operatingExpenses": "1150000000", "investmentIncomeNet": "None", "netInterestIncome": "-93000000", "interestIncome": "6000000", "interestExpense": "99000000", "nonInterestIncome": "1537000000", "otherNonOperatingIncome": "20000000", "depreciation": "None", "depreciationAndAmortization": "240000000", "incomeBeforeTax": "307000000", "incomeTaxExpense": "114000000", "interestAndDebtExpense": "99000000", "netIncomeFromContinuingOperations": "194000000", "comprehensiveIncomeNetOfTax": "195000000", "ebit": "406000000", "ebitda": "646000000", "netIncome": "193000000"}, {"fiscalDateEnding": "2017-03-31", "reportedCurrency": "USD", "grossProfit": "605000000", "totalRevenue": "1515000000", "costOfRevenue": "909000000", "costofGoodsAndServicesSold": "787000000", "operatingIncome": "242000000", "sellingGeneralAndAdministrative": "118000000", "researchAndDevelopment": "None", "operatingExpenses": "1273000000", "investmentIncomeNet": "None", "netInterestIncome": "-92000000", "interestIncome": "7000000", "interestExpense": "99000000", "nonInterestIncome": "1515000000", "otherNonOperatingIncome": "18000000", "depreciation": "None", "depreciationAndAmortization": "241000000", "incomeBeforeTax": "159000000", "incomeTaxExpense": "57000000", "interestAndDebtExpense": "99000000", "netIncomeFromContinuingOperations": "104000000", "comprehensiveIncomeNetOfTax": "102000000", "ebit": "258000000", "ebitda": "499000000", "netIncome": "102000000"}, {"fiscalDateEnding": "2016-12-31", "reportedCurrency": "USD", "grossProfit": "1356000000", "totalRevenue": "1356000000", "costOfRevenue": "893000000", "costofGoodsAndServicesSold": "718000000", "operatingIncome": "145000000", "sellingGeneralAndAdministrative": "147000000", "researchAndDevelopment": "None", "operatingExpenses": "1270000000", "investmentIncomeNet": "None", "netInterestIncome": "-88000000", "interestIncome": "7000000", "interestExpense": "95000000", "nonInterestIncome": "None", "otherNonOperatingIncome": "68000000", "depreciation": "None", "depreciationAndAmortization": "235000000", "incomeBeforeTax": "58000000", "incomeTaxExpense": "26000000", "interestAndDebtExpense": "95000000", "netIncomeFromContinuingOperations": "32000000", "comprehensiveIncomeNetOfTax": "11000000", "ebit": "153000000", "ebitda": "388000000", "netIncome": "32000000"}]}