{"symbol": "AES", "annualReports": [{"fiscalDateEnding": "2020-12-31", "reportedCurrency": "USD", "grossProfit": "2693000000", "totalRevenue": "9660000000", "costOfRevenue": "6967000000", "costofGoodsAndServicesSold": "6967000000", "operatingIncome": "338000000", "sellingGeneralAndAdministrative": "165000000", "researchAndDevelopment": "None", "operatingExpenses": "2397000000", "investmentIncomeNet": "268000000", "netInterestIncome": "-1038000000", "interestIncome": "268000000", "interestExpense": "1038000000", "nonInterestIncome": "-226000000", "otherNonOperatingIncome": "-127000000", "depreciation": "1004000000", "depreciationAndAmortization": "1068000000", "incomeBeforeTax": "262000000", "incomeTaxExpense": "216000000", "interestAndDebtExpense": "1224000000", "netIncomeFromContinuingOperations": "43000000", "comprehensiveIncomeNetOfTax": "-11000000", "ebit": "1300000000", "ebitda": "2368000000", "netIncome": "46000000"}, {"fiscalDateEnding": "2019-12-31", "reportedCurrency": "USD", "grossProfit": "2349000000", "totalRevenue": "10189000000", "costOfRevenue": "7840000000", "costofGoodsAndServicesSold": "7840000000", "operatingIncome": "671000000", "sellingGeneralAndAdministrative": "196000000", "researchAndDevelopment": "None", "operatingExpenses": "1598000000", "investmentIncomeNet": "318000000", "netInterestIncome": "-1050000000", "interestIncome": "318000000", "interestExpense": "1050000000", "nonInterestIncome": "-208000000", "otherNonOperatingIncome": "-92000000", "depreciation": "977000000", "depreciationAndAmortization": "1045000000", "incomeBeforeTax": "655000000", "incomeTaxExpense": "352000000", "interestAndDebtExpense": "1219000000", "netIncomeFromContinuingOperations": "302000000", "comprehensiveIncomeNetOfTax": "149000000", "ebit": "1705000000", "ebitda": "2750000000", "netIncome": "303000000"}, {"fiscalDateEnding": "2018-12-31", "reportedCurrency": "USD", "grossProfit": "2573000000", "totalRevenue": "10736000000", "costOfRevenue": "8163000000", "costofGoodsAndServicesSold": "8163000000", "operatingIncome": "909000000", "sellingGeneralAndAdministrative": "192000000", "researchAndDevelopment": "None", "operatingExpenses": "1606000000", "investmentIncomeNet": "310000000", "netInterestIncome": "-1056000000", "interestIncome": "310000000", "interestExpense": "1056000000", "nonInterestIncome": "724000000", "otherNonOperatingIncome": "-147000000", "depreciation": "960000000", "depreciationAndAmortization": "1003000000", "incomeBeforeTax": "1911000000", "incomeTaxExpense": "708000000", "interestAndDebtExpense": "1244000000", "netIncomeFromContinuingOperations": "985000000", "comprehensiveIncomeNetOfTax": "989000000", "ebit": "2967000000", "ebitda": "3970000000", "netIncome": "1203000000"}, {"fiscalDateEnding": "2017-12-31", "reportedCurrency": "USD", "grossProfit": "2465000000", "totalRevenue": "10530000000", "costOfRevenue": "8065000000", "costofGoodsAndServicesSold": "8065000000", "operatingIncome": "417000000", "sellingGeneralAndAdministrative": "215000000", "researchAndDevelopment": "None", "operatingExpenses": "1990000000", "investmentIncomeNet": "244000000", "netInterestIncome": "-1170000000", "interestIncome": "244000000", "interestExpense": "1170000000", "nonInterestIncome": "-78000000", "otherNonOperatingIncome": "0", "depreciation": "1005000000", "depreciationAndAmortization": "1169000000", "incomeBeforeTax": "-171000000", "incomeTaxExpense": "990000000", "interestAndDebtExpense": "1238000000", "netIncomeFromContinuingOperations": "-507000000", "comprehensiveIncomeNetOfTax": "-248000000", "ebit": "999000000", "ebitda": "2168000000", "netIncome": "-1161000000"}, {"fiscalDateEnding": "2016-12-31", "reportedCurrency": "USD", "grossProfit": "2383000000", "totalRevenue": "10281000000", "costOfRevenue": "7898000000", "costofGoodsAndServicesSold": "7898000000", "operatingIncome": "-195000000", "sellingGeneralAndAdministrative": "194000000", "researchAndDevelopment": "None", "operatingExpenses": "2525000000", "investmentIncomeNet": "464000000", "netInterestIncome": "-1431000000", "interestIncome": "-297000000", "interestExpense": "1134000000", "nonInterestIncome": "1000000", "otherNonOperatingIncome": "-2000000", "depreciation": "1002000000", "depreciationAndAmortization": "1176000000", "incomeBeforeTax": "-1098000000", "incomeTaxExpense": "32000000", "interestAndDebtExpense": "1444000000", "netIncomeFromContinuingOperations": "-20000000", "comprehensiveIncomeNetOfTax": "-3000000", "ebit": "36000000", "ebitda": "1212000000", "netIncome": "-1130000000"}], "quarterlyReports": [{"fiscalDateEnding": "2021-09-30", "reportedCurrency": "USD", "grossProfit": "760000000", "totalRevenue": "3036000000", "costOfRevenue": "2276000000", "costofGoodsAndServicesSold": "2276000000", "operatingIncome": "680000000", "sellingGeneralAndAdministrative": "39000000", "researchAndDevelopment": "None", "operatingExpenses": "46000000", "investmentIncomeNet": "71000000", "netInterestIncome": "-242000000", "interestIncome": "71000000", "interestExpense": "242000000", "nonInterestIncome": "29000000", "otherNonOperatingIncome": "48000000", "depreciation": "None", "depreciationAndAmortization": "257000000", "incomeBeforeTax": "469000000", "incomeTaxExpense": "126000000", "interestAndDebtExpense": "264000000", "netIncomeFromContinuingOperations": "343000000", "comprehensiveIncomeNetOfTax": "329000000", "ebit": "711000000", "ebitda": "968000000", "netIncome": "343000000"}, {"fiscalDateEnding": "2021-06-30", "reportedCurrency": "USD", "grossProfit": "728000000", "totalRevenue": "2700000000", "costOfRevenue": "1972000000", "costofGoodsAndServicesSold": "1972000000", "operatingIncome": "-193000000", "sellingGeneralAndAdministrative": "45000000", "researchAndDevelopment": "None", "operatingExpenses": "853000000", "investmentIncomeNet": "73000000", "netInterestIncome": "-237000000", "interestIncome": "-166000000", "interestExpense": "237000000", "nonInterestIncome": "36000000", "otherNonOperatingIncome": "183000000", "depreciation": "None", "depreciationAndAmortization": "263000000", "incomeBeforeTax": "-31000000", "incomeTaxExpense": "-59000000", "interestAndDebtExpense": "255000000", "netIncomeFromContinuingOperations": "24000000", "comprehensiveIncomeNetOfTax": "-81000000", "ebit": "206000000", "ebitda": "469000000", "netIncome": "28000000"}, {"fiscalDateEnding": "2021-03-31", "reportedCurrency": "USD", "grossProfit": "664000000", "totalRevenue": "2635000000", "costOfRevenue": "1971000000", "costofGoodsAndServicesSold": "1971000000", "operatingIncome": "-131000000", "sellingGeneralAndAdministrative": "46000000", "researchAndDevelopment": "None", "operatingExpenses": "784000000", "investmentIncomeNet": "68000000", "netInterestIncome": "-190000000", "interestIncome": "68000000", "interestExpense": "190000000", "nonInterestIncome": "35000000", "otherNonOperatingIncome": "43000000", "depreciation": "None", "depreciationAndAmortization": "275000000", "incomeBeforeTax": "-140000000", "incomeTaxExpense": "8000000", "interestAndDebtExpense": "191000000", "netIncomeFromContinuingOperations": "-148000000", "comprehensiveIncomeNetOfTax": "18000000", "ebit": "50000000", "ebitda": "325000000", "netIncome": "-148000000"}, {"fiscalDateEnding": "2020-12-31", "reportedCurrency": "USD", "grossProfit": "906000000", "totalRevenue": "2560000000", "costOfRevenue": "1654000000", "costofGoodsAndServicesSold": "1654000000", "operatingIncome": "906000000", "sellingGeneralAndAdministrative": "46000000", "researchAndDevelopment": "None", "operatingExpenses": "455000000", "investmentIncomeNet": "70000000", "netInterestIncome": "-297000000", "interestIncome": "70000000", "interestExpense": "297000000", "nonInterestIncome": "-27000000", "otherNonOperatingIncome": "15000000", "depreciation": "None", "depreciationAndAmortization": "265000000", "incomeBeforeTax": "479000000", "incomeTaxExpense": "161000000", "interestAndDebtExpense": "388000000", "netIncomeFromContinuingOperations": "318000000", "comprehensiveIncomeNetOfTax": "545000000", "ebit": "776000000", "ebitda": "1041000000", "netIncome": "318000000"}, {"fiscalDateEnding": "2020-09-30", "reportedCurrency": "USD", "grossProfit": "756000000", "totalRevenue": "2545000000", "costOfRevenue": "1789000000", "costofGoodsAndServicesSold": "1789000000", "operatingIncome": "-154000000", "sellingGeneralAndAdministrative": "41000000", "researchAndDevelopment": "None", "operatingExpenses": "980000000", "investmentIncomeNet": "64000000", "netInterestIncome": "-290000000", "interestIncome": "-224000000", "interestExpense": "290000000", "nonInterestIncome": "-150000000", "otherNonOperatingIncome": "6000000", "depreciation": "None", "depreciationAndAmortization": "264000000", "incomeBeforeTax": "-480000000", "incomeTaxExpense": "-147000000", "interestAndDebtExpense": "344000000", "netIncomeFromContinuingOperations": "-333000000", "comprehensiveIncomeNetOfTax": "-154000000", "ebit": "-190000000", "ebitda": "74000000", "netIncome": "-333000000"}, {"fiscalDateEnding": "2020-06-30", "reportedCurrency": "USD", "grossProfit": "524000000", "totalRevenue": "2217000000", "costOfRevenue": "1693000000", "costofGoodsAndServicesSold": "1693000000", "operatingIncome": "481000000", "sellingGeneralAndAdministrative": "40000000", "researchAndDevelopment": "None", "operatingExpenses": "67000000", "investmentIncomeNet": "64000000", "netInterestIncome": "-218000000", "interestIncome": "64000000", "interestExpense": "218000000", "nonInterestIncome": "-85000000", "otherNonOperatingIncome": "-149000000", "depreciation": "None", "depreciationAndAmortization": "271000000", "incomeBeforeTax": "30000000", "incomeTaxExpense": "113000000", "interestAndDebtExpense": "258000000", "netIncomeFromContinuingOperations": "-86000000", "comprehensiveIncomeNetOfTax": "-84000000", "ebit": "248000000", "ebitda": "519000000", "netIncome": "-83000000"}, {"fiscalDateEnding": "2020-03-31", "reportedCurrency": "USD", "grossProfit": "507000000", "totalRevenue": "2338000000", "costOfRevenue": "1831000000", "costofGoodsAndServicesSold": "1831000000", "operatingIncome": "189000000", "sellingGeneralAndAdministrative": "38000000", "researchAndDevelopment": "None", "operatingExpenses": "314000000", "investmentIncomeNet": "70000000", "netInterestIncome": "-233000000", "interestIncome": "70000000", "interestExpense": "233000000", "nonInterestIncome": "32000000", "otherNonOperatingIncome": "1000000", "depreciation": "None", "depreciationAndAmortization": "268000000", "incomeBeforeTax": "233000000", "incomeTaxExpense": "89000000", "interestAndDebtExpense": "234000000", "netIncomeFromContinuingOperations": "144000000", "comprehensiveIncomeNetOfTax": "-318000000", "ebit": "466000000", "ebitda": "734000000", "netIncome": "144000000"}, {"fiscalDateEnding": "2019-12-31", "reportedCurrency": "USD", "grossProfit": "560000000", "totalRevenue": "2431000000", "costOfRevenue": "1871000000", "costofGoodsAndServicesSold": "1871000000", "operatingIncome": "560000000", "sellingGeneralAndAdministrative": "60000000", "researchAndDevelopment": "None", "operatingExpenses": "551000000", "investmentIncomeNet": "76000000", "netInterestIncome": "-262000000", "interestIncome": "76000000", "interestExpense": "262000000", "nonInterestIncome": "-22000000", "otherNonOperatingIncome": "-218000000", "depreciation": "None", "depreciationAndAmortization": "271000000", "incomeBeforeTax": "-28000000", "incomeTaxExpense": "50000000", "interestAndDebtExpense": "305000000", "netIncomeFromContinuingOperations": "-78000000", "comprehensiveIncomeNetOfTax": "28000000", "ebit": "234000000", "ebitda": "505000000", "netIncome": "-78000000"}, {"fiscalDateEnding": "2019-09-30", "reportedCurrency": "USD", "grossProfit": "701000000", "totalRevenue": "2625000000", "costOfRevenue": "1924000000", "costofGoodsAndServicesSold": "1924000000", "operatingIncome": "651000000", "sellingGeneralAndAdministrative": "41000000", "researchAndDevelopment": "None", "operatingExpenses": "25000000", "investmentIncomeNet": "81000000", "netInterestIncome": "-250000000", "interestIncome": "81000000", "interestExpense": "250000000", "nonInterestIncome": "-136000000", "otherNonOperatingIncome": "78000000", "depreciation": "None", "depreciationAndAmortization": "262000000", "incomeBeforeTax": "340000000", "incomeTaxExpense": "130000000", "interestAndDebtExpense": "315000000", "netIncomeFromContinuingOperations": "210000000", "comprehensiveIncomeNetOfTax": "22000000", "ebit": "590000000", "ebitda": "852000000", "netIncome": "210000000"}, {"fiscalDateEnding": "2019-06-30", "reportedCurrency": "USD", "grossProfit": "502000000", "totalRevenue": "2483000000", "costOfRevenue": "1981000000", "costofGoodsAndServicesSold": "1981000000", "operatingIncome": "322000000", "sellingGeneralAndAdministrative": "49000000", "researchAndDevelopment": "None", "operatingExpenses": "169000000", "investmentIncomeNet": "82000000", "netInterestIncome": "-273000000", "interestIncome": "82000000", "interestExpense": "273000000", "nonInterestIncome": "-32000000", "otherNonOperatingIncome": "18000000", "depreciation": "None", "depreciationAndAmortization": "266000000", "incomeBeforeTax": "74000000", "incomeTaxExpense": "57000000", "interestAndDebtExpense": "324000000", "netIncomeFromContinuingOperations": "16000000", "comprehensiveIncomeNetOfTax": "-23000000", "ebit": "347000000", "ebitda": "613000000", "netIncome": "17000000"}, {"fiscalDateEnding": "2019-03-31", "reportedCurrency": "USD", "grossProfit": "586000000", "totalRevenue": "2650000000", "costOfRevenue": "2064000000", "costofGoodsAndServicesSold": "2064000000", "operatingIncome": "275000000", "sellingGeneralAndAdministrative": "46000000", "researchAndDevelopment": "None", "operatingExpenses": "299000000", "investmentIncomeNet": "79000000", "netInterestIncome": "-265000000", "interestIncome": "-190000000", "interestExpense": "265000000", "nonInterestIncome": "-18000000", "otherNonOperatingIncome": "30000000", "depreciation": "None", "depreciationAndAmortization": "246000000", "incomeBeforeTax": "269000000", "incomeTaxExpense": "115000000", "interestAndDebtExpense": "275000000", "netIncomeFromContinuingOperations": "154000000", "comprehensiveIncomeNetOfTax": "122000000", "ebit": "534000000", "ebitda": "780000000", "netIncome": "154000000"}, {"fiscalDateEnding": "2018-12-31", "reportedCurrency": "USD", "grossProfit": "646000000", "totalRevenue": "2622000000", "costOfRevenue": "1976000000", "costofGoodsAndServicesSold": "1976000000", "operatingIncome": "646000000", "sellingGeneralAndAdministrative": "58000000", "researchAndDevelopment": "None", "operatingExpenses": "-128000000", "investmentIncomeNet": "79000000", "netInterestIncome": "-257000000", "interestIncome": "None", "interestExpense": "257000000", "nonInterestIncome": "128000000", "otherNonOperatingIncome": "39000000", "depreciation": "None", "depreciationAndAmortization": "233000000", "incomeBeforeTax": "327000000", "incomeTaxExpense": "199000000", "interestAndDebtExpense": "258000000", "netIncomeFromContinuingOperations": "102000000", "comprehensiveIncomeNetOfTax": "77000000", "ebit": "584000000", "ebitda": "817000000", "netIncome": "128000000"}, {"fiscalDateEnding": "2018-09-30", "reportedCurrency": "USD", "grossProfit": "671000000", "totalRevenue": "2837000000", "costOfRevenue": "2166000000", "costofGoodsAndServicesSold": "2166000000", "operatingIncome": "525000000", "sellingGeneralAndAdministrative": "43000000", "researchAndDevelopment": "None", "operatingExpenses": "138000000", "investmentIncomeNet": "79000000", "netInterestIncome": "-255000000", "interestIncome": "None", "interestExpense": "255000000", "nonInterestIncome": "-27000000", "otherNonOperatingIncome": "58000000", "depreciation": "None", "depreciationAndAmortization": "258000000", "incomeBeforeTax": "247000000", "incomeTaxExpense": "146000000", "interestAndDebtExpense": "266000000", "netIncomeFromContinuingOperations": "102000000", "comprehensiveIncomeNetOfTax": "69000000", "ebit": "502000000", "ebitda": "760000000", "netIncome": "101000000"}, {"fiscalDateEnding": "2018-06-30", "reportedCurrency": "USD", "grossProfit": "600000000", "totalRevenue": "2537000000", "costOfRevenue": "1937000000", "costofGoodsAndServicesSold": "1937000000", "operatingIncome": "469000000", "sellingGeneralAndAdministrative": "35000000", "researchAndDevelopment": "None", "operatingExpenses": "38000000", "investmentIncomeNet": "76000000", "netInterestIncome": "-263000000", "interestIncome": "None", "interestExpense": "263000000", "nonInterestIncome": "53000000", "otherNonOperatingIncome": "143000000", "depreciation": "None", "depreciationAndAmortization": "258000000", "incomeBeforeTax": "422000000", "incomeTaxExpense": "132000000", "interestAndDebtExpense": "269000000", "netIncomeFromContinuingOperations": "96000000", "comprehensiveIncomeNetOfTax": "110000000", "ebit": "685000000", "ebitda": "943000000", "netIncome": "290000000"}, {"fiscalDateEnding": "2018-03-31", "reportedCurrency": "USD", "grossProfit": "656000000", "totalRevenue": "2740000000", "costOfRevenue": "2084000000", "costofGoodsAndServicesSold": "2084000000", "operatingIncome": "335000000", "sellingGeneralAndAdministrative": "56000000", "researchAndDevelopment": "None", "operatingExpenses": "312000000", "investmentIncomeNet": "76000000", "netInterestIncome": "-281000000", "interestIncome": "None", "interestExpense": "281000000", "nonInterestIncome": "599000000", "otherNonOperatingIncome": "686000000", "depreciation": "None", "depreciationAndAmortization": "254000000", "incomeBeforeTax": "915000000", "incomeTaxExpense": "231000000", "interestAndDebtExpense": "451000000", "netIncomeFromContinuingOperations": "685000000", "comprehensiveIncomeNetOfTax": "733000000", "ebit": "1196000000", "ebitda": "1450000000", "netIncome": "684000000"}, {"fiscalDateEnding": "2017-12-31", "reportedCurrency": "USD", "grossProfit": "645000000", "totalRevenue": "2643000000", "costOfRevenue": "1998000000", "costofGoodsAndServicesSold": "1998000000", "operatingIncome": "643000000", "sellingGeneralAndAdministrative": "60000000", "researchAndDevelopment": "None", "operatingExpenses": "657000000", "investmentIncomeNet": "-47000000", "netInterestIncome": "-136000000", "interestIncome": "174000000", "interestExpense": "310000000", "nonInterestIncome": "2000000", "otherNonOperatingIncome": "-6000000", "depreciation": "None", "depreciationAndAmortization": "285000000", "incomeBeforeTax": "-598000000", "incomeTaxExpense": "744000000", "interestAndDebtExpense": "160000000", "netIncomeFromContinuingOperations": "-683000000", "comprehensiveIncomeNetOfTax": "-552000000", "ebit": "-288000000", "ebitda": "-3000000", "netIncome": "-1342000000"}, {"fiscalDateEnding": "2017-09-30", "reportedCurrency": "USD", "grossProfit": "640000000", "totalRevenue": "2693000000", "costOfRevenue": "2053000000", "costofGoodsAndServicesSold": "2053000000", "operatingIncome": "610000000", "sellingGeneralAndAdministrative": "52000000", "researchAndDevelopment": "None", "operatingExpenses": "55000000", "investmentIncomeNet": "101000000", "netInterestIncome": "-353000000", "interestIncome": "-56000000", "interestExpense": "297000000", "nonInterestIncome": "-29000000", "otherNonOperatingIncome": "96000000", "depreciation": "None", "depreciationAndAmortization": "303000000", "incomeBeforeTax": "245000000", "incomeTaxExpense": "93000000", "interestAndDebtExpense": "402000000", "netIncomeFromContinuingOperations": "147000000", "comprehensiveIncomeNetOfTax": "227000000", "ebit": "542000000", "ebitda": "845000000", "netIncome": "152000000"}, {"fiscalDateEnding": "2017-06-30", "reportedCurrency": "USD", "grossProfit": "623000000", "totalRevenue": "2613000000", "costOfRevenue": "1990000000", "costofGoodsAndServicesSold": "1990000000", "operatingIncome": "513000000", "sellingGeneralAndAdministrative": "49000000", "researchAndDevelopment": "None", "operatingExpenses": "187000000", "investmentIncomeNet": "93000000", "netInterestIncome": "-333000000", "interestIncome": "-57000000", "interestExpense": "276000000", "nonInterestIncome": "-48000000", "otherNonOperatingIncome": "47000000", "depreciation": "None", "depreciationAndAmortization": "290000000", "incomeBeforeTax": "139000000", "incomeTaxExpense": "86000000", "interestAndDebtExpense": "345000000", "netIncomeFromContinuingOperations": "53000000", "comprehensiveIncomeNetOfTax": "29000000", "ebit": "415000000", "ebitda": "705000000", "netIncome": "53000000"}, {"fiscalDateEnding": "2017-03-31", "reportedCurrency": "USD", "grossProfit": "557000000", "totalRevenue": "2581000000", "costOfRevenue": "2024000000", "costofGoodsAndServicesSold": "2024000000", "operatingIncome": "39000000", "sellingGeneralAndAdministrative": "54000000", "researchAndDevelopment": "None", "operatingExpenses": "525000000", "investmentIncomeNet": "97000000", "netInterestIncome": "-348000000", "interestIncome": "-61000000", "interestExpense": "287000000", "nonInterestIncome": "-4000000", "otherNonOperatingIncome": "100000000", "depreciation": "None", "depreciationAndAmortization": "291000000", "incomeBeforeTax": "43000000", "incomeTaxExpense": "67000000", "interestAndDebtExpense": "331000000", "netIncomeFromContinuingOperations": "-24000000", "comprehensiveIncomeNetOfTax": "48000000", "ebit": "330000000", "ebitda": "621000000", "netIncome": "-24000000"}, {"fiscalDateEnding": "2016-12-31", "reportedCurrency": "USD", "grossProfit": "632000000", "totalRevenue": "2660000000", "costOfRevenue": "2028000000", "costofGoodsAndServicesSold": "-373000000", "operatingIncome": "662000000", "sellingGeneralAndAdministrative": "59000000", "researchAndDevelopment": "None", "operatingExpenses": "1012000000", "investmentIncomeNet": "99000000", "netInterestIncome": "-345000000", "interestIncome": "-297000000", "interestExpense": "48000000", "nonInterestIncome": "-1000000", "otherNonOperatingIncome": "107000000", "depreciation": "None", "depreciationAndAmortization": "299000000", "incomeBeforeTax": "-1082000000", "incomeTaxExpense": "-133000000", "interestAndDebtExpense": "346000000", "netIncomeFromContinuingOperations": "-228000000", "comprehensiveIncomeNetOfTax": "48000000", "ebit": "-1034000000", "ebitda": "-735000000", "netIncome": "-949000000"}]}