{"symbol": "AJG", "annualReports": [{"fiscalDateEnding": "2020-12-31", "reportedCurrency": "USD", "grossProfit": "2404000000", "totalRevenue": "6804300000", "costOfRevenue": "4400300000", "costofGoodsAndServicesSold": "882100000", "operatingIncome": "1497500000", "sellingGeneralAndAdministrative": "3466500000", "researchAndDevelopment": "None", "operatingExpenses": "906500000", "investmentIncomeNet": "None", "netInterestIncome": "-196400000", "interestIncome": "-196400000", "interestExpense": "196400000", "nonInterestIncome": "7000700000", "otherNonOperatingIncome": "None", "depreciation": "145100000", "depreciationAndAmortization": "562400000", "incomeBeforeTax": "831600000", "incomeTaxExpense": "12800000", "interestAndDebtExpense": "196400000", "netIncomeFromContinuingOperations": "858100000", "comprehensiveIncomeNetOfTax": "934400000", "ebit": "1028000000", "ebitda": "1590400000", "netIncome": "818800000"}, {"fiscalDateEnding": "2019-12-31", "reportedCurrency": "USD", "grossProfit": "2316100000", "totalRevenue": "7195000000", "costOfRevenue": "4692400000", "costofGoodsAndServicesSold": "1352800000", "operatingIncome": "1247600000", "sellingGeneralAndAdministrative": "3339500000", "researchAndDevelopment": "None", "operatingExpenses": "1068500000", "investmentIncomeNet": "None", "netInterestIncome": "-179800000", "interestIncome": "-179800000", "interestExpense": "179800000", "nonInterestIncome": "7188300000", "otherNonOperatingIncome": "None", "depreciation": "140400000", "depreciationAndAmortization": "474400000", "incomeBeforeTax": "579100000", "incomeTaxExpense": "-89700000", "interestAndDebtExpense": "179800000", "netIncomeFromContinuingOperations": "715800000", "comprehensiveIncomeNetOfTax": "694500000", "ebit": "758900000", "ebitda": "1233300000", "netIncome": "668800000"}, {"fiscalDateEnding": "2018-12-31", "reportedCurrency": "USD", "grossProfit": "1805600000", "totalRevenue": "6934000000", "costOfRevenue": "4992900000", "costofGoodsAndServicesSold": "1816000000", "operatingIncome": "901900000", "sellingGeneralAndAdministrative": "140000000", "researchAndDevelopment": "None", "operatingExpenses": "903700000", "investmentIncomeNet": "None", "netInterestIncome": "-138400000", "interestIncome": "-138400000", "interestExpense": "138400000", "nonInterestIncome": "6936900000", "otherNonOperatingIncome": "None", "depreciation": "127800000", "depreciationAndAmortization": "419000000", "incomeBeforeTax": "437000000", "incomeTaxExpense": "-196500000", "interestAndDebtExpense": "138400000", "netIncomeFromContinuingOperations": "675900000", "comprehensiveIncomeNetOfTax": "411900000", "ebit": "575400000", "ebitda": "994400000", "netIncome": "633500000"}, {"fiscalDateEnding": "2017-12-31", "reportedCurrency": "USD", "grossProfit": "1627500000", "totalRevenue": "6159600000", "costOfRevenue": "4532100000", "costofGoodsAndServicesSold": "1635900000", "operatingIncome": "775000000", "sellingGeneralAndAdministrative": "2890000000", "researchAndDevelopment": "None", "operatingExpenses": "829100000", "investmentIncomeNet": "56300000", "netInterestIncome": "-124100000", "interestIncome": "-124100000", "interestExpense": "124100000", "nonInterestIncome": "1645700000", "otherNonOperatingIncome": "None", "depreciation": "121100000", "depreciationAndAmortization": "385800000", "incomeBeforeTax": "324200000", "incomeTaxExpense": "-157100000", "interestAndDebtExpense": "124100000", "netIncomeFromContinuingOperations": "499200000", "comprehensiveIncomeNetOfTax": "681700000", "ebit": "448300000", "ebitda": "851900000", "netIncome": "481300000"}, {"fiscalDateEnding": "2016-12-31", "reportedCurrency": "USD", "grossProfit": "1511300000", "totalRevenue": "5594800000", "costOfRevenue": "4083500000", "costofGoodsAndServicesSold": "1408600000", "operatingIncome": "713600000", "sellingGeneralAndAdministrative": "2673100000", "researchAndDevelopment": "None", "operatingExpenses": "776300000", "investmentIncomeNet": "53300000", "netInterestIncome": "-109800000", "interestIncome": "-109800000", "interestExpense": "109800000", "nonInterestIncome": "1502000000", "otherNonOperatingIncome": "None", "depreciation": "103600000", "depreciationAndAmortization": "350800000", "incomeBeforeTax": "300100000", "incomeTaxExpense": "-96700000", "interestAndDebtExpense": "109800000", "netIncomeFromContinuingOperations": "445000000", "comprehensiveIncomeNetOfTax": "158300000", "ebit": "409900000", "ebitda": "786900000", "netIncome": "396800000"}], "quarterlyReports": [{"fiscalDateEnding": "2021-09-30", "reportedCurrency": "USD", "grossProfit": "695100000", "totalRevenue": "2061700000", "costOfRevenue": "1366600000", "costofGoodsAndServicesSold": "366100000", "operatingIncome": "429500000", "sellingGeneralAndAdministrative": "1000500000", "researchAndDevelopment": "None", "operatingExpenses": "265600000", "investmentIncomeNet": "None", "netInterestIncome": "-60300000", "interestIncome": "-60300000", "interestExpense": "60300000", "nonInterestIncome": "2122000000", "otherNonOperatingIncome": "-16200000", "depreciation": "38400000", "depreciationAndAmortization": "131300000", "incomeBeforeTax": "217900000", "incomeTaxExpense": "-7200000", "interestAndDebtExpense": "76500000", "netIncomeFromContinuingOperations": "238600000", "comprehensiveIncomeNetOfTax": "132100000", "ebit": "278200000", "ebitda": "409500000", "netIncome": "225100000"}, {"fiscalDateEnding": "2021-06-30", "reportedCurrency": "USD", "grossProfit": "671400000", "totalRevenue": "1877300000", "costOfRevenue": "1205900000", "costofGoodsAndServicesSold": "268800000", "operatingIncome": "418000000", "sellingGeneralAndAdministrative": "937100000", "researchAndDevelopment": "None", "operatingExpenses": "253400000", "investmentIncomeNet": "None", "netInterestIncome": "-56200000", "interestIncome": "-57300000", "interestExpense": "56200000", "nonInterestIncome": "1933500000", "otherNonOperatingIncome": "None", "depreciation": "37200000", "depreciationAndAmortization": "145200000", "incomeBeforeTax": "210700000", "incomeTaxExpense": "20500000", "interestAndDebtExpense": "56200000", "netIncomeFromContinuingOperations": "201800000", "comprehensiveIncomeNetOfTax": "187800000", "ebit": "266900000", "ebitda": "412100000", "netIncome": "190200000"}, {"fiscalDateEnding": "2021-03-31", "reportedCurrency": "USD", "grossProfit": "827400000", "totalRevenue": "2112100000", "costOfRevenue": "1284700000", "costofGoodsAndServicesSold": "309100000", "operatingIncome": "594300000", "sellingGeneralAndAdministrative": "975600000", "researchAndDevelopment": "None", "operatingExpenses": "233100000", "investmentIncomeNet": "None", "netInterestIncome": "-48100000", "interestIncome": "-52200000", "interestExpense": "48100000", "nonInterestIncome": "2160200000", "otherNonOperatingIncome": "None", "depreciation": "38100000", "depreciationAndAmortization": "143300000", "incomeBeforeTax": "396800000", "incomeTaxExpense": "14700000", "interestAndDebtExpense": "48100000", "netIncomeFromContinuingOperations": "393700000", "comprehensiveIncomeNetOfTax": "497300000", "ebit": "444900000", "ebitda": "588200000", "netIncome": "382100000"}, {"fiscalDateEnding": "2020-12-31", "reportedCurrency": "USD", "grossProfit": "1703600000", "totalRevenue": "1703600000", "costOfRevenue": "1149200000", "costofGoodsAndServicesSold": "216300000", "operatingIncome": "1703600000", "sellingGeneralAndAdministrative": "881200000", "researchAndDevelopment": "None", "operatingExpenses": "230800000", "investmentIncomeNet": "None", "netInterestIncome": "-47800000", "interestIncome": "-47800000", "interestExpense": "47800000", "nonInterestIncome": "1703600000", "otherNonOperatingIncome": "None", "depreciation": "37400000", "depreciationAndAmortization": "133500000", "incomeBeforeTax": "122800000", "incomeTaxExpense": "-19400000", "interestAndDebtExpense": "47800000", "netIncomeFromContinuingOperations": "133700000", "comprehensiveIncomeNetOfTax": "369500000", "ebit": "170600000", "ebitda": "304100000", "netIncome": "142200000"}, {"fiscalDateEnding": "2020-09-30", "reportedCurrency": "USD", "grossProfit": "608300000", "totalRevenue": "1801000000", "costOfRevenue": "1192700000", "costofGoodsAndServicesSold": "319200000", "operatingIncome": "405100000", "sellingGeneralAndAdministrative": "873500000", "researchAndDevelopment": "None", "operatingExpenses": "203200000", "investmentIncomeNet": "None", "netInterestIncome": "-48100000", "interestIncome": "-45500000", "interestExpense": "48100000", "nonInterestIncome": "1849100000", "otherNonOperatingIncome": "None", "depreciation": "36500000", "depreciationAndAmortization": "36500000", "incomeBeforeTax": "198300000", "incomeTaxExpense": "21700000", "interestAndDebtExpense": "48100000", "netIncomeFromContinuingOperations": "187800000", "comprehensiveIncomeNetOfTax": "287900000", "ebit": "246400000", "ebitda": "282900000", "netIncome": "176600000"}, {"fiscalDateEnding": "2020-06-30", "reportedCurrency": "USD", "grossProfit": "557200000", "totalRevenue": "1534000000", "costOfRevenue": "976800000", "costofGoodsAndServicesSold": "161200000", "operatingIncome": "342400000", "sellingGeneralAndAdministrative": "815600000", "researchAndDevelopment": "None", "operatingExpenses": "214800000", "investmentIncomeNet": "None", "netInterestIncome": "-50000000", "interestIncome": "-55100000", "interestExpense": "50000000", "nonInterestIncome": "1584000000", "otherNonOperatingIncome": "None", "depreciation": "34400000", "depreciationAndAmortization": "34400000", "incomeBeforeTax": "163600000", "incomeTaxExpense": "9900000", "interestAndDebtExpense": "50000000", "netIncomeFromContinuingOperations": "161800000", "comprehensiveIncomeNetOfTax": "403400000", "ebit": "213600000", "ebitda": "248000000", "netIncome": "153700000"}, {"fiscalDateEnding": "2020-03-31", "reportedCurrency": "USD", "grossProfit": "747200000", "totalRevenue": "1828800000", "costOfRevenue": "1081600000", "costofGoodsAndServicesSold": "185400000", "operatingIncome": "489500000", "sellingGeneralAndAdministrative": "896200000", "researchAndDevelopment": "None", "operatingExpenses": "257700000", "investmentIncomeNet": "None", "netInterestIncome": "-50500000", "interestIncome": "-62900000", "interestExpense": "50500000", "nonInterestIncome": "1879300000", "otherNonOperatingIncome": "None", "depreciation": "36800000", "depreciationAndAmortization": "36800000", "incomeBeforeTax": "346900000", "incomeTaxExpense": "600000", "interestAndDebtExpense": "50500000", "netIncomeFromContinuingOperations": "355400000", "comprehensiveIncomeNetOfTax": "-126400000", "ebit": "397400000", "ebitda": "434200000", "netIncome": "346300000"}, {"fiscalDateEnding": "2019-12-31", "reportedCurrency": "USD", "grossProfit": "1721400000", "totalRevenue": "1721400000", "costOfRevenue": "1138400000", "costofGoodsAndServicesSold": "280900000", "operatingIncome": "1721400000", "sellingGeneralAndAdministrative": "857400000", "researchAndDevelopment": "None", "operatingExpenses": "280300000", "investmentIncomeNet": "None", "netInterestIncome": "-48100000", "interestIncome": "-48100000", "interestExpense": "48100000", "nonInterestIncome": "1721400000", "otherNonOperatingIncome": "None", "depreciation": "36000000", "depreciationAndAmortization": "36000000", "incomeBeforeTax": "76900000", "incomeTaxExpense": "-21600000", "interestAndDebtExpense": "48100000", "netIncomeFromContinuingOperations": "84000000", "comprehensiveIncomeNetOfTax": "260800000", "ebit": "125000000", "ebitda": "161000000", "netIncome": "98500000"}, {"fiscalDateEnding": "2019-09-30", "reportedCurrency": "USD", "grossProfit": "542500000", "totalRevenue": "1825200000", "costOfRevenue": "1236100000", "costofGoodsAndServicesSold": "397400000", "operatingIncome": "274500000", "sellingGeneralAndAdministrative": "838700000", "researchAndDevelopment": "None", "operatingExpenses": "268000000", "investmentIncomeNet": "None", "netInterestIncome": "-46600000", "interestIncome": "-46600000", "interestExpense": "46600000", "nonInterestIncome": "1825200000", "otherNonOperatingIncome": "None", "depreciation": "35100000", "depreciationAndAmortization": "35100000", "incomeBeforeTax": "103800000", "incomeTaxExpense": "-22300000", "interestAndDebtExpense": "46600000", "netIncomeFromContinuingOperations": "137100000", "comprehensiveIncomeNetOfTax": "6600000", "ebit": "150400000", "ebitda": "185500000", "netIncome": "126100000"}, {"fiscalDateEnding": "2019-06-30", "reportedCurrency": "USD", "grossProfit": "514600000", "totalRevenue": "1657800000", "costOfRevenue": "1098300000", "costofGoodsAndServicesSold": "292000000", "operatingIncome": "256900000", "sellingGeneralAndAdministrative": "806300000", "researchAndDevelopment": "None", "operatingExpenses": "257700000", "investmentIncomeNet": "None", "netInterestIncome": "-44900000", "interestIncome": "-44900000", "interestExpense": "44900000", "nonInterestIncome": "1657800000", "otherNonOperatingIncome": "None", "depreciation": "35300000", "depreciationAndAmortization": "35300000", "incomeBeforeTax": "94200000", "incomeTaxExpense": "-15900000", "interestAndDebtExpense": "44900000", "netIncomeFromContinuingOperations": "121400000", "comprehensiveIncomeNetOfTax": "29300000", "ebit": "139100000", "ebitda": "174400000", "netIncome": "110100000"}, {"fiscalDateEnding": "2019-03-31", "reportedCurrency": "USD", "grossProfit": "728200000", "totalRevenue": "1990600000", "costOfRevenue": "1219600000", "costofGoodsAndServicesSold": "382500000", "operatingIncome": "465700000", "sellingGeneralAndAdministrative": "837100000", "researchAndDevelopment": "None", "operatingExpenses": "262500000", "investmentIncomeNet": "None", "netInterestIncome": "-40200000", "interestIncome": "-40200000", "interestExpense": "40200000", "nonInterestIncome": "1988000000", "otherNonOperatingIncome": "None", "depreciation": "34000000", "depreciationAndAmortization": "34000000", "incomeBeforeTax": "304200000", "incomeTaxExpense": "-29900000", "interestAndDebtExpense": "40200000", "netIncomeFromContinuingOperations": "351700000", "comprehensiveIncomeNetOfTax": "397800000", "ebit": "344400000", "ebitda": "378400000", "netIncome": "334100000"}, {"fiscalDateEnding": "2018-12-31", "reportedCurrency": "USD", "grossProfit": "1657400000", "totalRevenue": "1657400000", "costOfRevenue": "2720000000", "costofGoodsAndServicesSold": "434200000", "operatingIncome": "1657400000", "sellingGeneralAndAdministrative": "760100000", "researchAndDevelopment": "None", "operatingExpenses": "237100000", "investmentIncomeNet": "None", "netInterestIncome": "-36500000", "interestIncome": "None", "interestExpense": "36500000", "nonInterestIncome": "1658300000", "otherNonOperatingIncome": "None", "depreciation": "33000000", "depreciationAndAmortization": "33000000", "incomeBeforeTax": "32700000", "incomeTaxExpense": "-84600000", "interestAndDebtExpense": "36500000", "netIncomeFromContinuingOperations": "43200000", "comprehensiveIncomeNetOfTax": "4100000", "ebit": "69200000", "ebitda": "102200000", "netIncome": "117300000"}, {"fiscalDateEnding": "2018-09-30", "reportedCurrency": "USD", "grossProfit": "975000000", "totalRevenue": "1778500000", "costOfRevenue": "766800000", "costofGoodsAndServicesSold": "508800000", "operatingIncome": "747300000", "sellingGeneralAndAdministrative": "765700000", "researchAndDevelopment": "None", "operatingExpenses": "227700000", "investmentIncomeNet": "None", "netInterestIncome": "-36700000", "interestIncome": "None", "interestExpense": "36700000", "nonInterestIncome": "1778500000", "otherNonOperatingIncome": "None", "depreciation": "33400000", "depreciationAndAmortization": "33400000", "incomeBeforeTax": "79500000", "incomeTaxExpense": "-48100000", "interestAndDebtExpense": "36700000", "netIncomeFromContinuingOperations": "138400000", "comprehensiveIncomeNetOfTax": "105300000", "ebit": "116200000", "ebitda": "149600000", "netIncome": "127600000"}, {"fiscalDateEnding": "2018-06-30", "reportedCurrency": "USD", "grossProfit": "896200000", "totalRevenue": "1660400000", "costOfRevenue": "730300000", "costofGoodsAndServicesSold": "441800000", "operatingIncome": "673400000", "sellingGeneralAndAdministrative": "724700000", "researchAndDevelopment": "None", "operatingExpenses": "222800000", "investmentIncomeNet": "None", "netInterestIncome": "-33900000", "interestIncome": "None", "interestExpense": "33900000", "nonInterestIncome": "1660400000", "otherNonOperatingIncome": "None", "depreciation": "30800000", "depreciationAndAmortization": "30800000", "incomeBeforeTax": "94800000", "incomeTaxExpense": "-20100000", "interestAndDebtExpense": "33900000", "netIncomeFromContinuingOperations": "123700000", "comprehensiveIncomeNetOfTax": "-31500000", "ebit": "128700000", "ebitda": "159500000", "netIncome": "114900000"}, {"fiscalDateEnding": "2018-03-31", "reportedCurrency": "USD", "grossProfit": "630700000", "totalRevenue": "1837700000", "costOfRevenue": "1207000000", "costofGoodsAndServicesSold": "431200000", "operatingIncome": "414600000", "sellingGeneralAndAdministrative": "775800000", "researchAndDevelopment": "None", "operatingExpenses": "216100000", "investmentIncomeNet": "13400000", "netInterestIncome": "-31300000", "interestIncome": "None", "interestExpense": "31300000", "nonInterestIncome": "449700000", "otherNonOperatingIncome": "None", "depreciation": "30600000", "depreciationAndAmortization": "30600000", "incomeBeforeTax": "230000000", "incomeTaxExpense": "-43700000", "interestAndDebtExpense": "31300000", "netIncomeFromContinuingOperations": "286000000", "comprehensiveIncomeNetOfTax": "334000000", "ebit": "261300000", "ebitda": "291900000", "netIncome": "273700000"}, {"fiscalDateEnding": "2017-12-31", "reportedCurrency": "USD", "grossProfit": "1599000000", "totalRevenue": "1519400000", "costOfRevenue": "1297100000", "costofGoodsAndServicesSold": "420500000", "operatingIncome": "1599000000", "sellingGeneralAndAdministrative": "876600000", "researchAndDevelopment": "None", "operatingExpenses": "216400000", "investmentIncomeNet": "17000000", "netInterestIncome": "-31200000", "interestIncome": "None", "interestExpense": "31200000", "nonInterestIncome": "561300000", "otherNonOperatingIncome": "None", "depreciation": "30900000", "depreciationAndAmortization": "30900000", "incomeBeforeTax": "22200000", "incomeTaxExpense": "-49300000", "interestAndDebtExpense": "31200000", "netIncomeFromContinuingOperations": "82100000", "comprehensiveIncomeNetOfTax": "10500000", "ebit": "53400000", "ebitda": "136100000", "netIncome": "71500000"}, {"fiscalDateEnding": "2017-09-30", "reportedCurrency": "USD", "grossProfit": "448500000", "totalRevenue": "1593700000", "costOfRevenue": "1136000000", "costofGoodsAndServicesSold": "451400000", "operatingIncome": "234300000", "sellingGeneralAndAdministrative": "680100000", "researchAndDevelopment": "None", "operatingExpenses": "209000000", "investmentIncomeNet": "14900000", "netInterestIncome": "-31400000", "interestIncome": "None", "interestExpense": "31400000", "nonInterestIncome": "423000000", "otherNonOperatingIncome": "None", "depreciation": "30500000", "depreciationAndAmortization": "30500000", "incomeBeforeTax": "69800000", "incomeTaxExpense": "-41200000", "interestAndDebtExpense": "31400000", "netIncomeFromContinuingOperations": "137800000", "comprehensiveIncomeNetOfTax": "273600000", "ebit": "101200000", "ebitda": "151200000", "netIncome": "111000000"}, {"fiscalDateEnding": "2017-06-30", "reportedCurrency": "USD", "grossProfit": "490600000", "totalRevenue": "1489500000", "costOfRevenue": "1072800000", "costofGoodsAndServicesSold": "397100000", "operatingIncome": "279000000", "sellingGeneralAndAdministrative": "675700000", "researchAndDevelopment": "None", "operatingExpenses": "204200000", "investmentIncomeNet": "13600000", "netInterestIncome": "-31600000", "interestIncome": "None", "interestExpense": "31600000", "nonInterestIncome": "412000000", "otherNonOperatingIncome": "None", "depreciation": "30200000", "depreciationAndAmortization": "30200000", "incomeBeforeTax": "45800000", "incomeTaxExpense": "-24200000", "interestAndDebtExpense": "31600000", "netIncomeFromContinuingOperations": "180400000", "comprehensiveIncomeNetOfTax": "106800000", "ebit": "77400000", "ebitda": "200300000", "netIncome": "70000000"}, {"fiscalDateEnding": "2017-03-31", "reportedCurrency": "USD", "grossProfit": "388200000", "totalRevenue": "1646400000", "costOfRevenue": "1024500000", "costofGoodsAndServicesSold": "366900000", "operatingIncome": "187800000", "sellingGeneralAndAdministrative": "657600000", "researchAndDevelopment": "None", "operatingExpenses": "199500000", "investmentIncomeNet": "12300000", "netInterestIncome": "-29900000", "interestIncome": "None", "interestExpense": "29900000", "nonInterestIncome": "342900000", "otherNonOperatingIncome": "None", "depreciation": "29500000", "depreciationAndAmortization": "29500000", "incomeBeforeTax": "186400000", "incomeTaxExpense": "-42400000", "interestAndDebtExpense": "29900000", "netIncomeFromContinuingOperations": "67800000", "comprehensiveIncomeNetOfTax": "290800000", "ebit": "216300000", "ebitda": "99600000", "netIncome": "228800000"}, {"fiscalDateEnding": "2016-12-31", "reportedCurrency": "USD", "grossProfit": "1385000000", "totalRevenue": "1385000000", "costOfRevenue": "1124700000", "costofGoodsAndServicesSold": "329500000", "operatingIncome": "1385000000", "sellingGeneralAndAdministrative": "793400000", "researchAndDevelopment": "None", "operatingExpenses": "177600000", "investmentIncomeNet": "16900000", "netInterestIncome": "-28300000", "interestIncome": "None", "interestExpense": "28300000", "nonInterestIncome": "363100000", "otherNonOperatingIncome": "None", "depreciation": "27200000", "depreciationAndAmortization": "27200000", "incomeBeforeTax": "54300000", "incomeTaxExpense": "-40800000", "interestAndDebtExpense": "28300000", "netIncomeFromContinuingOperations": "68800000", "comprehensiveIncomeNetOfTax": "-58800000", "ebit": "82600000", "ebitda": "118400000", "netIncome": "95100000"}]}