{"symbol": "AKAM", "annualReports": [{"fiscalDateEnding": "2020-12-31", "reportedCurrency": "USD", "grossProfit": "2018421000", "totalRevenue": "3151093000", "costOfRevenue": "1132672000", "costofGoodsAndServicesSold": "1132672000", "operatingIncome": "658534000", "sellingGeneralAndAdministrative": "1058293000", "researchAndDevelopment": "269315000", "operatingExpenses": "1416100000", "investmentIncomeNet": "29122000", "netInterestIncome": "-69120000", "interestIncome": "29122000", "interestExpense": "69120000", "nonInterestIncome": "3198149000", "otherNonOperatingIncome": "-2454000", "depreciation": "436300000", "depreciationAndAmortization": "42000000", "incomeBeforeTax": "602976000", "incomeTaxExpense": "45922000", "interestAndDebtExpense": "69120000", "netIncomeFromContinuingOperations": "557054000", "comprehensiveIncomeNetOfTax": "581997000", "ebit": "672096000", "ebitda": "714096000", "netIncome": "557054000"}, {"fiscalDateEnding": "2019-12-31", "reportedCurrency": "USD", "grossProfit": "1861748000", "totalRevenue": "2849372000", "costOfRevenue": "987624000", "costofGoodsAndServicesSold": "987624000", "operatingIncome": "548918000", "sellingGeneralAndAdministrative": "1039976000", "researchAndDevelopment": "261365000", "operatingExpenses": "1364110000", "investmentIncomeNet": "34355000", "netInterestIncome": "-49364000", "interestIncome": "34355000", "interestExpense": "49364000", "nonInterestIncome": "2893617000", "otherNonOperatingIncome": "-1428000", "depreciation": "402100000", "depreciationAndAmortization": "38600000", "incomeBeforeTax": "531385000", "incomeTaxExpense": "53350000", "interestAndDebtExpense": "49364000", "netIncomeFromContinuingOperations": "478035000", "comprehensiveIncomeNetOfTax": "481803000", "ebit": "580749000", "ebitda": "619349000", "netIncome": "478035000"}, {"fiscalDateEnding": "2018-12-31", "reportedCurrency": "USD", "grossProfit": "1721587000", "totalRevenue": "2675072000", "costOfRevenue": "953485000", "costofGoodsAndServicesSold": "953485000", "operatingIncome": "362499000", "sellingGeneralAndAdministrative": "1091420000", "researchAndDevelopment": "246165000", "operatingExpenses": "1399490000", "investmentIncomeNet": "26940000", "netInterestIncome": "-43202000", "interestIncome": "26940000", "interestExpense": "43202000", "nonInterestIncome": "2718274000", "otherNonOperatingIncome": "-3148000", "depreciation": "401200000", "depreciationAndAmortization": "33311000", "incomeBeforeTax": "343089000", "incomeTaxExpense": "44716000", "interestAndDebtExpense": "43202000", "netIncomeFromContinuingOperations": "298373000", "comprehensiveIncomeNetOfTax": "271391000", "ebit": "386291000", "ebitda": "419602000", "netIncome": "298373000"}, {"fiscalDateEnding": "2017-12-31", "reportedCurrency": "USD", "grossProfit": "1627159000", "totalRevenue": "2502996000", "costOfRevenue": "875837000", "costofGoodsAndServicesSold": "875758000", "operatingIncome": "314289000", "sellingGeneralAndAdministrative": "1002797000", "researchAndDevelopment": "222434000", "operatingExpenses": "1316519000", "investmentIncomeNet": "17855000", "netInterestIncome": "-18839000", "interestIncome": "17855000", "interestExpense": "18839000", "nonInterestIncome": "3600000", "otherNonOperatingIncome": "887000", "depreciation": "341400000", "depreciationAndAmortization": "30904000", "incomeBeforeTax": "314192000", "incomeTaxExpense": "91426000", "interestAndDebtExpense": "18839000", "netIncomeFromContinuingOperations": "218321000", "comprehensiveIncomeNetOfTax": "258511000", "ebit": "333031000", "ebitda": "363935000", "netIncome": "222766000"}, {"fiscalDateEnding": "2016-12-31", "reportedCurrency": "USD", "grossProfit": "1530943000", "totalRevenue": "2340049000", "costOfRevenue": "809106000", "costofGoodsAndServicesSold": "809001000", "operatingIncome": "466510000", "sellingGeneralAndAdministrative": "866883000", "researchAndDevelopment": "167628000", "operatingExpenses": "1073154000", "investmentIncomeNet": "14702000", "netInterestIncome": "-18638000", "interestIncome": "14702000", "interestExpense": "18638000", "nonInterestIncome": "1300000", "otherNonOperatingIncome": "3788000", "depreciation": "307700000", "depreciationAndAmortization": "26642000", "incomeBeforeTax": "466362000", "incomeTaxExpense": "145635000", "interestAndDebtExpense": "18638000", "netIncomeFromContinuingOperations": "316132000", "comprehensiveIncomeNetOfTax": "305224000", "ebit": "485000000", "ebitda": "511642000", "netIncome": "320727000"}], "quarterlyReports": [{"fiscalDateEnding": "2021-09-30", "reportedCurrency": "USD", "grossProfit": "525323000", "totalRevenue": "842189000", "costOfRevenue": "316866000", "costofGoodsAndServicesSold": "316866000", "operatingIncome": "205265000", "sellingGeneralAndAdministrative": "242779000", "researchAndDevelopment": "82899000", "operatingExpenses": "337678000", "investmentIncomeNet": "2872000", "netInterestIncome": "-18144000", "interestIncome": "2872000", "interestExpense": "18144000", "nonInterestIncome": "860333000", "otherNonOperatingIncome": "3635000", "depreciation": "None", "depreciationAndAmortization": "12000000", "incomeBeforeTax": "192564000", "incomeTaxExpense": "13648000", "interestAndDebtExpense": "18144000", "netIncomeFromContinuingOperations": "178916000", "comprehensiveIncomeNetOfTax": "156747000", "ebit": "210708000", "ebitda": "222708000", "netIncome": "178916000"}, {"fiscalDateEnding": "2021-06-30", "reportedCurrency": "USD", "grossProfit": "514787000", "totalRevenue": "834787000", "costOfRevenue": "320000000", "costofGoodsAndServicesSold": "320000000", "operatingIncome": "199434000", "sellingGeneralAndAdministrative": "246189000", "researchAndDevelopment": "77255000", "operatingExpenses": "335504000", "investmentIncomeNet": "4736000", "netInterestIncome": "-18037000", "interestIncome": "4736000", "interestExpense": "18037000", "nonInterestIncome": "852824000", "otherNonOperatingIncome": "-811000", "depreciation": "None", "depreciationAndAmortization": "12060000", "incomeBeforeTax": "174506000", "incomeTaxExpense": "18009000", "interestAndDebtExpense": "18037000", "netIncomeFromContinuingOperations": "156497000", "comprehensiveIncomeNetOfTax": "172287000", "ebit": "192543000", "ebitda": "204603000", "netIncome": "156497000"}, {"fiscalDateEnding": "2021-03-31", "reportedCurrency": "USD", "grossProfit": "518187000", "totalRevenue": "824874000", "costOfRevenue": "306687000", "costofGoodsAndServicesSold": "306687000", "operatingIncome": "182364000", "sellingGeneralAndAdministrative": "253069000", "researchAndDevelopment": "82045000", "operatingExpenses": "347464000", "investmentIncomeNet": "4578000", "netInterestIncome": "-17834000", "interestIncome": "4578000", "interestExpense": "17834000", "nonInterestIncome": "842708000", "otherNonOperatingIncome": "-817000", "depreciation": "None", "depreciationAndAmortization": "11427000", "incomeBeforeTax": "167593000", "incomeTaxExpense": "11898000", "interestAndDebtExpense": "17834000", "netIncomeFromContinuingOperations": "155695000", "comprehensiveIncomeNetOfTax": "128549000", "ebit": "185427000", "ebitda": "196854000", "netIncome": "155695000"}, {"fiscalDateEnding": "2020-12-31", "reportedCurrency": "USD", "grossProfit": "542440000", "totalRevenue": "846287000", "costOfRevenue": "303847000", "costofGoodsAndServicesSold": "303847000", "operatingIncome": "134617000", "sellingGeneralAndAdministrative": "302854000", "researchAndDevelopment": "67228000", "operatingExpenses": "412828000", "investmentIncomeNet": "6270000", "netInterestIncome": "-17342000", "interestIncome": "6270000", "interestExpense": "17342000", "nonInterestIncome": "846287000", "otherNonOperatingIncome": "5415000", "depreciation": "None", "depreciationAndAmortization": "10845000", "incomeBeforeTax": "117528000", "incomeTaxExpense": "4158000", "interestAndDebtExpense": "17342000", "netIncomeFromContinuingOperations": "542440000", "comprehensiveIncomeNetOfTax": "139023000", "ebit": "134870000", "ebitda": "145715000", "netIncome": "113370000"}, {"fiscalDateEnding": "2020-09-30", "reportedCurrency": "USD", "grossProfit": "492082000", "totalRevenue": "775521000", "costOfRevenue": "283439000", "costofGoodsAndServicesSold": "283439000", "operatingIncome": "181158000", "sellingGeneralAndAdministrative": "251114000", "researchAndDevelopment": "66773000", "operatingExpenses": "328187000", "investmentIncomeNet": "6307000", "netInterestIncome": "-17324000", "interestIncome": "6307000", "interestExpense": "17324000", "nonInterestIncome": "792845000", "otherNonOperatingIncome": "-2158000", "depreciation": "None", "depreciationAndAmortization": "10300000", "incomeBeforeTax": "167424000", "incomeTaxExpense": "8801000", "interestAndDebtExpense": "17324000", "netIncomeFromContinuingOperations": "158623000", "comprehensiveIncomeNetOfTax": "170076000", "ebit": "184748000", "ebitda": "195048000", "netIncome": "158623000"}, {"fiscalDateEnding": "2020-06-30", "reportedCurrency": "USD", "grossProfit": "500662000", "totalRevenue": "777466000", "costOfRevenue": "276804000", "costofGoodsAndServicesSold": "276804000", "operatingIncome": "190429000", "sellingGeneralAndAdministrative": "253178000", "researchAndDevelopment": "64090000", "operatingExpenses": "327668000", "investmentIncomeNet": "9502000", "netInterestIncome": "-17249000", "interestIncome": "9502000", "interestExpense": "17249000", "nonInterestIncome": "794715000", "otherNonOperatingIncome": "-1603000", "depreciation": "None", "depreciationAndAmortization": "10400000", "incomeBeforeTax": "180586000", "incomeTaxExpense": "18671000", "interestAndDebtExpense": "17249000", "netIncomeFromContinuingOperations": "161915000", "comprehensiveIncomeNetOfTax": "183603000", "ebit": "197835000", "ebitda": "208235000", "netIncome": "161915000"}, {"fiscalDateEnding": "2020-03-31", "reportedCurrency": "USD", "grossProfit": "478515000", "totalRevenue": "747097000", "costOfRevenue": "268582000", "costofGoodsAndServicesSold": "268582000", "operatingIncome": "152330000", "sellingGeneralAndAdministrative": "251147000", "researchAndDevelopment": "71224000", "operatingExpenses": "345107000", "investmentIncomeNet": "7043000", "netInterestIncome": "-17205000", "interestIncome": "7043000", "interestExpense": "17205000", "nonInterestIncome": "764302000", "otherNonOperatingIncome": "-4108000", "depreciation": "None", "depreciationAndAmortization": "10400000", "incomeBeforeTax": "137438000", "incomeTaxExpense": "14292000", "interestAndDebtExpense": "17205000", "netIncomeFromContinuingOperations": "123146000", "comprehensiveIncomeNetOfTax": "89295000", "ebit": "154643000", "ebitda": "165043000", "netIncome": "123146000"}, {"fiscalDateEnding": "2019-12-31", "reportedCurrency": "USD", "grossProfit": "514373000", "totalRevenue": "772123000", "costOfRevenue": "257750000", "costofGoodsAndServicesSold": "257750000", "operatingIncome": "135322000", "sellingGeneralAndAdministrative": "290169000", "researchAndDevelopment": "68898000", "operatingExpenses": "386086000", "investmentIncomeNet": "11402000", "netInterestIncome": "-16675000", "interestIncome": "11402000", "interestExpense": "16675000", "nonInterestIncome": "772123000", "otherNonOperatingIncome": "-609000", "depreciation": "None", "depreciationAndAmortization": "9729000", "incomeBeforeTax": "129732000", "incomeTaxExpense": "10632000", "interestAndDebtExpense": "16675000", "netIncomeFromContinuingOperations": "514373000", "comprehensiveIncomeNetOfTax": "130380000", "ebit": "146407000", "ebitda": "156136000", "netIncome": "119100000"}, {"fiscalDateEnding": "2019-09-30", "reportedCurrency": "USD", "grossProfit": "451686000", "totalRevenue": "698624000", "costOfRevenue": "246938000", "costofGoodsAndServicesSold": "246938000", "operatingIncome": "143289000", "sellingGeneralAndAdministrative": "245474000", "researchAndDevelopment": "64887000", "operatingExpenses": "319685000", "investmentIncomeNet": "7908000", "netInterestIncome": "-12127000", "interestIncome": "7908000", "interestExpense": "12127000", "nonInterestIncome": "709912000", "otherNonOperatingIncome": "-752000", "depreciation": "None", "depreciationAndAmortization": "9624000", "incomeBeforeTax": "136930000", "incomeTaxExpense": "-960000", "interestAndDebtExpense": "12127000", "netIncomeFromContinuingOperations": "137890000", "comprehensiveIncomeNetOfTax": "123950000", "ebit": "149057000", "ebitda": "158681000", "netIncome": "137890000"}, {"fiscalDateEnding": "2019-06-30", "reportedCurrency": "USD", "grossProfit": "455354000", "totalRevenue": "697547000", "costOfRevenue": "242193000", "costofGoodsAndServicesSold": "242193000", "operatingIncome": "135782000", "sellingGeneralAndAdministrative": "255222000", "researchAndDevelopment": "61439000", "operatingExpenses": "327051000", "investmentIncomeNet": "6410000", "netInterestIncome": "-8446000", "interestIncome": "6410000", "interestExpense": "8446000", "nonInterestIncome": "705074000", "otherNonOperatingIncome": "-578000", "depreciation": "None", "depreciationAndAmortization": "9600000", "incomeBeforeTax": "133168000", "incomeTaxExpense": "19253000", "interestAndDebtExpense": "8446000", "netIncomeFromContinuingOperations": "113915000", "comprehensiveIncomeNetOfTax": "118410000", "ebit": "141614000", "ebitda": "151214000", "netIncome": "113915000"}, {"fiscalDateEnding": "2019-03-31", "reportedCurrency": "USD", "grossProfit": "453649000", "totalRevenue": "694392000", "costOfRevenue": "240743000", "costofGoodsAndServicesSold": "240743000", "operatingIncome": "134525000", "sellingGeneralAndAdministrative": "249111000", "researchAndDevelopment": "66141000", "operatingExpenses": "331240000", "investmentIncomeNet": "8635000", "netInterestIncome": "-12116000", "interestIncome": "8635000", "interestExpense": "12116000", "nonInterestIncome": "706508000", "otherNonOperatingIncome": "511000", "depreciation": "None", "depreciationAndAmortization": "9599000", "incomeBeforeTax": "131555000", "incomeTaxExpense": "24425000", "interestAndDebtExpense": "12116000", "netIncomeFromContinuingOperations": "107130000", "comprehensiveIncomeNetOfTax": "109063000", "ebit": "143671000", "ebitda": "153270000", "netIncome": "107130000"}, {"fiscalDateEnding": "2018-12-31", "reportedCurrency": "USD", "grossProfit": "469436000", "totalRevenue": "713363000", "costOfRevenue": "243927000", "costofGoodsAndServicesSold": "243927000", "operatingIncome": "120288000", "sellingGeneralAndAdministrative": "267362000", "researchAndDevelopment": "60342000", "operatingExpenses": "350148000", "investmentIncomeNet": "7308000", "netInterestIncome": "-14582000", "interestIncome": "None", "interestExpense": "14582000", "nonInterestIncome": "713363000", "otherNonOperatingIncome": "59000", "depreciation": "None", "depreciationAndAmortization": "8292000", "incomeBeforeTax": "113073000", "incomeTaxExpense": "19058000", "interestAndDebtExpense": "14582000", "netIncomeFromContinuingOperations": "469436000", "comprehensiveIncomeNetOfTax": "93321000", "ebit": "127655000", "ebitda": "135947000", "netIncome": "94015000"}, {"fiscalDateEnding": "2018-09-30", "reportedCurrency": "USD", "grossProfit": "415816000", "totalRevenue": "655062000", "costOfRevenue": "239246000", "costofGoodsAndServicesSold": "239246000", "operatingIncome": "116537000", "sellingGeneralAndAdministrative": "245234000", "researchAndDevelopment": "61049000", "operatingExpenses": "313845000", "investmentIncomeNet": "9258000", "netInterestIncome": "-14566000", "interestIncome": "None", "interestExpense": "14566000", "nonInterestIncome": "669628000", "otherNonOperatingIncome": "-459000", "depreciation": "None", "depreciationAndAmortization": "8294000", "incomeBeforeTax": "110770000", "incomeTaxExpense": "3187000", "interestAndDebtExpense": "14566000", "netIncomeFromContinuingOperations": "107583000", "comprehensiveIncomeNetOfTax": "101336000", "ebit": "125336000", "ebitda": "133630000", "netIncome": "107583000"}, {"fiscalDateEnding": "2018-06-30", "reportedCurrency": "USD", "grossProfit": "418068000", "totalRevenue": "653555000", "costOfRevenue": "235487000", "costofGoodsAndServicesSold": "235487000", "operatingIncome": "57117000", "sellingGeneralAndAdministrative": "301886000", "researchAndDevelopment": "59709000", "operatingExpenses": "370155000", "investmentIncomeNet": "6409000", "netInterestIncome": "-9204000", "interestIncome": "None", "interestExpense": "9204000", "nonInterestIncome": "662759000", "otherNonOperatingIncome": "-2769000", "depreciation": "None", "depreciationAndAmortization": "8294000", "incomeBeforeTax": "51553000", "incomeTaxExpense": "8492000", "interestAndDebtExpense": "9204000", "netIncomeFromContinuingOperations": "43061000", "comprehensiveIncomeNetOfTax": "19424000", "ebit": "60757000", "ebitda": "69051000", "netIncome": "43061000"}, {"fiscalDateEnding": "2018-03-31", "reportedCurrency": "USD", "grossProfit": "433899000", "totalRevenue": "668724000", "costOfRevenue": "234825000", "costofGoodsAndServicesSold": "234825000", "operatingIncome": "68557000", "sellingGeneralAndAdministrative": "276938000", "researchAndDevelopment": "65065000", "operatingExpenses": "365342000", "investmentIncomeNet": "3965000", "netInterestIncome": "-4850000", "interestIncome": "None", "interestExpense": "4850000", "nonInterestIncome": "668724000", "otherNonOperatingIncome": "21000", "depreciation": "None", "depreciationAndAmortization": "8431000", "incomeBeforeTax": "67693000", "incomeTaxExpense": "13979000", "interestAndDebtExpense": "4850000", "netIncomeFromContinuingOperations": "53714000", "comprehensiveIncomeNetOfTax": "57310000", "ebit": "72543000", "ebitda": "80974000", "netIncome": "53714000"}, {"fiscalDateEnding": "2017-12-31", "reportedCurrency": "USD", "grossProfit": "433512000", "totalRevenue": "663452000", "costOfRevenue": "229940000", "costofGoodsAndServicesSold": "229937000", "operatingIncome": "32109000", "sellingGeneralAndAdministrative": "286529000", "researchAndDevelopment": "59673000", "operatingExpenses": "411112000", "investmentIncomeNet": "4487000", "netInterestIncome": "-4850000", "interestIncome": "None", "interestExpense": "4850000", "nonInterestIncome": "658470000", "otherNonOperatingIncome": "473000", "depreciation": "None", "depreciationAndAmortization": "7829000", "incomeBeforeTax": "32219000", "incomeTaxExpense": "4699000", "interestAndDebtExpense": "4850000", "netIncomeFromContinuingOperations": "433515000", "comprehensiveIncomeNetOfTax": "30643000", "ebit": "37069000", "ebitda": "44898000", "netIncome": "27520000"}, {"fiscalDateEnding": "2017-09-30", "reportedCurrency": "USD", "grossProfit": "395909000", "totalRevenue": "621399000", "costOfRevenue": "225490000", "costofGoodsAndServicesSold": "225468000", "operatingIncome": "91253000", "sellingGeneralAndAdministrative": "244743000", "researchAndDevelopment": "57226000", "operatingExpenses": "310054000", "investmentIncomeNet": "4463000", "netInterestIncome": "-4746000", "interestIncome": "None", "interestExpense": "4746000", "nonInterestIncome": "624440000", "otherNonOperatingIncome": "535000", "depreciation": "None", "depreciationAndAmortization": "7753000", "incomeBeforeTax": "91505000", "incomeTaxExpense": "27594000", "interestAndDebtExpense": "4746000", "netIncomeFromContinuingOperations": "60512000", "comprehensiveIncomeNetOfTax": "71910000", "ebit": "96251000", "ebitda": "104004000", "netIncome": "63911000"}, {"fiscalDateEnding": "2017-06-30", "reportedCurrency": "USD", "grossProfit": "394228000", "totalRevenue": "608908000", "costOfRevenue": "214680000", "costofGoodsAndServicesSold": "214650000", "operatingIncome": "85593000", "sellingGeneralAndAdministrative": "242950000", "researchAndDevelopment": "53373000", "operatingExpenses": "307047000", "investmentIncomeNet": "4281000", "netInterestIncome": "-4646000", "interestIncome": "None", "interestExpense": "4646000", "nonInterestIncome": "605832000", "otherNonOperatingIncome": "563000", "depreciation": "None", "depreciationAndAmortization": "7753000", "incomeBeforeTax": "85791000", "incomeTaxExpense": "29039000", "interestAndDebtExpense": "4646000", "netIncomeFromContinuingOperations": "57772000", "comprehensiveIncomeNetOfTax": "70640000", "ebit": "90437000", "ebitda": "98190000", "netIncome": "56752000"}, {"fiscalDateEnding": "2017-03-31", "reportedCurrency": "USD", "grossProfit": "394566000", "totalRevenue": "600293000", "costOfRevenue": "205727000", "costofGoodsAndServicesSold": "205703000", "operatingIncome": "105334000", "sellingGeneralAndAdministrative": "228575000", "researchAndDevelopment": "52162000", "operatingExpenses": "288306000", "investmentIncomeNet": "4624000", "netInterestIncome": "-4597000", "interestIncome": "None", "interestExpense": "4597000", "nonInterestIncome": "600293000", "otherNonOperatingIncome": "-684000", "depreciation": "None", "depreciationAndAmortization": "7569000", "incomeBeforeTax": "104677000", "incomeTaxExpense": "30094000", "interestAndDebtExpense": "4597000", "netIncomeFromContinuingOperations": "80930000", "comprehensiveIncomeNetOfTax": "85320000", "ebit": "109274000", "ebitda": "116843000", "netIncome": "74583000"}, {"fiscalDateEnding": "2016-12-31", "reportedCurrency": "USD", "grossProfit": "412649000", "totalRevenue": "616124000", "costOfRevenue": "203475000", "costofGoodsAndServicesSold": "203475000", "operatingIncome": "130446000", "sellingGeneralAndAdministrative": "235682000", "researchAndDevelopment": "46755000", "operatingExpenses": "290819000", "investmentIncomeNet": "4180000", "netInterestIncome": "-4680000", "interestIncome": "None", "interestExpense": "4680000", "nonInterestIncome": "None", "otherNonOperatingIncome": "2784000", "depreciation": "None", "depreciationAndAmortization": "6617000", "incomeBeforeTax": "128135000", "incomeTaxExpense": "36496000", "interestAndDebtExpense": "4680000", "netIncomeFromContinuingOperations": "412649000", "comprehensiveIncomeNetOfTax": "72740000", "ebit": "132815000", "ebitda": "139432000", "netIncome": "91639000"}]}