{"symbol": "ALB", "annualReports": [{"fiscalDateEnding": "2020-12-31", "reportedCurrency": "USD", "grossProfit": "994853000", "totalRevenue": "3128909000", "costOfRevenue": "2134056000", "costofGoodsAndServicesSold": "2134056000", "operatingIncome": "505812000", "sellingGeneralAndAdministrative": "429827000", "researchAndDevelopment": "59214000", "operatingExpenses": "536676000", "investmentIncomeNet": "None", "netInterestIncome": "-33081000", "interestIncome": "-68316000", "interestExpense": "33081000", "nonInterestIncome": "-28800000", "otherNonOperatingIncome": "-59177000", "depreciation": "203600000", "depreciationAndAmortization": "25507000", "incomeBeforeTax": "430189000", "incomeTaxExpense": "54425000", "interestAndDebtExpense": "73116000", "netIncomeFromContinuingOperations": "375764000", "comprehensiveIncomeNetOfTax": "445367000", "ebit": "505812000", "ebitda": "488777000", "netIncome": "375764000"}, {"fiscalDateEnding": "2019-12-31", "reportedCurrency": "USD", "grossProfit": "1257778000", "totalRevenue": "3589427000", "costOfRevenue": "2331649000", "costofGoodsAndServicesSold": "2331649000", "operatingIncome": "666123000", "sellingGeneralAndAdministrative": "533368000", "researchAndDevelopment": "58287000", "operatingExpenses": "627314000", "investmentIncomeNet": "None", "netInterestIncome": "-30317000", "interestIncome": "-78660000", "interestExpense": "30317000", "nonInterestIncome": "-32229000", "otherNonOperatingIncome": "-45478000", "depreciation": "183300000", "depreciationAndAmortization": "27747000", "incomeBeforeTax": "621389000", "incomeTaxExpense": "88161000", "interestAndDebtExpense": "57695000", "netIncomeFromContinuingOperations": "533228000", "comprehensiveIncomeNetOfTax": "488175000", "ebit": "666123000", "ebitda": "679453000", "netIncome": "533228000"}, {"fiscalDateEnding": "2018-12-31", "reportedCurrency": "USD", "grossProfit": "1217256000", "totalRevenue": "3374950000", "costOfRevenue": "2157694000", "costofGoodsAndServicesSold": "2157694000", "operatingIncome": "911540000", "sellingGeneralAndAdministrative": "446090000", "researchAndDevelopment": "70054000", "operatingExpenses": "335195000", "investmentIncomeNet": "None", "netInterestIncome": "-19300000", "interestIncome": "-72256000", "interestExpense": "19300000", "nonInterestIncome": "199928000", "otherNonOperatingIncome": "-64434000", "depreciation": "170000000", "depreciationAndAmortization": "27979000", "incomeBeforeTax": "838388000", "incomeTaxExpense": "144826000", "interestAndDebtExpense": "52405000", "netIncomeFromContinuingOperations": "693562000", "comprehensiveIncomeNetOfTax": "568548000", "ebit": "911540000", "ebitda": "885667000", "netIncome": "693562000"}, {"fiscalDateEnding": "2017-12-31", "reportedCurrency": "USD", "grossProfit": "1106276000", "totalRevenue": "3071976000", "costOfRevenue": "1965700000", "costofGoodsAndServicesSold": "1961996000", "operatingIncome": "571660000", "sellingGeneralAndAdministrative": "450286000", "researchAndDevelopment": "84330000", "operatingExpenses": "548863000", "investmentIncomeNet": "None", "netInterestIncome": "-7400000", "interestIncome": "-57962000", "interestExpense": "7400000", "nonInterestIncome": "-63901000", "otherNonOperatingIncome": "-9512000", "depreciation": "169500000", "depreciationAndAmortization": "25100000", "incomeBeforeTax": "486667000", "incomeTaxExpense": "431817000", "interestAndDebtExpense": "115350000", "netIncomeFromContinuingOperations": "54850000", "comprehensiveIncomeNetOfTax": "241594000", "ebit": "571660000", "ebitda": "519167000", "netIncome": "54850000"}, {"fiscalDateEnding": "2016-12-31", "reportedCurrency": "USD", "grossProfit": "970306000", "totalRevenue": "2677203000", "costOfRevenue": "1706897000", "costofGoodsAndServicesSold": "1706627000", "operatingIncome": "600980000", "sellingGeneralAndAdministrative": "353765000", "researchAndDevelopment": "80475000", "operatingExpenses": "358995000", "investmentIncomeNet": "None", "netInterestIncome": "-6800000", "interestIncome": "-65181000", "interestExpense": "6800000", "nonInterestIncome": "124698000", "otherNonOperatingIncome": "-20535000", "depreciation": "178800000", "depreciationAndAmortization": "19000000", "incomeBeforeTax": "739938000", "incomeTaxExpense": "96263000", "interestAndDebtExpense": "65181000", "netIncomeFromContinuingOperations": "441544000", "comprehensiveIncomeNetOfTax": "652550000", "ebit": "600980000", "ebitda": "765738000", "netIncome": "643675000"}], "quarterlyReports": [{"fiscalDateEnding": "2021-09-30", "reportedCurrency": "USD", "grossProfit": "249273000", "totalRevenue": "830566000", "costOfRevenue": "581293000", "costofGoodsAndServicesSold": "581293000", "operatingIncome": "131523000", "sellingGeneralAndAdministrative": "103477000", "researchAndDevelopment": "13289000", "operatingExpenses": "118657000", "investmentIncomeNet": "None", "netInterestIncome": "-722000", "interestIncome": "-5136000", "interestExpense": "722000", "nonInterestIncome": "-984000", "otherNonOperatingIncome": "-643196000", "depreciation": "None", "depreciationAndAmortization": "153000", "incomeBeforeTax": "-507451000", "incomeTaxExpense": "-114670000", "interestAndDebtExpense": "5136000", "netIncomeFromContinuingOperations": "-374433000", "comprehensiveIncomeNetOfTax": "-431216000", "ebit": "131523000", "ebitda": "-506576000", "netIncome": "-392781000"}, {"fiscalDateEnding": "2021-06-30", "reportedCurrency": "USD", "grossProfit": "248417000", "totalRevenue": "773896000", "costOfRevenue": "525479000", "costofGoodsAndServicesSold": "525479000", "operatingIncome": "542333000", "sellingGeneralAndAdministrative": "121516000", "researchAndDevelopment": "13976000", "operatingExpenses": "-292994000", "investmentIncomeNet": "None", "netInterestIncome": "-752000", "interestIncome": "-5952000", "interestExpense": "752000", "nonInterestIncome": "429408000", "otherNonOperatingIncome": "14000", "depreciation": "None", "depreciationAndAmortization": "156000", "incomeBeforeTax": "531585000", "incomeTaxExpense": "106985000", "interestAndDebtExpense": "7152000", "netIncomeFromContinuingOperations": "446208000", "comprehensiveIncomeNetOfTax": "446713000", "ebit": "542333000", "ebitda": "532493000", "netIncome": "424600000"}, {"fiscalDateEnding": "2021-03-31", "reportedCurrency": "USD", "grossProfit": "263687000", "totalRevenue": "829291000", "costOfRevenue": "565604000", "costofGoodsAndServicesSold": "565604000", "operatingIncome": "155864000", "sellingGeneralAndAdministrative": "93187000", "researchAndDevelopment": "14636000", "operatingExpenses": "116571000", "investmentIncomeNet": "None", "netInterestIncome": "-755000", "interestIncome": "-16082000", "interestExpense": "755000", "nonInterestIncome": "-27798000", "otherNonOperatingIncome": "11312000", "depreciation": "None", "depreciationAndAmortization": "6586000", "incomeBeforeTax": "117784000", "incomeTaxExpense": "22107000", "interestAndDebtExpense": "43882000", "netIncomeFromContinuingOperations": "117698000", "comprehensiveIncomeNetOfTax": "71695000", "ebit": "155864000", "ebitda": "125125000", "netIncome": "95677000"}, {"fiscalDateEnding": "2020-12-31", "reportedCurrency": "USD", "grossProfit": "265420000", "totalRevenue": "879147000", "costOfRevenue": "613727000", "costofGoodsAndServicesSold": "613727000", "operatingIncome": "125136000", "sellingGeneralAndAdministrative": "124909000", "researchAndDevelopment": "15375000", "operatingExpenses": "158092000", "investmentIncomeNet": "None", "netInterestIncome": "-31104000", "interestIncome": "-19152000", "interestExpense": "31104000", "nonInterestIncome": "-28800000", "otherNonOperatingIncome": "-57557000", "depreciation": "None", "depreciationAndAmortization": "6511000", "incomeBeforeTax": "74534000", "incomeTaxExpense": "-10101000", "interestAndDebtExpense": "19152000", "netIncomeFromContinuingOperations": "31326000", "comprehensiveIncomeNetOfTax": "156970000", "ebit": "125136000", "ebitda": "112149000", "netIncome": "84635000"}, {"fiscalDateEnding": "2020-09-30", "reportedCurrency": "USD", "grossProfit": "254056000", "totalRevenue": "746868000", "costOfRevenue": "492812000", "costofGoodsAndServicesSold": "492812000", "operatingIncome": "144432000", "sellingGeneralAndAdministrative": "96092000", "researchAndDevelopment": "13532000", "operatingExpenses": "112001000", "investmentIncomeNet": "None", "netInterestIncome": "-697000", "interestIncome": "-16125000", "interestExpense": "697000", "nonInterestIncome": "0", "otherNonOperatingIncome": "-3661000", "depreciation": "None", "depreciationAndAmortization": "126000", "incomeBeforeTax": "128954000", "incomeTaxExpense": "30653000", "interestAndDebtExpense": "19227000", "netIncomeFromContinuingOperations": "117045000", "comprehensiveIncomeNetOfTax": "130965000", "ebit": "144432000", "ebitda": "129777000", "netIncome": "98301000"}, {"fiscalDateEnding": "2020-06-30", "reportedCurrency": "USD", "grossProfit": "233359000", "totalRevenue": "764049000", "costOfRevenue": "530690000", "costofGoodsAndServicesSold": "530690000", "operatingIncome": "112200000", "sellingGeneralAndAdministrative": "106949000", "researchAndDevelopment": "14210000", "operatingExpenses": "128045000", "investmentIncomeNet": "None", "netInterestIncome": "-630000", "interestIncome": "-20701000", "interestExpense": "630000", "nonInterestIncome": "0", "otherNonOperatingIncome": "-6273000", "depreciation": "None", "depreciationAndAmortization": "153000", "incomeBeforeTax": "101055000", "incomeTaxExpense": "15431000", "interestAndDebtExpense": "17852000", "netIncomeFromContinuingOperations": "103758000", "comprehensiveIncomeNetOfTax": "180982000", "ebit": "112200000", "ebitda": "101838000", "netIncome": "85624000"}, {"fiscalDateEnding": "2020-03-31", "reportedCurrency": "USD", "grossProfit": "242018000", "totalRevenue": "738845000", "costOfRevenue": "496827000", "costofGoodsAndServicesSold": "496827000", "operatingIncome": "124044000", "sellingGeneralAndAdministrative": "101877000", "researchAndDevelopment": "16097000", "operatingExpenses": "126075000", "investmentIncomeNet": "None", "netInterestIncome": "-650000", "interestIncome": "-22339000", "interestExpense": "650000", "nonInterestIncome": "0", "otherNonOperatingIncome": "8314000", "depreciation": "None", "depreciationAndAmortization": "6254000", "incomeBeforeTax": "125646000", "incomeTaxExpense": "18442000", "interestAndDebtExpense": "16885000", "netIncomeFromContinuingOperations": "123635000", "comprehensiveIncomeNetOfTax": "-23550000", "ebit": "124044000", "ebitda": "132550000", "netIncome": "107204000"}, {"fiscalDateEnding": "2019-12-31", "reportedCurrency": "USD", "grossProfit": "338511000", "totalRevenue": "992564000", "costOfRevenue": "654053000", "costofGoodsAndServicesSold": "654053000", "operatingIncome": "139085000", "sellingGeneralAndAdministrative": "185163000", "researchAndDevelopment": "14263000", "operatingExpenses": "199717000", "investmentIncomeNet": "None", "netInterestIncome": "-30221000", "interestIncome": "-15718000", "interestExpense": "30221000", "nonInterestIncome": "-32229000", "otherNonOperatingIncome": "-38388000", "depreciation": "None", "depreciationAndAmortization": "6767000", "incomeBeforeTax": "85286000", "incomeTaxExpense": "-5105000", "interestAndDebtExpense": "22400000", "netIncomeFromContinuingOperations": "35114000", "comprehensiveIncomeNetOfTax": "130633000", "ebit": "139085000", "ebitda": "122274000", "netIncome": "90391000"}, {"fiscalDateEnding": "2019-09-30", "reportedCurrency": "USD", "grossProfit": "309867000", "totalRevenue": "879747000", "costOfRevenue": "569880000", "costofGoodsAndServicesSold": "569880000", "operatingIncome": "186147000", "sellingGeneralAndAdministrative": "108135000", "researchAndDevelopment": "15585000", "operatingExpenses": "127991000", "investmentIncomeNet": "None", "netInterestIncome": "-31000", "interestIncome": "-30439000", "interestExpense": "31000", "nonInterestIncome": "0", "otherNonOperatingIncome": "-11316000", "depreciation": "None", "depreciationAndAmortization": "157000", "incomeBeforeTax": "180411000", "incomeTaxExpense": "25341000", "interestAndDebtExpense": "11108000", "netIncomeFromContinuingOperations": "171618000", "comprehensiveIncomeNetOfTax": "68504000", "ebit": "186147000", "ebitda": "180599000", "netIncome": "155070000"}, {"fiscalDateEnding": "2019-06-30", "reportedCurrency": "USD", "grossProfit": "325914000", "totalRevenue": "885052000", "costOfRevenue": "559138000", "costofGoodsAndServicesSold": "559138000", "operatingIncome": "185737000", "sellingGeneralAndAdministrative": "126715000", "researchAndDevelopment": "13462000", "operatingExpenses": "145167000", "investmentIncomeNet": "None", "netInterestIncome": "-32000", "interestIncome": "-9502000", "interestExpense": "32000", "nonInterestIncome": "0", "otherNonOperatingIncome": "-7065000", "depreciation": "None", "depreciationAndAmortization": "136000", "incomeBeforeTax": "184609000", "incomeTaxExpense": "30411000", "interestAndDebtExpense": "11601000", "netIncomeFromContinuingOperations": "174970000", "comprehensiveIncomeNetOfTax": "162325000", "ebit": "185737000", "ebitda": "184777000", "netIncome": "154198000"}, {"fiscalDateEnding": "2019-03-31", "reportedCurrency": "USD", "grossProfit": "283486000", "totalRevenue": "832064000", "costOfRevenue": "548578000", "costofGoodsAndServicesSold": "548578000", "operatingIncome": "155154000", "sellingGeneralAndAdministrative": "113355000", "researchAndDevelopment": "14977000", "operatingExpenses": "135659000", "investmentIncomeNet": "None", "netInterestIncome": "-33000", "interestIncome": "-23001000", "interestExpense": "33000", "nonInterestIncome": "0", "otherNonOperatingIncome": "11291000", "depreciation": "None", "depreciationAndAmortization": "6827000", "incomeBeforeTax": "171083000", "incomeTaxExpense": "37514000", "interestAndDebtExpense": "12586000", "netIncomeFromContinuingOperations": "151526000", "comprehensiveIncomeNetOfTax": "126713000", "ebit": "155154000", "ebitda": "177943000", "netIncome": "133569000"}, {"fiscalDateEnding": "2018-12-31", "reportedCurrency": "USD", "grossProfit": "320384000", "totalRevenue": "921699000", "costOfRevenue": "601315000", "costofGoodsAndServicesSold": "601315000", "operatingIncome": "174807000", "sellingGeneralAndAdministrative": "120916000", "researchAndDevelopment": "16384000", "operatingExpenses": "8277000", "investmentIncomeNet": "None", "netInterestIncome": "None", "interestIncome": "None", "interestExpense": "12571000", "nonInterestIncome": "-8277000", "otherNonOperatingIncome": "-32528000", "depreciation": "None", "depreciationAndAmortization": "6733000", "incomeBeforeTax": "140792000", "incomeTaxExpense": "11196000", "interestAndDebtExpense": "12571000", "netIncomeFromContinuingOperations": "100472000", "comprehensiveIncomeNetOfTax": "93105000", "ebit": "174807000", "ebitda": "181540000", "netIncome": "129596000"}, {"fiscalDateEnding": "2018-09-30", "reportedCurrency": "USD", "grossProfit": "280537000", "totalRevenue": "777748000", "costOfRevenue": "497211000", "costofGoodsAndServicesSold": "497211000", "operatingIncome": "163760000", "sellingGeneralAndAdministrative": "100167000", "researchAndDevelopment": "16610000", "operatingExpenses": "120501000", "investmentIncomeNet": "None", "netInterestIncome": "None", "interestIncome": "None", "interestExpense": "12988000", "nonInterestIncome": "0", "otherNonOperatingIncome": "3793000", "depreciation": "None", "depreciationAndAmortization": "6824000", "incomeBeforeTax": "162912000", "incomeTaxExpense": "33167000", "interestAndDebtExpense": "12988000", "netIncomeFromContinuingOperations": "143479000", "comprehensiveIncomeNetOfTax": "117233000", "ebit": "163760000", "ebitda": "170584000", "netIncome": "129745000"}, {"fiscalDateEnding": "2018-06-30", "reportedCurrency": "USD", "grossProfit": "311356000", "totalRevenue": "853874000", "costOfRevenue": "542518000", "costofGoodsAndServicesSold": "542518000", "operatingIncome": "390350000", "sellingGeneralAndAdministrative": "123637000", "researchAndDevelopment": "16074000", "operatingExpenses": "-72484000", "investmentIncomeNet": "None", "netInterestIncome": "None", "interestIncome": "None", "interestExpense": "13308000", "nonInterestIncome": "217505000", "otherNonOperatingIncome": "-5223000", "depreciation": "None", "depreciationAndAmortization": "7004000", "incomeBeforeTax": "382563000", "incomeTaxExpense": "80102000", "interestAndDebtExpense": "13308000", "netIncomeFromContinuingOperations": "310686000", "comprehensiveIncomeNetOfTax": "175521000", "ebit": "390350000", "ebitda": "397354000", "netIncome": "302461000"}, {"fiscalDateEnding": "2018-03-31", "reportedCurrency": "USD", "grossProfit": "304979000", "totalRevenue": "821629000", "costOfRevenue": "516650000", "costofGoodsAndServicesSold": "516650000", "operatingIncome": "182623000", "sellingGeneralAndAdministrative": "101370000", "researchAndDevelopment": "20986000", "operatingExpenses": "131975000", "investmentIncomeNet": "None", "netInterestIncome": "None", "interestIncome": "None", "interestExpense": "13538000", "nonInterestIncome": "3200000", "otherNonOperatingIncome": "-30476000", "depreciation": "None", "depreciationAndAmortization": "7418000", "incomeBeforeTax": "152121000", "incomeTaxExpense": "20361000", "interestAndDebtExpense": "13538000", "netIncomeFromContinuingOperations": "138925000", "comprehensiveIncomeNetOfTax": "182689000", "ebit": "182623000", "ebitda": "190041000", "netIncome": "131760000"}, {"fiscalDateEnding": "2017-12-31", "reportedCurrency": "USD", "grossProfit": "303703000", "totalRevenue": "857789000", "costOfRevenue": "554086000", "costofGoodsAndServicesSold": "550780000", "operatingIncome": "164494000", "sellingGeneralAndAdministrative": "118302000", "researchAndDevelopment": "20907000", "operatingExpenses": "138544000", "investmentIncomeNet": "None", "netInterestIncome": "None", "interestIncome": "None", "interestExpense": "16455000", "nonInterestIncome": "-3500000", "otherNonOperatingIncome": "-6113000", "depreciation": "None", "depreciationAndAmortization": "7473000", "incomeBeforeTax": "159855000", "incomeTaxExpense": "378221000", "interestAndDebtExpense": "16455000", "netIncomeFromContinuingOperations": "-218366000", "comprehensiveIncomeNetOfTax": "-194091000", "ebit": "164494000", "ebitda": "171967000", "netIncome": "-218366000"}, {"fiscalDateEnding": "2017-09-30", "reportedCurrency": "USD", "grossProfit": "275657000", "totalRevenue": "754866000", "costOfRevenue": "479210000", "costofGoodsAndServicesSold": "479077000", "operatingIncome": "147422000", "sellingGeneralAndAdministrative": "106471000", "researchAndDevelopment": "21763000", "operatingExpenses": "127345000", "investmentIncomeNet": "None", "netInterestIncome": "None", "interestIncome": "None", "interestExpense": "15792000", "nonInterestIncome": "-1900000", "otherNonOperatingIncome": "-1986000", "depreciation": "None", "depreciationAndAmortization": "6038000", "incomeBeforeTax": "137165000", "incomeTaxExpense": "18495000", "interestAndDebtExpense": "15792000", "netIncomeFromContinuingOperations": "118670000", "comprehensiveIncomeNetOfTax": "165560000", "ebit": "147422000", "ebitda": "153460000", "netIncome": "118670000"}, {"fiscalDateEnding": "2017-06-30", "reportedCurrency": "USD", "grossProfit": "271960000", "totalRevenue": "737258000", "costOfRevenue": "465298000", "costofGoodsAndServicesSold": "465164000", "operatingIncome": "138039000", "sellingGeneralAndAdministrative": "116585000", "researchAndDevelopment": "17337000", "operatingExpenses": "133023000", "investmentIncomeNet": "None", "netInterestIncome": "None", "interestIncome": "None", "interestExpense": "14590000", "nonInterestIncome": "-800000", "otherNonOperatingIncome": "-1678000", "depreciation": "None", "depreciationAndAmortization": "5849000", "incomeBeforeTax": "126463000", "incomeTaxExpense": "23130000", "interestAndDebtExpense": "14590000", "netIncomeFromContinuingOperations": "103333000", "comprehensiveIncomeNetOfTax": "153481000", "ebit": "138039000", "ebitda": "143888000", "netIncome": "103333000"}, {"fiscalDateEnding": "2017-03-31", "reportedCurrency": "USD", "grossProfit": "254956000", "totalRevenue": "722063000", "costOfRevenue": "467107000", "costofGoodsAndServicesSold": "466975000", "operatingIncome": "121705000", "sellingGeneralAndAdministrative": "108928000", "researchAndDevelopment": "24323000", "operatingExpenses": "138064000", "investmentIncomeNet": "None", "netInterestIncome": "None", "interestIncome": "None", "interestExpense": "68513000", "nonInterestIncome": "-57701000", "otherNonOperatingIncome": "265000", "depreciation": "None", "depreciationAndAmortization": "5740000", "incomeBeforeTax": "63184000", "incomeTaxExpense": "11971000", "interestAndDebtExpense": "68513000", "netIncomeFromContinuingOperations": "51213000", "comprehensiveIncomeNetOfTax": "116644000", "ebit": "121705000", "ebitda": "127445000", "netIncome": "51213000"}, {"fiscalDateEnding": "2016-12-31", "reportedCurrency": "USD", "grossProfit": "240966000", "totalRevenue": "577457000", "costOfRevenue": "186721000", "costofGoodsAndServicesSold": "455689000", "operatingIncome": "109781000", "sellingGeneralAndAdministrative": "98777000", "researchAndDevelopment": "19091000", "operatingExpenses": "13047000", "investmentIncomeNet": "None", "netInterestIncome": "None", "interestIncome": "None", "interestExpense": "18321000", "nonInterestIncome": "0", "otherNonOperatingIncome": "-21275000", "depreciation": "None", "depreciationAndAmortization": "4750000", "incomeBeforeTax": "636818000", "incomeTaxExpense": "34728000", "interestAndDebtExpense": "18321000", "netIncomeFromContinuingOperations": "42116000", "comprehensiveIncomeNetOfTax": "524108000", "ebit": "109781000", "ebitda": "114531000", "netIncome": "602090000"}]}