{"symbol": "AMD", "annualReports": [{"fiscalDateEnding": "2020-12-31", "reportedCurrency": "USD", "grossProfit": "4347000000", "totalRevenue": "9684000000", "costOfRevenue": "6723000000", "costofGoodsAndServicesSold": "5416000000", "operatingIncome": "1369000000", "sellingGeneralAndAdministrative": "995000000", "researchAndDevelopment": "1983000000", "operatingExpenses": "3323000000", "investmentIncomeNet": "None", "netInterestIncome": "8000000", "interestIncome": "55000000", "interestExpense": "47000000", "nonInterestIncome": "9676000000", "otherNonOperatingIncome": "-47000000", "depreciation": "217000000", "depreciationAndAmortization": "312000000", "incomeBeforeTax": "1280000000", "incomeTaxExpense": "-1210000000", "interestAndDebtExpense": "101000000", "netIncomeFromContinuingOperations": "2490000000", "comprehensiveIncomeNetOfTax": "2507000000", "ebit": "1327000000", "ebitda": "1639000000", "netIncome": "2490000000"}, {"fiscalDateEnding": "2019-12-31", "reportedCurrency": "USD", "grossProfit": "2868000000", "totalRevenue": "6528000000", "costOfRevenue": "4613000000", "costofGoodsAndServicesSold": "3863000000", "operatingIncome": "631000000", "sellingGeneralAndAdministrative": "750000000", "researchAndDevelopment": "1547000000", "operatingExpenses": "2339000000", "investmentIncomeNet": "None", "netInterestIncome": "15000000", "interestIncome": "109000000", "interestExpense": "94000000", "nonInterestIncome": "6513000000", "otherNonOperatingIncome": "-165000000", "depreciation": "142000000", "depreciationAndAmortization": "222000000", "incomeBeforeTax": "372000000", "incomeTaxExpense": "31000000", "interestAndDebtExpense": "446000000", "netIncomeFromContinuingOperations": "341000000", "comprehensiveIncomeNetOfTax": "349000000", "ebit": "466000000", "ebitda": "688000000", "netIncome": "341000000"}, {"fiscalDateEnding": "2018-12-31", "reportedCurrency": "USD", "grossProfit": "2447000000", "totalRevenue": "6481000000", "costOfRevenue": "4635000000", "costofGoodsAndServicesSold": "4028000000", "operatingIncome": "451000000", "sellingGeneralAndAdministrative": "562000000", "researchAndDevelopment": "1434000000", "operatingExpenses": "2068000000", "investmentIncomeNet": "None", "netInterestIncome": "18000000", "interestIncome": "139000000", "interestExpense": "121000000", "nonInterestIncome": "6463000000", "otherNonOperatingIncome": "0", "depreciation": "94000000", "depreciationAndAmortization": "170000000", "incomeBeforeTax": "328000000", "incomeTaxExpense": "-9000000", "interestAndDebtExpense": "121000000", "netIncomeFromContinuingOperations": "337000000", "comprehensiveIncomeNetOfTax": "325000000", "ebit": "449000000", "ebitda": "619000000", "netIncome": "337000000"}, {"fiscalDateEnding": "2017-12-31", "reportedCurrency": "USD", "grossProfit": "1787000000", "totalRevenue": "5375000000", "costOfRevenue": "4017000000", "costofGoodsAndServicesSold": "3466000000", "operatingIncome": "127000000", "sellingGeneralAndAdministrative": "516000000", "researchAndDevelopment": "1196000000", "operatingExpenses": "1671000000", "investmentIncomeNet": "None", "netInterestIncome": "6000000", "interestIncome": "132000000", "interestExpense": "126000000", "nonInterestIncome": "-12000000", "otherNonOperatingIncome": "-9000000", "depreciation": "77000000", "depreciationAndAmortization": "144000000", "incomeBeforeTax": "-15000000", "incomeTaxExpense": "18000000", "interestAndDebtExpense": "138000000", "netIncomeFromContinuingOperations": "43000000", "comprehensiveIncomeNetOfTax": "-22000000", "ebit": "111000000", "ebitda": "256000000", "netIncome": "-33000000"}, {"fiscalDateEnding": "2016-12-31", "reportedCurrency": "USD", "grossProfit": "1003000000", "totalRevenue": "4294000000", "costOfRevenue": "3734000000", "costofGoodsAndServicesSold": "3316000000", "operatingIncome": "-373000000", "sellingGeneralAndAdministrative": "466000000", "researchAndDevelopment": "1008000000", "operatingExpenses": "1468000000", "investmentIncomeNet": "None", "netInterestIncome": "2000000", "interestIncome": "158000000", "interestExpense": "156000000", "nonInterestIncome": "-68000000", "otherNonOperatingIncome": "80000000", "depreciation": "71000000", "depreciationAndAmortization": "133000000", "incomeBeforeTax": "-459000000", "incomeTaxExpense": "39000000", "interestAndDebtExpense": "224000000", "netIncomeFromContinuingOperations": "-497000000", "comprehensiveIncomeNetOfTax": "-495000000", "ebit": "-303000000", "ebitda": "-169000000", "netIncome": "-498000000"}], "quarterlyReports": [{"fiscalDateEnding": "2021-09-30", "reportedCurrency": "USD", "grossProfit": "2086000000", "totalRevenue": "4306000000", "costOfRevenue": "2603000000", "costofGoodsAndServicesSold": "2227000000", "operatingIncome": "948000000", "sellingGeneralAndAdministrative": "376000000", "researchAndDevelopment": "765000000", "operatingExpenses": "1141000000", "investmentIncomeNet": "None", "netInterestIncome": "-7000000", "interestIncome": "None", "interestExpense": "7000000", "nonInterestIncome": "4313000000", "otherNonOperatingIncome": "62000000", "depreciation": "None", "depreciationAndAmortization": "97000000", "incomeBeforeTax": "1005000000", "incomeTaxExpense": "82000000", "interestAndDebtExpense": "7000000", "netIncomeFromContinuingOperations": "923000000", "comprehensiveIncomeNetOfTax": "916000000", "ebit": "1012000000", "ebitda": "1109000000", "netIncome": "923000000"}, {"fiscalDateEnding": "2021-06-30", "reportedCurrency": "USD", "grossProfit": "1830000000", "totalRevenue": "3840000000", "costOfRevenue": "2361000000", "costofGoodsAndServicesSold": "2020000000", "operatingIncome": "831000000", "sellingGeneralAndAdministrative": "341000000", "researchAndDevelopment": "659000000", "operatingExpenses": "1000000000", "investmentIncomeNet": "None", "netInterestIncome": "-10000000", "interestIncome": "None", "interestExpense": "10000000", "nonInterestIncome": "3850000000", "otherNonOperatingIncome": "0", "depreciation": "None", "depreciationAndAmortization": "97000000", "incomeBeforeTax": "823000000", "incomeTaxExpense": "113000000", "interestAndDebtExpense": "10000000", "netIncomeFromContinuingOperations": "710000000", "comprehensiveIncomeNetOfTax": "711000000", "ebit": "833000000", "ebitda": "930000000", "netIncome": "710000000"}, {"fiscalDateEnding": "2021-03-31", "reportedCurrency": "USD", "grossProfit": "1587000000", "totalRevenue": "3422000000", "costOfRevenue": "2272000000", "costofGoodsAndServicesSold": "1858000000", "operatingIncome": "662000000", "sellingGeneralAndAdministrative": "319000000", "researchAndDevelopment": "610000000", "operatingExpenses": "1032000000", "investmentIncomeNet": "None", "netInterestIncome": "-9000000", "interestIncome": "None", "interestExpense": "9000000", "nonInterestIncome": "3431000000", "otherNonOperatingIncome": "-11000000", "depreciation": "None", "depreciationAndAmortization": "95000000", "incomeBeforeTax": "644000000", "incomeTaxExpense": "89000000", "interestAndDebtExpense": "15000000", "netIncomeFromContinuingOperations": "555000000", "comprehensiveIncomeNetOfTax": "544000000", "ebit": "653000000", "ebitda": "748000000", "netIncome": "555000000"}, {"fiscalDateEnding": "2020-12-31", "reportedCurrency": "USD", "grossProfit": "1451000000", "totalRevenue": "3235000000", "costOfRevenue": "2101000000", "costofGoodsAndServicesSold": "1793000000", "operatingIncome": "570000000", "sellingGeneralAndAdministrative": "308000000", "researchAndDevelopment": "573000000", "operatingExpenses": "881000000", "investmentIncomeNet": "None", "netInterestIncome": "46000000", "interestIncome": "55000000", "interestExpense": "9000000", "nonInterestIncome": "3244000000", "otherNonOperatingIncome": "-15000000", "depreciation": "None", "depreciationAndAmortization": "90000000", "incomeBeforeTax": "549000000", "incomeTaxExpense": "-1232000000", "interestAndDebtExpense": "9000000", "netIncomeFromContinuingOperations": "1778000000", "comprehensiveIncomeNetOfTax": "1793000000", "ebit": "558000000", "ebitda": "648000000", "netIncome": "1781000000"}, {"fiscalDateEnding": "2020-09-30", "reportedCurrency": "USD", "grossProfit": "1230000000", "totalRevenue": "2790000000", "costOfRevenue": "1844000000", "costofGoodsAndServicesSold": "1571000000", "operatingIncome": "449000000", "sellingGeneralAndAdministrative": "273000000", "researchAndDevelopment": "508000000", "operatingExpenses": "781000000", "investmentIncomeNet": "None", "netInterestIncome": "-11000000", "interestIncome": "None", "interestExpense": "11000000", "nonInterestIncome": "2801000000", "otherNonOperatingIncome": "-37000000", "depreciation": "None", "depreciationAndAmortization": "82000000", "incomeBeforeTax": "402000000", "incomeTaxExpense": "12000000", "interestAndDebtExpense": "11000000", "netIncomeFromContinuingOperations": "390000000", "comprehensiveIncomeNetOfTax": "399000000", "ebit": "413000000", "ebitda": "495000000", "netIncome": "390000000"}, {"fiscalDateEnding": "2020-06-30", "reportedCurrency": "USD", "grossProfit": "848000000", "totalRevenue": "1918000000", "costOfRevenue": "1299000000", "costofGoodsAndServicesSold": "1084000000", "operatingIncome": "173000000", "sellingGeneralAndAdministrative": "215000000", "researchAndDevelopment": "460000000", "operatingExpenses": "675000000", "investmentIncomeNet": "None", "netInterestIncome": "-14000000", "interestIncome": "-14000000", "interestExpense": "14000000", "nonInterestIncome": "1932000000", "otherNonOperatingIncome": "1000000", "depreciation": "None", "depreciationAndAmortization": "72000000", "incomeBeforeTax": "161000000", "incomeTaxExpense": "4000000", "interestAndDebtExpense": "14000000", "netIncomeFromContinuingOperations": "157000000", "comprehensiveIncomeNetOfTax": "167000000", "ebit": "175000000", "ebitda": "247000000", "netIncome": "157000000"}, {"fiscalDateEnding": "2020-03-31", "reportedCurrency": "USD", "grossProfit": "818000000", "totalRevenue": "1755000000", "costOfRevenue": "1167000000", "costofGoodsAndServicesSold": "968000000", "operatingIncome": "177000000", "sellingGeneralAndAdministrative": "199000000", "researchAndDevelopment": "442000000", "operatingExpenses": "659000000", "investmentIncomeNet": "None", "netInterestIncome": "-13000000", "interestIncome": "None", "interestExpense": "13000000", "nonInterestIncome": "1768000000", "otherNonOperatingIncome": "4000000", "depreciation": "None", "depreciationAndAmortization": "68000000", "incomeBeforeTax": "168000000", "incomeTaxExpense": "6000000", "interestAndDebtExpense": "13000000", "netIncomeFromContinuingOperations": "162000000", "comprehensiveIncomeNetOfTax": "148000000", "ebit": "181000000", "ebitda": "249000000", "netIncome": "162000000"}, {"fiscalDateEnding": "2019-12-31", "reportedCurrency": "USD", "grossProfit": "949000000", "totalRevenue": "2109000000", "costOfRevenue": "1384000000", "costofGoodsAndServicesSold": "1178000000", "operatingIncome": "348000000", "sellingGeneralAndAdministrative": "206000000", "researchAndDevelopment": "395000000", "operatingExpenses": "601000000", "investmentIncomeNet": "None", "netInterestIncome": "91000000", "interestIncome": "109000000", "interestExpense": "18000000", "nonInterestIncome": "2127000000", "otherNonOperatingIncome": "-125000000", "depreciation": "None", "depreciationAndAmortization": "64000000", "incomeBeforeTax": "205000000", "incomeTaxExpense": "35000000", "interestAndDebtExpense": "18000000", "netIncomeFromContinuingOperations": "170000000", "comprehensiveIncomeNetOfTax": "177000000", "ebit": "223000000", "ebitda": "287000000", "netIncome": "170000000"}, {"fiscalDateEnding": "2019-09-30", "reportedCurrency": "USD", "grossProfit": "777000000", "totalRevenue": "1737000000", "costOfRevenue": "1209000000", "costofGoodsAndServicesSold": "1024000000", "operatingIncome": "186000000", "sellingGeneralAndAdministrative": "185000000", "researchAndDevelopment": "406000000", "operatingExpenses": "591000000", "investmentIncomeNet": "None", "netInterestIncome": "-24000000", "interestIncome": "None", "interestExpense": "24000000", "nonInterestIncome": "1761000000", "otherNonOperatingIncome": "-36000000", "depreciation": "None", "depreciationAndAmortization": "60000000", "incomeBeforeTax": "127000000", "incomeTaxExpense": "7000000", "interestAndDebtExpense": "64000000", "netIncomeFromContinuingOperations": "120000000", "comprehensiveIncomeNetOfTax": "113000000", "ebit": "151000000", "ebitda": "211000000", "netIncome": "120000000"}, {"fiscalDateEnding": "2019-06-30", "reportedCurrency": "USD", "grossProfit": "621000000", "totalRevenue": "1506000000", "costOfRevenue": "1099000000", "costofGoodsAndServicesSold": "910000000", "operatingIncome": "59000000", "sellingGeneralAndAdministrative": "189000000", "researchAndDevelopment": "373000000", "operatingExpenses": "562000000", "investmentIncomeNet": "None", "netInterestIncome": "-25000000", "interestIncome": "None", "interestExpense": "25000000", "nonInterestIncome": "1531000000", "otherNonOperatingIncome": "3000000", "depreciation": "None", "depreciationAndAmortization": "52000000", "incomeBeforeTax": "37000000", "incomeTaxExpense": "2000000", "interestAndDebtExpense": "25000000", "netIncomeFromContinuingOperations": "35000000", "comprehensiveIncomeNetOfTax": "36000000", "ebit": "62000000", "ebitda": "114000000", "netIncome": "35000000"}, {"fiscalDateEnding": "2019-03-31", "reportedCurrency": "USD", "grossProfit": "521000000", "totalRevenue": "1291000000", "costOfRevenue": "921000000", "costofGoodsAndServicesSold": "751000000", "operatingIncome": "38000000", "sellingGeneralAndAdministrative": "170000000", "researchAndDevelopment": "373000000", "operatingExpenses": "549000000", "investmentIncomeNet": "None", "netInterestIncome": "-27000000", "interestIncome": "None", "interestExpense": "27000000", "nonInterestIncome": "1258000000", "otherNonOperatingIncome": "-7000000", "depreciation": "None", "depreciationAndAmortization": "46000000", "incomeBeforeTax": "3000000", "incomeTaxExpense": "-13000000", "interestAndDebtExpense": "35000000", "netIncomeFromContinuingOperations": "16000000", "comprehensiveIncomeNetOfTax": "23000000", "ebit": "30000000", "ebitda": "76000000", "netIncome": "16000000"}, {"fiscalDateEnding": "2018-12-31", "reportedCurrency": "USD", "grossProfit": "537000000", "totalRevenue": "1390000000", "costOfRevenue": "1020000000", "costofGoodsAndServicesSold": "882000000", "operatingIncome": "28000000", "sellingGeneralAndAdministrative": "138000000", "researchAndDevelopment": "371000000", "operatingExpenses": "509000000", "investmentIncomeNet": "None", "netInterestIncome": "110000000", "interestIncome": "139000000", "interestExpense": "29000000", "nonInterestIncome": "1419000000", "otherNonOperatingIncome": "4000000", "depreciation": "None", "depreciationAndAmortization": "43000000", "incomeBeforeTax": "3000000", "incomeTaxExpense": "-35000000", "interestAndDebtExpense": "29000000", "netIncomeFromContinuingOperations": "38000000", "comprehensiveIncomeNetOfTax": "40000000", "ebit": "32000000", "ebitda": "62000000", "netIncome": "38000000"}, {"fiscalDateEnding": "2018-09-30", "reportedCurrency": "USD", "grossProfit": "661000000", "totalRevenue": "1623000000", "costOfRevenue": "1140000000", "costofGoodsAndServicesSold": "992000000", "operatingIncome": "150000000", "sellingGeneralAndAdministrative": "148000000", "researchAndDevelopment": "363000000", "operatingExpenses": "511000000", "investmentIncomeNet": "None", "netInterestIncome": "-30000000", "interestIncome": "None", "interestExpense": "30000000", "nonInterestIncome": "1653000000", "otherNonOperatingIncome": "-6000000", "depreciation": "None", "depreciationAndAmortization": "41000000", "incomeBeforeTax": "114000000", "incomeTaxExpense": "12000000", "interestAndDebtExpense": "24000000", "netIncomeFromContinuingOperations": "102000000", "comprehensiveIncomeNetOfTax": "102000000", "ebit": "144000000", "ebitda": "185000000", "netIncome": "102000000"}, {"fiscalDateEnding": "2018-06-30", "reportedCurrency": "USD", "grossProfit": "652000000", "totalRevenue": "1725000000", "costOfRevenue": "1246000000", "costofGoodsAndServicesSold": "1104000000", "operatingIncome": "153000000", "sellingGeneralAndAdministrative": "142000000", "researchAndDevelopment": "357000000", "operatingExpenses": "499000000", "investmentIncomeNet": "None", "netInterestIncome": "-31000000", "interestIncome": "None", "interestExpense": "31000000", "nonInterestIncome": "1756000000", "otherNonOperatingIncome": "1000000", "depreciation": "None", "depreciationAndAmortization": "42000000", "incomeBeforeTax": "122000000", "incomeTaxExpense": "6000000", "interestAndDebtExpense": "31000000", "netIncomeFromContinuingOperations": "116000000", "comprehensiveIncomeNetOfTax": "103000000", "ebit": "153000000", "ebitda": "195000000", "netIncome": "116000000"}, {"fiscalDateEnding": "2018-03-31", "reportedCurrency": "USD", "grossProfit": "597000000", "totalRevenue": "1615000000", "costOfRevenue": "1184000000", "costofGoodsAndServicesSold": "1050000000", "operatingIncome": "120000000", "sellingGeneralAndAdministrative": "134000000", "researchAndDevelopment": "343000000", "operatingExpenses": "477000000", "investmentIncomeNet": "None", "netInterestIncome": "-31000000", "interestIncome": "None", "interestExpense": "31000000", "nonInterestIncome": "-1000000", "otherNonOperatingIncome": "1000000", "depreciation": "None", "depreciationAndAmortization": "44000000", "incomeBeforeTax": "89000000", "incomeTaxExpense": "8000000", "interestAndDebtExpense": "32000000", "netIncomeFromContinuingOperations": "81000000", "comprehensiveIncomeNetOfTax": "80000000", "ebit": "120000000", "ebitda": "164000000", "netIncome": "81000000"}, {"fiscalDateEnding": "2017-12-31", "reportedCurrency": "USD", "grossProfit": "452000000", "totalRevenue": "1449000000", "costOfRevenue": "1098000000", "costofGoodsAndServicesSold": "888000000", "operatingIncome": "-2000000", "sellingGeneralAndAdministrative": "134000000", "researchAndDevelopment": "320000000", "operatingExpenses": "433000000", "investmentIncomeNet": "None", "netInterestIncome": "101000000", "interestIncome": "132000000", "interestExpense": "31000000", "nonInterestIncome": "1340000000", "otherNonOperatingIncome": "2000000", "depreciation": "None", "depreciationAndAmortization": "39000000", "incomeBeforeTax": "-31000000", "incomeTaxExpense": "-12000000", "interestAndDebtExpense": "31000000", "netIncomeFromContinuingOperations": "61000000", "comprehensiveIncomeNetOfTax": "-15000000", "ebit": "-2000000", "ebitda": "1169000000", "netIncome": "-19000000"}, {"fiscalDateEnding": "2017-09-30", "reportedCurrency": "USD", "grossProfit": "571000000", "totalRevenue": "1584000000", "costOfRevenue": "1013000000", "costofGoodsAndServicesSold": "1013000000", "operatingIncome": "119000000", "sellingGeneralAndAdministrative": "132000000", "researchAndDevelopment": "320000000", "operatingExpenses": "447000000", "investmentIncomeNet": "None", "netInterestIncome": "-31000000", "interestIncome": "None", "interestExpense": "31000000", "nonInterestIncome": "1584000000", "otherNonOperatingIncome": "-3000000", "depreciation": "None", "depreciationAndAmortization": "36000000", "incomeBeforeTax": "83000000", "incomeTaxExpense": "22000000", "interestAndDebtExpense": "31000000", "netIncomeFromContinuingOperations": "71000000", "comprehensiveIncomeNetOfTax": "63000000", "ebit": "114000000", "ebitda": "157000000", "netIncome": "61000000"}, {"fiscalDateEnding": "2017-06-30", "reportedCurrency": "USD", "grossProfit": "386000000", "totalRevenue": "1151000000", "costOfRevenue": "765000000", "costofGoodsAndServicesSold": "765000000", "operatingIncome": "-1000000", "sellingGeneralAndAdministrative": "127000000", "researchAndDevelopment": "285000000", "operatingExpenses": "404000000", "investmentIncomeNet": "None", "netInterestIncome": "-32000000", "interestIncome": "None", "interestExpense": "32000000", "nonInterestIncome": "1151000000", "otherNonOperatingIncome": "-3000000", "depreciation": "None", "depreciationAndAmortization": "35000000", "incomeBeforeTax": "-39000000", "incomeTaxExpense": "3000000", "interestAndDebtExpense": "32000000", "netIncomeFromContinuingOperations": "-13000000", "comprehensiveIncomeNetOfTax": "-38000000", "ebit": "-7000000", "ebitda": "28000000", "netIncome": "-42000000"}, {"fiscalDateEnding": "2017-03-31", "reportedCurrency": "USD", "grossProfit": "378000000", "totalRevenue": "1178000000", "costOfRevenue": "800000000", "costofGoodsAndServicesSold": "800000000", "operatingIncome": "11000000", "sellingGeneralAndAdministrative": "123000000", "researchAndDevelopment": "271000000", "operatingExpenses": "387000000", "investmentIncomeNet": "None", "netInterestIncome": "-32000000", "interestIncome": "None", "interestExpense": "32000000", "nonInterestIncome": "-4000000", "otherNonOperatingIncome": "-5000000", "depreciation": "None", "depreciationAndAmortization": "34000000", "incomeBeforeTax": "-28000000", "incomeTaxExpense": "5000000", "interestAndDebtExpense": "32000000", "netIncomeFromContinuingOperations": "-71000000", "comprehensiveIncomeNetOfTax": "-32000000", "ebit": "4000000", "ebitda": "38000000", "netIncome": "-33000000"}, {"fiscalDateEnding": "2016-12-31", "reportedCurrency": "USD", "grossProfit": "351000000", "totalRevenue": "1103000000", "costOfRevenue": "876000000", "costofGoodsAndServicesSold": "797000000", "operatingIncome": "-3000000", "sellingGeneralAndAdministrative": "121000000", "researchAndDevelopment": "264000000", "operatingExpenses": "385000000", "investmentIncomeNet": "None", "netInterestIncome": "124000000", "interestIncome": "158000000", "interestExpense": "34000000", "nonInterestIncome": "-7000000", "otherNonOperatingIncome": "-7000000", "depreciation": "None", "depreciationAndAmortization": "34000000", "incomeBeforeTax": "-46000000", "incomeTaxExpense": "5000000", "interestAndDebtExpense": "34000000", "netIncomeFromContinuingOperations": "-51000000", "comprehensiveIncomeNetOfTax": "-54000000", "ebit": "-12000000", "ebitda": "22000000", "netIncome": "-51000000"}]}