{"symbol": "AMGN", "annualReports": [{"fiscalDateEnding": "2020-12-31", "reportedCurrency": "USD", "grossProfit": "18081000000", "totalRevenue": "25424000000", "costOfRevenue": "7343000000", "costofGoodsAndServicesSold": "6159000000", "operatingIncome": "9139000000", "sellingGeneralAndAdministrative": "5730000000", "researchAndDevelopment": "4207000000", "operatingExpenses": "12926000000", "investmentIncomeNet": "None", "netInterestIncome": "-1262000000", "interestIncome": "256000000", "interestExpense": "1262000000", "nonInterestIncome": "25424000000", "otherNonOperatingIncome": "256000000", "depreciation": "640000000", "depreciationAndAmortization": "2800000000", "incomeBeforeTax": "8133000000", "incomeTaxExpense": "869000000", "interestAndDebtExpense": "1262000000", "netIncomeFromContinuingOperations": "7264000000", "comprehensiveIncomeNetOfTax": "6807000000", "ebit": "9139000000", "ebitda": "12195000000", "netIncome": "7264000000"}, {"fiscalDateEnding": "2019-12-31", "reportedCurrency": "USD", "grossProfit": "17848000000", "totalRevenue": "23362000000", "costOfRevenue": "5514000000", "costofGoodsAndServicesSold": "4356000000", "operatingIncome": "9674000000", "sellingGeneralAndAdministrative": "5150000000", "researchAndDevelopment": "4116000000", "operatingExpenses": "10732000000", "investmentIncomeNet": "None", "netInterestIncome": "-1289000000", "interestIncome": "753000000", "interestExpense": "1289000000", "nonInterestIncome": "23362000000", "otherNonOperatingIncome": "753000000", "depreciation": "635000000", "depreciationAndAmortization": "1400000000", "incomeBeforeTax": "9138000000", "incomeTaxExpense": "1296000000", "interestAndDebtExpense": "1289000000", "netIncomeFromContinuingOperations": "7842000000", "comprehensiveIncomeNetOfTax": "8083000000", "ebit": "9674000000", "ebitda": "11827000000", "netIncome": "7842000000"}, {"fiscalDateEnding": "2018-12-31", "reportedCurrency": "USD", "grossProfit": "18432000000", "totalRevenue": "23747000000", "costOfRevenue": "5315000000", "costofGoodsAndServicesSold": "4101000000", "operatingIncome": "10263000000", "sellingGeneralAndAdministrative": "5332000000", "researchAndDevelopment": "3737000000", "operatingExpenses": "10683000000", "investmentIncomeNet": "None", "netInterestIncome": "-1392000000", "interestIncome": "674000000", "interestExpense": "1392000000", "nonInterestIncome": "23747000000", "otherNonOperatingIncome": "674000000", "depreciation": "630000000", "depreciationAndAmortization": "1300000000", "incomeBeforeTax": "9545000000", "incomeTaxExpense": "1151000000", "interestAndDebtExpense": "1392000000", "netIncomeFromContinuingOperations": "8394000000", "comprehensiveIncomeNetOfTax": "8313000000", "ebit": "10263000000", "ebitda": "12237000000", "netIncome": "8394000000"}, {"fiscalDateEnding": "2017-12-31", "reportedCurrency": "USD", "grossProfit": "17726000000", "totalRevenue": "22849000000", "costOfRevenue": "5123000000", "costofGoodsAndServicesSold": "4069000000", "operatingIncome": "9973000000", "sellingGeneralAndAdministrative": "4870000000", "researchAndDevelopment": "3562000000", "operatingExpenses": "10186000000", "investmentIncomeNet": "None", "netInterestIncome": "-1304000000", "interestIncome": "928000000", "interestExpense": "1304000000", "nonInterestIncome": "22849000000", "otherNonOperatingIncome": "928000000", "depreciation": "604000000", "depreciationAndAmortization": "1300000000", "incomeBeforeTax": "9597000000", "incomeTaxExpense": "7618000000", "interestAndDebtExpense": "1304000000", "netIncomeFromContinuingOperations": "1979000000", "comprehensiveIncomeNetOfTax": "1771000000", "ebit": "9973000000", "ebitda": "12201000000", "netIncome": "1979000000"}, {"fiscalDateEnding": "2016-12-31", "reportedCurrency": "USD", "grossProfit": "17730000000", "totalRevenue": "22991000000", "costOfRevenue": "5261000000", "costofGoodsAndServicesSold": "4162000000", "operatingIncome": "9794000000", "sellingGeneralAndAdministrative": "5062000000", "researchAndDevelopment": "3840000000", "operatingExpenses": "10554000000", "investmentIncomeNet": "None", "netInterestIncome": "-1260000000", "interestIncome": "629000000", "interestExpense": "1260000000", "nonInterestIncome": "None", "otherNonOperatingIncome": "629000000", "depreciation": "619000000", "depreciationAndAmortization": "1500000000", "incomeBeforeTax": "9163000000", "incomeTaxExpense": "1441000000", "interestAndDebtExpense": "1260000000", "netIncomeFromContinuingOperations": "7722000000", "comprehensiveIncomeNetOfTax": "7731000000", "ebit": "9794000000", "ebitda": "11923000000", "netIncome": "7722000000"}], "quarterlyReports": [{"fiscalDateEnding": "2021-09-30", "reportedCurrency": "USD", "grossProfit": "2854000000", "totalRevenue": "6410000000", "costOfRevenue": "3556000000", "costofGoodsAndServicesSold": "1609000000", "operatingIncome": "2378000000", "sellingGeneralAndAdministrative": "1305000000", "researchAndDevelopment": "1422000000", "operatingExpenses": "3361000000", "investmentIncomeNet": "None", "netInterestIncome": "-296000000", "interestIncome": "None", "interestExpense": "296000000", "nonInterestIncome": "6706000000", "otherNonOperatingIncome": "73000000", "depreciation": "None", "depreciationAndAmortization": "642000000", "incomeBeforeTax": "2155000000", "incomeTaxExpense": "271000000", "interestAndDebtExpense": "296000000", "netIncomeFromContinuingOperations": "1884000000", "comprehensiveIncomeNetOfTax": "1944000000", "ebit": "2378000000", "ebitda": "3093000000", "netIncome": "1884000000"}, {"fiscalDateEnding": "2021-06-30", "reportedCurrency": "USD", "grossProfit": "2853000000", "totalRevenue": "6526000000", "costOfRevenue": "3673000000", "costofGoodsAndServicesSold": "1637000000", "operatingIncome": "828000000", "sellingGeneralAndAdministrative": "1384000000", "researchAndDevelopment": "2587000000", "operatingExpenses": "4713000000", "investmentIncomeNet": "None", "netInterestIncome": "-281000000", "interestIncome": "None", "interestExpense": "281000000", "nonInterestIncome": "None", "otherNonOperatingIncome": "11000000", "depreciation": "None", "depreciationAndAmortization": "652000000", "incomeBeforeTax": "558000000", "incomeTaxExpense": "94000000", "interestAndDebtExpense": "281000000", "netIncomeFromContinuingOperations": "464000000", "comprehensiveIncomeNetOfTax": "429000000", "ebit": "828000000", "ebitda": "1491000000", "netIncome": "464000000"}, {"fiscalDateEnding": "2021-03-31", "reportedCurrency": "USD", "grossProfit": "2503000000", "totalRevenue": "5901000000", "costOfRevenue": "3398000000", "costofGoodsAndServicesSold": "1490000000", "operatingIncome": "2129000000", "sellingGeneralAndAdministrative": "1254000000", "researchAndDevelopment": "967000000", "operatingExpenses": "2936000000", "investmentIncomeNet": "None", "netInterestIncome": "-285000000", "interestIncome": "None", "interestExpense": "285000000", "nonInterestIncome": "None", "otherNonOperatingIncome": "13000000", "depreciation": "None", "depreciationAndAmortization": "654000000", "incomeBeforeTax": "1857000000", "incomeTaxExpense": "211000000", "interestAndDebtExpense": "285000000", "netIncomeFromContinuingOperations": "1646000000", "comprehensiveIncomeNetOfTax": "1798000000", "ebit": "2129000000", "ebitda": "2796000000", "netIncome": "1646000000"}, {"fiscalDateEnding": "2020-12-31", "reportedCurrency": "USD", "grossProfit": "4737000000", "totalRevenue": "6634000000", "costOfRevenue": "1897000000", "costofGoodsAndServicesSold": "1597000000", "operatingIncome": "2008000000", "sellingGeneralAndAdministrative": "1773000000", "researchAndDevelopment": "1229000000", "operatingExpenses": "3729000000", "investmentIncomeNet": "None", "netInterestIncome": "-318000000", "interestIncome": "187000000", "interestExpense": "318000000", "nonInterestIncome": "6634000000", "otherNonOperatingIncome": "187000000", "depreciation": "None", "depreciationAndAmortization": "700000000", "incomeBeforeTax": "1877000000", "incomeTaxExpense": "262000000", "interestAndDebtExpense": "318000000", "netIncomeFromContinuingOperations": "4737000000", "comprehensiveIncomeNetOfTax": "1533000000", "ebit": "2008000000", "ebitda": "2895000000", "netIncome": "1615000000"}, {"fiscalDateEnding": "2020-09-30", "reportedCurrency": "USD", "grossProfit": "4543000000", "totalRevenue": "6423000000", "costOfRevenue": "1880000000", "costofGoodsAndServicesSold": "1561000000", "operatingIncome": "2453000000", "sellingGeneralAndAdministrative": "1346000000", "researchAndDevelopment": "1062000000", "operatingExpenses": "3117000000", "investmentIncomeNet": "None", "netInterestIncome": "-302000000", "interestIncome": "55000000", "interestExpense": "302000000", "nonInterestIncome": "6423000000", "otherNonOperatingIncome": "55000000", "depreciation": "None", "depreciationAndAmortization": "708000000", "incomeBeforeTax": "2206000000", "incomeTaxExpense": "185000000", "interestAndDebtExpense": "302000000", "netIncomeFromContinuingOperations": "2021000000", "comprehensiveIncomeNetOfTax": "1901000000", "ebit": "2453000000", "ebitda": "3216000000", "netIncome": "2021000000"}, {"fiscalDateEnding": "2020-06-30", "reportedCurrency": "USD", "grossProfit": "4420000000", "totalRevenue": "6206000000", "costOfRevenue": "1786000000", "costofGoodsAndServicesSold": "1488000000", "operatingIncome": "2323000000", "sellingGeneralAndAdministrative": "1295000000", "researchAndDevelopment": "964000000", "operatingExpenses": "3108000000", "investmentIncomeNet": "None", "netInterestIncome": "-296000000", "interestIncome": "3000000", "interestExpense": "296000000", "nonInterestIncome": "None", "otherNonOperatingIncome": "3000000", "depreciation": "None", "depreciationAndAmortization": "713000000", "incomeBeforeTax": "2030000000", "incomeTaxExpense": "227000000", "interestAndDebtExpense": "296000000", "netIncomeFromContinuingOperations": "1803000000", "comprehensiveIncomeNetOfTax": "1682000000", "ebit": "2323000000", "ebitda": "3039000000", "netIncome": "1803000000"}, {"fiscalDateEnding": "2020-03-31", "reportedCurrency": "USD", "grossProfit": "4381000000", "totalRevenue": "6161000000", "costOfRevenue": "1780000000", "costofGoodsAndServicesSold": "1513000000", "operatingIncome": "2355000000", "sellingGeneralAndAdministrative": "1316000000", "researchAndDevelopment": "952000000", "operatingExpenses": "3002000000", "investmentIncomeNet": "None", "netInterestIncome": "-346000000", "interestIncome": "11000000", "interestExpense": "346000000", "nonInterestIncome": "None", "otherNonOperatingIncome": "11000000", "depreciation": "None", "depreciationAndAmortization": "709000000", "incomeBeforeTax": "2020000000", "incomeTaxExpense": "195000000", "interestAndDebtExpense": "346000000", "netIncomeFromContinuingOperations": "1825000000", "comprehensiveIncomeNetOfTax": "1691000000", "ebit": "2355000000", "ebitda": "3075000000", "netIncome": "1825000000"}, {"fiscalDateEnding": "2019-12-31", "reportedCurrency": "USD", "grossProfit": "4628000000", "totalRevenue": "6197000000", "costOfRevenue": "1569000000", "costofGoodsAndServicesSold": "1253000000", "operatingIncome": "2048000000", "sellingGeneralAndAdministrative": "1513000000", "researchAndDevelopment": "1312000000", "operatingExpenses": "3348000000", "investmentIncomeNet": "None", "netInterestIncome": "-301000000", "interestIncome": "236000000", "interestExpense": "301000000", "nonInterestIncome": "None", "otherNonOperatingIncome": "236000000", "depreciation": "None", "depreciationAndAmortization": "452000000", "incomeBeforeTax": "1983000000", "incomeTaxExpense": "280000000", "interestAndDebtExpense": "301000000", "netIncomeFromContinuingOperations": "4628000000", "comprehensiveIncomeNetOfTax": "1563000000", "ebit": "2048000000", "ebitda": "2736000000", "netIncome": "1703000000"}, {"fiscalDateEnding": "2019-09-30", "reportedCurrency": "USD", "grossProfit": "4427000000", "totalRevenue": "5737000000", "costOfRevenue": "1310000000", "costofGoodsAndServicesSold": "1036000000", "operatingIncome": "2476000000", "sellingGeneralAndAdministrative": "1223000000", "researchAndDevelopment": "1001000000", "operatingExpenses": "2543000000", "investmentIncomeNet": "None", "netInterestIncome": "-313000000", "interestIncome": "114000000", "interestExpense": "313000000", "nonInterestIncome": "None", "otherNonOperatingIncome": "114000000", "depreciation": "None", "depreciationAndAmortization": "318000000", "incomeBeforeTax": "2277000000", "incomeTaxExpense": "309000000", "interestAndDebtExpense": "313000000", "netIncomeFromContinuingOperations": "1968000000", "comprehensiveIncomeNetOfTax": "2045000000", "ebit": "2476000000", "ebitda": "2908000000", "netIncome": "1968000000"}, {"fiscalDateEnding": "2019-06-30", "reportedCurrency": "USD", "grossProfit": "4562000000", "totalRevenue": "5871000000", "costOfRevenue": "1309000000", "costofGoodsAndServicesSold": "1012000000", "operatingIncome": "2678000000", "sellingGeneralAndAdministrative": "1260000000", "researchAndDevelopment": "924000000", "operatingExpenses": "2496000000", "investmentIncomeNet": "None", "netInterestIncome": "-332000000", "interestIncome": "218000000", "interestExpense": "332000000", "nonInterestIncome": "None", "otherNonOperatingIncome": "218000000", "depreciation": "None", "depreciationAndAmortization": "315000000", "incomeBeforeTax": "2564000000", "incomeTaxExpense": "385000000", "interestAndDebtExpense": "332000000", "netIncomeFromContinuingOperations": "2179000000", "comprehensiveIncomeNetOfTax": "2230000000", "ebit": "2678000000", "ebitda": "3211000000", "netIncome": "2179000000"}, {"fiscalDateEnding": "2019-03-31", "reportedCurrency": "USD", "grossProfit": "4231000000", "totalRevenue": "5557000000", "costOfRevenue": "1326000000", "costofGoodsAndServicesSold": "1055000000", "operatingIncome": "2472000000", "sellingGeneralAndAdministrative": "1154000000", "researchAndDevelopment": "879000000", "operatingExpenses": "2345000000", "investmentIncomeNet": "None", "netInterestIncome": "-343000000", "interestIncome": "185000000", "interestExpense": "343000000", "nonInterestIncome": "None", "otherNonOperatingIncome": "185000000", "depreciation": "None", "depreciationAndAmortization": "315000000", "incomeBeforeTax": "2314000000", "incomeTaxExpense": "322000000", "interestAndDebtExpense": "343000000", "netIncomeFromContinuingOperations": "1992000000", "comprehensiveIncomeNetOfTax": "2245000000", "ebit": "2472000000", "ebitda": "2972000000", "netIncome": "1992000000"}, {"fiscalDateEnding": "2018-12-31", "reportedCurrency": "USD", "grossProfit": "4905000000", "totalRevenue": "6230000000", "costOfRevenue": "1325000000", "costofGoodsAndServicesSold": "1096000000", "operatingIncome": "2382000000", "sellingGeneralAndAdministrative": "1559000000", "researchAndDevelopment": "1182000000", "operatingExpenses": "3069000000", "investmentIncomeNet": "None", "netInterestIncome": "-352000000", "interestIncome": "None", "interestExpense": "352000000", "nonInterestIncome": "None", "otherNonOperatingIncome": "155000000", "depreciation": "None", "depreciationAndAmortization": "317000000", "incomeBeforeTax": "2185000000", "incomeTaxExpense": "257000000", "interestAndDebtExpense": "352000000", "netIncomeFromContinuingOperations": "4905000000", "comprehensiveIncomeNetOfTax": "1968000000", "ebit": "2382000000", "ebitda": "2854000000", "netIncome": "1928000000"}, {"fiscalDateEnding": "2018-09-30", "reportedCurrency": "USD", "grossProfit": "4473000000", "totalRevenue": "5904000000", "costOfRevenue": "1431000000", "costofGoodsAndServicesSold": "1037000000", "operatingIncome": "2323000000", "sellingGeneralAndAdministrative": "1293000000", "researchAndDevelopment": "926000000", "operatingExpenses": "3205000000", "investmentIncomeNet": "None", "netInterestIncome": "-355000000", "interestIncome": "None", "interestExpense": "355000000", "nonInterestIncome": "None", "otherNonOperatingIncome": "126000000", "depreciation": "None", "depreciationAndAmortization": "331000000", "incomeBeforeTax": "2094000000", "incomeTaxExpense": "235000000", "interestAndDebtExpense": "355000000", "netIncomeFromContinuingOperations": "1859000000", "comprehensiveIncomeNetOfTax": "1923000000", "ebit": "2323000000", "ebitda": "2780000000", "netIncome": "1859000000"}, {"fiscalDateEnding": "2018-06-30", "reportedCurrency": "USD", "grossProfit": "4655000000", "totalRevenue": "6059000000", "costOfRevenue": "1404000000", "costofGoodsAndServicesSold": "1024000000", "operatingIncome": "2832000000", "sellingGeneralAndAdministrative": "1353000000", "researchAndDevelopment": "869000000", "operatingExpenses": "2535000000", "investmentIncomeNet": "None", "netInterestIncome": "-347000000", "interestIncome": "None", "interestExpense": "347000000", "nonInterestIncome": "None", "otherNonOperatingIncome": "162000000", "depreciation": "None", "depreciationAndAmortization": "332000000", "incomeBeforeTax": "2647000000", "incomeTaxExpense": "351000000", "interestAndDebtExpense": "347000000", "netIncomeFromContinuingOperations": "2296000000", "comprehensiveIncomeNetOfTax": "2417000000", "ebit": "2832000000", "ebitda": "3326000000", "netIncome": "2296000000"}, {"fiscalDateEnding": "2018-03-31", "reportedCurrency": "USD", "grossProfit": "4399000000", "totalRevenue": "5554000000", "costOfRevenue": "1155000000", "costofGoodsAndServicesSold": "944000000", "operatingIncome": "2726000000", "sellingGeneralAndAdministrative": "1127000000", "researchAndDevelopment": "760000000", "operatingExpenses": "2204000000", "investmentIncomeNet": "None", "netInterestIncome": "-338000000", "interestIncome": "None", "interestExpense": "338000000", "nonInterestIncome": "None", "otherNonOperatingIncome": "231000000", "depreciation": "None", "depreciationAndAmortization": "320000000", "incomeBeforeTax": "2619000000", "incomeTaxExpense": "308000000", "interestAndDebtExpense": "338000000", "netIncomeFromContinuingOperations": "2311000000", "comprehensiveIncomeNetOfTax": "2005000000", "ebit": "2726000000", "ebitda": "3277000000", "netIncome": "2311000000"}, {"fiscalDateEnding": "2017-12-31", "reportedCurrency": "USD", "grossProfit": "4510000000", "totalRevenue": "5802000000", "costOfRevenue": "1292000000", "costofGoodsAndServicesSold": "1059000000", "operatingIncome": "2245000000", "sellingGeneralAndAdministrative": "1427000000", "researchAndDevelopment": "1043000000", "operatingExpenses": "2777000000", "investmentIncomeNet": "None", "netInterestIncome": "-332000000", "interestIncome": "None", "interestExpense": "332000000", "nonInterestIncome": "None", "otherNonOperatingIncome": "301000000", "depreciation": "None", "depreciationAndAmortization": "200000000", "incomeBeforeTax": "2214000000", "incomeTaxExpense": "6478000000", "interestAndDebtExpense": "332000000", "netIncomeFromContinuingOperations": "4510000000", "comprehensiveIncomeNetOfTax": "-4500000000", "ebit": "2245000000", "ebitda": "2746000000", "netIncome": "-4264000000"}, {"fiscalDateEnding": "2017-09-30", "reportedCurrency": "USD", "grossProfit": "4463000000", "totalRevenue": "5773000000", "costOfRevenue": "1310000000", "costofGoodsAndServicesSold": "990000000", "operatingIncome": "2439000000", "sellingGeneralAndAdministrative": "1170000000", "researchAndDevelopment": "877000000", "operatingExpenses": "2652000000", "investmentIncomeNet": "None", "netInterestIncome": "-325000000", "interestIncome": "None", "interestExpense": "325000000", "nonInterestIncome": "None", "otherNonOperatingIncome": "267000000", "depreciation": "None", "depreciationAndAmortization": "308000000", "incomeBeforeTax": "2381000000", "incomeTaxExpense": "360000000", "interestAndDebtExpense": "325000000", "netIncomeFromContinuingOperations": "2021000000", "comprehensiveIncomeNetOfTax": "2027000000", "ebit": "2439000000", "ebitda": "3014000000", "netIncome": "2021000000"}, {"fiscalDateEnding": "2017-06-30", "reportedCurrency": "USD", "grossProfit": "4550000000", "totalRevenue": "5810000000", "costOfRevenue": "1260000000", "costofGoodsAndServicesSold": "1024000000", "operatingIncome": "2698000000", "sellingGeneralAndAdministrative": "1209000000", "researchAndDevelopment": "873000000", "operatingExpenses": "2459000000", "investmentIncomeNet": "None", "netInterestIncome": "-321000000", "interestIncome": "None", "interestExpense": "321000000", "nonInterestIncome": "None", "otherNonOperatingIncome": "165000000", "depreciation": "None", "depreciationAndAmortization": "371000000", "incomeBeforeTax": "2542000000", "incomeTaxExpense": "391000000", "interestAndDebtExpense": "321000000", "netIncomeFromContinuingOperations": "2151000000", "comprehensiveIncomeNetOfTax": "2064000000", "ebit": "2698000000", "ebitda": "3234000000", "netIncome": "2151000000"}, {"fiscalDateEnding": "2017-03-31", "reportedCurrency": "USD", "grossProfit": "4203000000", "totalRevenue": "5464000000", "costOfRevenue": "1261000000", "costofGoodsAndServicesSold": "996000000", "operatingIncome": "2591000000", "sellingGeneralAndAdministrative": "1064000000", "researchAndDevelopment": "769000000", "operatingExpenses": "2250000000", "investmentIncomeNet": "None", "netInterestIncome": "-326000000", "interestIncome": "None", "interestExpense": "326000000", "nonInterestIncome": "None", "otherNonOperatingIncome": "195000000", "depreciation": "None", "depreciationAndAmortization": "373000000", "incomeBeforeTax": "2460000000", "incomeTaxExpense": "389000000", "interestAndDebtExpense": "326000000", "netIncomeFromContinuingOperations": "2071000000", "comprehensiveIncomeNetOfTax": "2180000000", "ebit": "2591000000", "ebitda": "3159000000", "netIncome": "2071000000"}, {"fiscalDateEnding": "2016-12-31", "reportedCurrency": "USD", "grossProfit": "4596000000", "totalRevenue": "5965000000", "costOfRevenue": "1369000000", "costofGoodsAndServicesSold": "1067000000", "operatingIncome": "2485000000", "sellingGeneralAndAdministrative": "1323000000", "researchAndDevelopment": "1078000000", "operatingExpenses": "2832000000", "investmentIncomeNet": "None", "netInterestIncome": "-328000000", "interestIncome": "None", "interestExpense": "328000000", "nonInterestIncome": "None", "otherNonOperatingIncome": "126000000", "depreciation": "None", "depreciationAndAmortization": "400000000", "incomeBeforeTax": "2283000000", "incomeTaxExpense": "348000000", "interestAndDebtExpense": "328000000", "netIncomeFromContinuingOperations": "4596000000", "comprehensiveIncomeNetOfTax": "1603000000", "ebit": "2485000000", "ebitda": "3011000000", "netIncome": "1935000000"}]}