{"symbol": "AMP", "annualReports": [{"fiscalDateEnding": "2020-12-31", "reportedCurrency": "USD", "grossProfit": "4259000000", "totalRevenue": "11958000000", "costOfRevenue": "7699000000", "costofGoodsAndServicesSold": "1865000000", "operatingIncome": "1106000000", "sellingGeneralAndAdministrative": "3120000000", "researchAndDevelopment": "None", "operatingExpenses": "3153000000", "investmentIncomeNet": "1161000000", "netInterestIncome": "-221000000", "interestIncome": "-162000000", "interestExpense": "221000000", "nonInterestIncome": "1395000000", "otherNonOperatingIncome": "None", "depreciation": "153000000", "depreciationAndAmortization": "31000000", "incomeBeforeTax": "1831000000", "incomeTaxExpense": "297000000", "interestAndDebtExpense": "221000000", "netIncomeFromContinuingOperations": "1534000000", "comprehensiveIncomeNetOfTax": "1901000000", "ebit": "2052000000", "ebitda": "2083000000", "netIncome": "1534000000"}, {"fiscalDateEnding": "2019-12-31", "reportedCurrency": "USD", "grossProfit": "3739000000", "totalRevenue": "13103000000", "costOfRevenue": "9364000000", "costofGoodsAndServicesSold": "2712000000", "operatingIncome": "603000000", "sellingGeneralAndAdministrative": "3287000000", "researchAndDevelopment": "None", "operatingExpenses": "3136000000", "investmentIncomeNet": "1378000000", "netInterestIncome": "-350000000", "interestIncome": "-214000000", "interestExpense": "350000000", "nonInterestIncome": "1214000000", "otherNonOperatingIncome": "213000000", "depreciation": "147000000", "depreciationAndAmortization": "37000000", "incomeBeforeTax": "2232000000", "incomeTaxExpense": "339000000", "interestAndDebtExpense": "350000000", "netIncomeFromContinuingOperations": "1893000000", "comprehensiveIncomeNetOfTax": "2446000000", "ebit": "2582000000", "ebitda": "2619000000", "netIncome": "1893000000"}, {"fiscalDateEnding": "2018-12-31", "reportedCurrency": "USD", "grossProfit": "4061000000", "totalRevenue": "12924000000", "costOfRevenue": "8863000000", "costofGoodsAndServicesSold": "2391000000", "operatingIncome": "841000000", "sellingGeneralAndAdministrative": "3171000000", "researchAndDevelopment": "None", "operatingExpenses": "3220000000", "investmentIncomeNet": "1353000000", "netInterestIncome": "-334000000", "interestIncome": "-245000000", "interestExpense": "334000000", "nonInterestIncome": "1426000000", "otherNonOperatingIncome": "None", "depreciation": "146000000", "depreciationAndAmortization": "30000000", "incomeBeforeTax": "2484000000", "incomeTaxExpense": "386000000", "interestAndDebtExpense": "334000000", "netIncomeFromContinuingOperations": "2098000000", "comprehensiveIncomeNetOfTax": "1579000000", "ebit": "2818000000", "ebitda": "2848000000", "netIncome": "2098000000"}, {"fiscalDateEnding": "2017-12-31", "reportedCurrency": "USD", "grossProfit": "3604000000", "totalRevenue": "12180000000", "costOfRevenue": "8471000000", "costofGoodsAndServicesSold": "2281000000", "operatingIncome": "521000000", "sellingGeneralAndAdministrative": "3051000000", "researchAndDevelopment": "None", "operatingExpenses": "3083000000", "investmentIncomeNet": "1349000000", "netInterestIncome": "-255000000", "interestIncome": "-207000000", "interestExpense": "255000000", "nonInterestIncome": "9556000000", "otherNonOperatingIncome": "None", "depreciation": "141000000", "depreciationAndAmortization": "27000000", "incomeBeforeTax": "2214000000", "incomeTaxExpense": "734000000", "interestAndDebtExpense": "255000000", "netIncomeFromContinuingOperations": "1480000000", "comprehensiveIncomeNetOfTax": "1509000000", "ebit": "2469000000", "ebitda": "2496000000", "netIncome": "1480000000"}, {"fiscalDateEnding": "2016-12-31", "reportedCurrency": "USD", "grossProfit": "2398000000", "totalRevenue": "11839000000", "costOfRevenue": "9337000000", "costofGoodsAndServicesSold": "2685000000", "operatingIncome": "-607000000", "sellingGeneralAndAdministrative": "2977000000", "researchAndDevelopment": "None", "operatingExpenses": "3005000000", "investmentIncomeNet": "1368000000", "netInterestIncome": "-280000000", "interestIncome": "-241000000", "interestExpense": "280000000", "nonInterestIncome": "9064000000", "otherNonOperatingIncome": "None", "depreciation": "149000000", "depreciationAndAmortization": "28000000", "incomeBeforeTax": "1591000000", "incomeTaxExpense": "278000000", "interestAndDebtExpense": "280000000", "netIncomeFromContinuingOperations": "1314000000", "comprehensiveIncomeNetOfTax": "1254000000", "ebit": "1871000000", "ebitda": "1899000000", "netIncome": "1313000000"}], "quarterlyReports": [{"fiscalDateEnding": "2021-09-30", "reportedCurrency": "USD", "grossProfit": "3341000000", "totalRevenue": "2906000000", "costOfRevenue": "-435000000", "costofGoodsAndServicesSold": "1460000000", "operatingIncome": "2519000000", "sellingGeneralAndAdministrative": "822000000", "researchAndDevelopment": "None", "operatingExpenses": "822000000", "investmentIncomeNet": "None", "netInterestIncome": "-67000000", "interestIncome": "-64000000", "interestExpense": "67000000", "nonInterestIncome": "502000000", "otherNonOperatingIncome": "None", "depreciation": "None", "depreciationAndAmortization": "-25000000", "incomeBeforeTax": "1270000000", "incomeTaxExpense": "239000000", "interestAndDebtExpense": "67000000", "netIncomeFromContinuingOperations": "1031000000", "comprehensiveIncomeNetOfTax": "670000000", "ebit": "1337000000", "ebitda": "1312000000", "netIncome": "1031000000"}, {"fiscalDateEnding": "2021-06-30", "reportedCurrency": "USD", "grossProfit": "1595000000", "totalRevenue": "3420000000", "costOfRevenue": "1825000000", "costofGoodsAndServicesSold": "1763000000", "operatingIncome": "765000000", "sellingGeneralAndAdministrative": "830000000", "researchAndDevelopment": "None", "operatingExpenses": "830000000", "investmentIncomeNet": "265000000", "netInterestIncome": "-45000000", "interestIncome": "-43000000", "interestExpense": "45000000", "nonInterestIncome": "None", "otherNonOperatingIncome": "None", "depreciation": "None", "depreciationAndAmortization": "60000000", "incomeBeforeTax": "721000000", "incomeTaxExpense": "130000000", "interestAndDebtExpense": "45000000", "netIncomeFromContinuingOperations": "591000000", "comprehensiveIncomeNetOfTax": "734000000", "ebit": "766000000", "ebitda": "826000000", "netIncome": "591000000"}, {"fiscalDateEnding": "2021-03-31", "reportedCurrency": "USD", "grossProfit": "1059000000", "totalRevenue": "3355000000", "costOfRevenue": "2296000000", "costofGoodsAndServicesSold": "658000000", "operatingIncome": "236000000", "sellingGeneralAndAdministrative": "823000000", "researchAndDevelopment": "None", "operatingExpenses": "823000000", "investmentIncomeNet": "266000000", "netInterestIncome": "-47000000", "interestIncome": "-42000000", "interestExpense": "47000000", "nonInterestIncome": "None", "otherNonOperatingIncome": "None", "depreciation": "None", "depreciationAndAmortization": "60000000", "incomeBeforeTax": "493000000", "incomeTaxExpense": "56000000", "interestAndDebtExpense": "47000000", "netIncomeFromContinuingOperations": "437000000", "comprehensiveIncomeNetOfTax": "125000000", "ebit": "540000000", "ebitda": "600000000", "netIncome": "437000000"}, {"fiscalDateEnding": "2020-12-31", "reportedCurrency": "USD", "grossProfit": "-2971000000", "totalRevenue": "3189000000", "costOfRevenue": "6160000000", "costofGoodsAndServicesSold": "988000000", "operatingIncome": "-3828000000", "sellingGeneralAndAdministrative": "828000000", "researchAndDevelopment": "None", "operatingExpenses": "857000000", "investmentIncomeNet": "274000000", "netInterestIncome": "-44000000", "interestIncome": "-38000000", "interestExpense": "44000000", "nonInterestIncome": "1146000000", "otherNonOperatingIncome": "None", "depreciation": "None", "depreciationAndAmortization": "57000000", "incomeBeforeTax": "190000000", "incomeTaxExpense": "13000000", "interestAndDebtExpense": "44000000", "netIncomeFromContinuingOperations": "190000000", "comprehensiveIncomeNetOfTax": "290000000", "ebit": "234000000", "ebitda": "291000000", "netIncome": "177000000"}, {"fiscalDateEnding": "2020-09-30", "reportedCurrency": "USD", "grossProfit": "-214000000", "totalRevenue": "3013000000", "costOfRevenue": "3227000000", "costofGoodsAndServicesSold": "1114000000", "operatingIncome": "-978000000", "sellingGeneralAndAdministrative": "763000000", "researchAndDevelopment": "None", "operatingExpenses": "764000000", "investmentIncomeNet": "275000000", "netInterestIncome": "-47000000", "interestIncome": "-37000000", "interestExpense": "47000000", "nonInterestIncome": "80000000", "otherNonOperatingIncome": "None", "depreciation": "None", "depreciationAndAmortization": "54000000", "incomeBeforeTax": "-184000000", "incomeTaxExpense": "-44000000", "interestAndDebtExpense": "47000000", "netIncomeFromContinuingOperations": "-140000000", "comprehensiveIncomeNetOfTax": "-18000000", "ebit": "-137000000", "ebitda": "-83000000", "netIncome": "-140000000"}, {"fiscalDateEnding": "2020-06-30", "reportedCurrency": "USD", "grossProfit": "-996000000", "totalRevenue": "2730000000", "costOfRevenue": "3726000000", "costofGoodsAndServicesSold": "1485000000", "operatingIncome": "-1774000000", "sellingGeneralAndAdministrative": "776000000", "researchAndDevelopment": "None", "operatingExpenses": "778000000", "investmentIncomeNet": "290000000", "netInterestIncome": "-59000000", "interestIncome": "-41000000", "interestExpense": "59000000", "nonInterestIncome": "78000000", "otherNonOperatingIncome": "None", "depreciation": "None", "depreciationAndAmortization": "49000000", "incomeBeforeTax": "-526000000", "incomeTaxExpense": "13000000", "interestAndDebtExpense": "59000000", "netIncomeFromContinuingOperations": "-539000000", "comprehensiveIncomeNetOfTax": "150000000", "ebit": "-467000000", "ebitda": "None", "netIncome": "-539000000"}, {"fiscalDateEnding": "2020-03-31", "reportedCurrency": "USD", "grossProfit": "5115000000", "totalRevenue": "3026000000", "costOfRevenue": "-2089000000", "costofGoodsAndServicesSold": "-1722000000", "operatingIncome": "4361000000", "sellingGeneralAndAdministrative": "753000000", "researchAndDevelopment": "None", "operatingExpenses": "754000000", "investmentIncomeNet": "322000000", "netInterestIncome": "-71000000", "interestIncome": "-46000000", "interestExpense": "71000000", "nonInterestIncome": "91000000", "otherNonOperatingIncome": "None", "depreciation": "None", "depreciationAndAmortization": "47000000", "incomeBeforeTax": "2351000000", "incomeTaxExpense": "315000000", "interestAndDebtExpense": "71000000", "netIncomeFromContinuingOperations": "2036000000", "comprehensiveIncomeNetOfTax": "1479000000", "ebit": "2422000000", "ebitda": "None", "netIncome": "2036000000"}, {"fiscalDateEnding": "2019-12-31", "reportedCurrency": "USD", "grossProfit": "827000000", "totalRevenue": "3317000000", "costOfRevenue": "2490000000", "costofGoodsAndServicesSold": "758000000", "operatingIncome": "153000000", "sellingGeneralAndAdministrative": "839000000", "researchAndDevelopment": "None", "operatingExpenses": "674000000", "investmentIncomeNet": "332000000", "netInterestIncome": "-80000000", "interestIncome": "-50000000", "interestExpense": "80000000", "nonInterestIncome": "93000000", "otherNonOperatingIncome": "213000000", "depreciation": "None", "depreciationAndAmortization": "51000000", "incomeBeforeTax": "534000000", "incomeTaxExpense": "71000000", "interestAndDebtExpense": "80000000", "netIncomeFromContinuingOperations": "534000000", "comprehensiveIncomeNetOfTax": "388000000", "ebit": "614000000", "ebitda": "None", "netIncome": "463000000"}, {"fiscalDateEnding": "2019-09-30", "reportedCurrency": "USD", "grossProfit": "1102000000", "totalRevenue": "3351000000", "costOfRevenue": "2249000000", "costofGoodsAndServicesSold": "628000000", "operatingIncome": "280000000", "sellingGeneralAndAdministrative": "820000000", "researchAndDevelopment": "None", "operatingExpenses": "822000000", "investmentIncomeNet": "349000000", "netInterestIncome": "-86000000", "interestIncome": "-52000000", "interestExpense": "86000000", "nonInterestIncome": "374000000", "otherNonOperatingIncome": "None", "depreciation": "None", "depreciationAndAmortization": "41000000", "incomeBeforeTax": "641000000", "incomeTaxExpense": "98000000", "interestAndDebtExpense": "86000000", "netIncomeFromContinuingOperations": "543000000", "comprehensiveIncomeNetOfTax": "611000000", "ebit": "727000000", "ebitda": "None", "netIncome": "543000000"}, {"fiscalDateEnding": "2019-06-30", "reportedCurrency": "USD", "grossProfit": "1045000000", "totalRevenue": "3282000000", "costOfRevenue": "2237000000", "costofGoodsAndServicesSold": "621000000", "operatingIncome": "220000000", "sellingGeneralAndAdministrative": "823000000", "researchAndDevelopment": "None", "operatingExpenses": "825000000", "investmentIncomeNet": "344000000", "netInterestIncome": "-96000000", "interestIncome": "-59000000", "interestExpense": "96000000", "nonInterestIncome": "376000000", "otherNonOperatingIncome": "None", "depreciation": "None", "depreciationAndAmortization": "45000000", "incomeBeforeTax": "587000000", "incomeTaxExpense": "95000000", "interestAndDebtExpense": "96000000", "netIncomeFromContinuingOperations": "492000000", "comprehensiveIncomeNetOfTax": "726000000", "ebit": "683000000", "ebitda": "None", "netIncome": "492000000"}, {"fiscalDateEnding": "2019-03-31", "reportedCurrency": "USD", "grossProfit": "778000000", "totalRevenue": "3153000000", "costOfRevenue": "2375000000", "costofGoodsAndServicesSold": "705000000", "operatingIncome": "-37000000", "sellingGeneralAndAdministrative": "805000000", "researchAndDevelopment": "None", "operatingExpenses": "815000000", "investmentIncomeNet": "353000000", "netInterestIncome": "-88000000", "interestIncome": "None", "interestExpense": "88000000", "nonInterestIncome": "371000000", "otherNonOperatingIncome": "None", "depreciation": "None", "depreciationAndAmortization": "46000000", "incomeBeforeTax": "470000000", "incomeTaxExpense": "75000000", "interestAndDebtExpense": "88000000", "netIncomeFromContinuingOperations": "395000000", "comprehensiveIncomeNetOfTax": "721000000", "ebit": "558000000", "ebitda": "None", "netIncome": "395000000"}, {"fiscalDateEnding": "2018-12-31", "reportedCurrency": "USD", "grossProfit": "1161000000", "totalRevenue": "3208000000", "costOfRevenue": "2047000000", "costofGoodsAndServicesSold": "473000000", "operatingIncome": "336000000", "sellingGeneralAndAdministrative": "792000000", "researchAndDevelopment": "None", "operatingExpenses": "825000000", "investmentIncomeNet": "351000000", "netInterestIncome": "-93000000", "interestIncome": "None", "interestExpense": "93000000", "nonInterestIncome": "-6657000000", "otherNonOperatingIncome": "None", "depreciation": "None", "depreciationAndAmortization": "46000000", "incomeBeforeTax": "652000000", "incomeTaxExpense": "113000000", "interestAndDebtExpense": "93000000", "netIncomeFromContinuingOperations": "652000000", "comprehensiveIncomeNetOfTax": "492000000", "ebit": "745000000", "ebitda": "None", "netIncome": "539000000"}, {"fiscalDateEnding": "2018-09-30", "reportedCurrency": "USD", "grossProfit": "844000000", "totalRevenue": "3316000000", "costOfRevenue": "2472000000", "costofGoodsAndServicesSold": "753000000", "operatingIncome": "33000000", "sellingGeneralAndAdministrative": "802000000", "researchAndDevelopment": "None", "operatingExpenses": "811000000", "investmentIncomeNet": "339000000", "netInterestIncome": "-74000000", "interestIncome": "None", "interestExpense": "74000000", "nonInterestIncome": "2737000000", "otherNonOperatingIncome": "None", "depreciation": "None", "depreciationAndAmortization": "45000000", "incomeBeforeTax": "588000000", "incomeTaxExpense": "85000000", "interestAndDebtExpense": "74000000", "netIncomeFromContinuingOperations": "287000000", "comprehensiveIncomeNetOfTax": "438000000", "ebit": "662000000", "ebitda": "None", "netIncome": "503000000"}, {"fiscalDateEnding": "2018-06-30", "reportedCurrency": "USD", "grossProfit": "911000000", "totalRevenue": "3216000000", "costOfRevenue": "2305000000", "costofGoodsAndServicesSold": "655000000", "operatingIncome": "119000000", "sellingGeneralAndAdministrative": "788000000", "researchAndDevelopment": "None", "operatingExpenses": "792000000", "investmentIncomeNet": "334000000", "netInterestIncome": "-100000000", "interestIncome": "None", "interestExpense": "100000000", "nonInterestIncome": "4851000000", "otherNonOperatingIncome": "None", "depreciation": "None", "depreciationAndAmortization": "51000000", "incomeBeforeTax": "548000000", "incomeTaxExpense": "86000000", "interestAndDebtExpense": "100000000", "netIncomeFromContinuingOperations": "367000000", "comprehensiveIncomeNetOfTax": "288000000", "ebit": "648000000", "ebitda": "None", "netIncome": "462000000"}, {"fiscalDateEnding": "2018-03-31", "reportedCurrency": "USD", "grossProfit": "1171000000", "totalRevenue": "3184000000", "costOfRevenue": "2013000000", "costofGoodsAndServicesSold": "510000000", "operatingIncome": "379000000", "sellingGeneralAndAdministrative": "789000000", "researchAndDevelopment": "None", "operatingExpenses": "792000000", "investmentIncomeNet": "329000000", "netInterestIncome": "-67000000", "interestIncome": "None", "interestExpense": "67000000", "nonInterestIncome": "4788000000", "otherNonOperatingIncome": "None", "depreciation": "None", "depreciationAndAmortization": "56000000", "incomeBeforeTax": "696000000", "incomeTaxExpense": "102000000", "interestAndDebtExpense": "67000000", "netIncomeFromContinuingOperations": "600000000", "comprehensiveIncomeNetOfTax": "361000000", "ebit": "763000000", "ebitda": "None", "netIncome": "594000000"}, {"fiscalDateEnding": "2017-12-31", "reportedCurrency": "USD", "grossProfit": "949000000", "totalRevenue": "3194000000", "costOfRevenue": "2225000000", "costofGoodsAndServicesSold": "595000000", "operatingIncome": "111000000", "sellingGeneralAndAdministrative": "807000000", "researchAndDevelopment": "None", "operatingExpenses": "838000000", "investmentIncomeNet": "337000000", "netInterestIncome": "-67000000", "interestIncome": "None", "interestExpense": "67000000", "nonInterestIncome": "2542000000", "otherNonOperatingIncome": "None", "depreciation": "None", "depreciationAndAmortization": "58000000", "incomeBeforeTax": "595000000", "incomeTaxExpense": "418000000", "interestAndDebtExpense": "67000000", "netIncomeFromContinuingOperations": "378000000", "comprehensiveIncomeNetOfTax": "94000000", "ebit": "662000000", "ebitda": "None", "netIncome": "177000000"}, {"fiscalDateEnding": "2017-09-30", "reportedCurrency": "USD", "grossProfit": "1067000000", "totalRevenue": "3026000000", "costOfRevenue": "1926000000", "costofGoodsAndServicesSold": "486000000", "operatingIncome": "313000000", "sellingGeneralAndAdministrative": "753000000", "researchAndDevelopment": "None", "operatingExpenses": "754000000", "investmentIncomeNet": "340000000", "netInterestIncome": "-64000000", "interestIncome": "None", "interestExpense": "64000000", "nonInterestIncome": "2411000000", "otherNonOperatingIncome": "None", "depreciation": "None", "depreciationAndAmortization": "55000000", "incomeBeforeTax": "633000000", "incomeTaxExpense": "126000000", "interestAndDebtExpense": "64000000", "netIncomeFromContinuingOperations": "528000000", "comprehensiveIncomeNetOfTax": "520000000", "ebit": "697000000", "ebitda": "None", "netIncome": "507000000"}, {"fiscalDateEnding": "2017-06-30", "reportedCurrency": "USD", "grossProfit": "796000000", "totalRevenue": "3024000000", "costOfRevenue": "2201000000", "costofGoodsAndServicesSold": "623000000", "operatingIncome": "57000000", "sellingGeneralAndAdministrative": "739000000", "researchAndDevelopment": "None", "operatingExpenses": "739000000", "investmentIncomeNet": "335000000", "netInterestIncome": "-64000000", "interestIncome": "None", "interestExpense": "64000000", "nonInterestIncome": "2339000000", "otherNonOperatingIncome": "None", "depreciation": "None", "depreciationAndAmortization": "58000000", "incomeBeforeTax": "511000000", "incomeTaxExpense": "118000000", "interestAndDebtExpense": "64000000", "netIncomeFromContinuingOperations": "274000000", "comprehensiveIncomeNetOfTax": "473000000", "ebit": "575000000", "ebitda": "None", "netIncome": "393000000"}, {"fiscalDateEnding": "2017-03-31", "reportedCurrency": "USD", "grossProfit": "791000000", "totalRevenue": "2936000000", "costOfRevenue": "2120000000", "costofGoodsAndServicesSold": "577000000", "operatingIncome": "39000000", "sellingGeneralAndAdministrative": "752000000", "researchAndDevelopment": "None", "operatingExpenses": "752000000", "investmentIncomeNet": "337000000", "netInterestIncome": "-60000000", "interestIncome": "None", "interestExpense": "60000000", "nonInterestIncome": "2264000000", "otherNonOperatingIncome": "None", "depreciation": "None", "depreciationAndAmortization": "63000000", "incomeBeforeTax": "475000000", "incomeTaxExpense": "72000000", "interestAndDebtExpense": "60000000", "netIncomeFromContinuingOperations": "310000000", "comprehensiveIncomeNetOfTax": "422000000", "ebit": "535000000", "ebitda": "None", "netIncome": "403000000"}, {"fiscalDateEnding": "2016-12-31", "reportedCurrency": "USD", "grossProfit": "648000000", "totalRevenue": "3176000000", "costOfRevenue": "2424000000", "costofGoodsAndServicesSold": "722000000", "operatingIncome": "-136000000", "sellingGeneralAndAdministrative": "756000000", "researchAndDevelopment": "None", "operatingExpenses": "784000000", "investmentIncomeNet": "340000000", "netInterestIncome": "-91000000", "interestIncome": "None", "interestExpense": "91000000", "nonInterestIncome": "2323000000", "otherNonOperatingIncome": "None", "depreciation": "None", "depreciationAndAmortization": "61000000", "incomeBeforeTax": "468000000", "incomeTaxExpense": "69000000", "interestAndDebtExpense": "91000000", "netIncomeFromContinuingOperations": "1011000000", "comprehensiveIncomeNetOfTax": "4000000", "ebit": "559000000", "ebitda": "None", "netIncome": "399000000"}]}