{"symbol": "AMZN", "annualReports": [{"fiscalDateEnding": "2020-12-31", "reportedCurrency": "USD", "grossProfit": "102560000000", "totalRevenue": "384452000000", "costOfRevenue": "281892000000", "costofGoodsAndServicesSold": "233307000000", "operatingIncome": "22899000000", "sellingGeneralAndAdministrative": "39576000000", "researchAndDevelopment": "42740000000", "operatingExpenses": "49985000000", "investmentIncomeNet": "555000000", "netInterestIncome": "-1647000000", "interestIncome": "555000000", "interestExpense": "1647000000", "nonInterestIncome": "386099000000", "otherNonOperatingIncome": "2371000000", "depreciation": "16239000000", "depreciationAndAmortization": "9009000000", "incomeBeforeTax": "24194000000", "incomeTaxExpense": "2863000000", "interestAndDebtExpense": "1647000000", "netIncomeFromContinuingOperations": "21331000000", "comprehensiveIncomeNetOfTax": "22137000000", "ebit": "25841000000", "ebitda": "34850000000", "netIncome": "21331000000"}, {"fiscalDateEnding": "2019-12-31", "reportedCurrency": "USD", "grossProfit": "67626000000", "totalRevenue": "278902000000", "costOfRevenue": "211276000000", "costofGoodsAndServicesSold": "165536000000", "operatingIncome": "14541000000", "sellingGeneralAndAdministrative": "35081000000", "researchAndDevelopment": "35931000000", "operatingExpenses": "46941000000", "investmentIncomeNet": "832000000", "netInterestIncome": "-1600000000", "interestIncome": "832000000", "interestExpense": "1600000000", "nonInterestIncome": "280502000000", "otherNonOperatingIncome": "203000000", "depreciation": "15150000000", "depreciationAndAmortization": "10659000000", "incomeBeforeTax": "13962000000", "incomeTaxExpense": "2374000000", "interestAndDebtExpense": "1600000000", "netIncomeFromContinuingOperations": "11588000000", "comprehensiveIncomeNetOfTax": "11637000000", "ebit": "15562000000", "ebitda": "26221000000", "netIncome": "11588000000"}, {"fiscalDateEnding": "2018-12-31", "reportedCurrency": "USD", "grossProfit": "65283000000", "totalRevenue": "231264000000", "costOfRevenue": "165981000000", "costofGoodsAndServicesSold": "139156000000", "operatingIncome": "12421000000", "sellingGeneralAndAdministrative": "26350000000", "researchAndDevelopment": "28837000000", "operatingExpenses": "27999000000", "investmentIncomeNet": "440000000", "netInterestIncome": "-1417000000", "interestIncome": "440000000", "interestExpense": "1417000000", "nonInterestIncome": "232681000000", "otherNonOperatingIncome": "-183000000", "depreciation": "12138000000", "depreciationAndAmortization": "475000000", "incomeBeforeTax": "11270000000", "incomeTaxExpense": "1197000000", "interestAndDebtExpense": "1417000000", "netIncomeFromContinuingOperations": "10073000000", "comprehensiveIncomeNetOfTax": "9526000000", "ebit": "12687000000", "ebitda": "13162000000", "netIncome": "10073000000"}, {"fiscalDateEnding": "2017-12-31", "reportedCurrency": "USD", "grossProfit": "51222000000", "totalRevenue": "177265000000", "costOfRevenue": "126043000000", "costofGoodsAndServicesSold": "111934000000", "operatingIncome": "4106000000", "sellingGeneralAndAdministrative": "13743000000", "researchAndDevelopment": "22620000000", "operatingExpenses": "14949000000", "investmentIncomeNet": "202000000", "netInterestIncome": "-848000000", "interestIncome": "202000000", "interestExpense": "848000000", "nonInterestIncome": "247000000", "otherNonOperatingIncome": "346000000", "depreciation": "8800000000", "depreciationAndAmortization": "366000000", "incomeBeforeTax": "3802000000", "incomeTaxExpense": "769000000", "interestAndDebtExpense": "848000000", "netIncomeFromContinuingOperations": "3033000000", "comprehensiveIncomeNetOfTax": "3534000000", "ebit": "4650000000", "ebitda": "5016000000", "netIncome": "3033000000"}, {"fiscalDateEnding": "2016-12-31", "reportedCurrency": "USD", "grossProfit": "31752000000", "totalRevenue": "135565000000", "costOfRevenue": "103813000000", "costofGoodsAndServicesSold": "88265000000", "operatingIncome": "4186000000", "sellingGeneralAndAdministrative": "7432000000", "researchAndDevelopment": "16085000000", "operatingExpenses": "16166000000", "investmentIncomeNet": "100000000", "netInterestIncome": "-484000000", "interestIncome": "100000000", "interestExpense": "484000000", "nonInterestIncome": "62000000", "otherNonOperatingIncome": "90000000", "depreciation": "6362000000", "depreciationAndAmortization": "8116000000", "incomeBeforeTax": "3771000000", "incomeTaxExpense": "1400000000", "interestAndDebtExpense": "484000000", "netIncomeFromContinuingOperations": "2371000000", "comprehensiveIncomeNetOfTax": "2109000000", "ebit": "4255000000", "ebitda": "12371000000", "netIncome": "2371000000"}], "quarterlyReports": [{"fiscalDateEnding": "2021-09-30", "reportedCurrency": "USD", "grossProfit": "34622000000", "totalRevenue": "110212000000", "costOfRevenue": "75590000000", "costofGoodsAndServicesSold": "62930000000", "operatingIncome": "4852000000", "sellingGeneralAndAdministrative": "10163000000", "researchAndDevelopment": "14380000000", "operatingExpenses": "12660000000", "investmentIncomeNet": "119000000", "netInterestIncome": "-493000000", "interestIncome": "119000000", "interestExpense": "493000000", "nonInterestIncome": "110705000000", "otherNonOperatingIncome": "-163000000", "depreciation": "None", "depreciationAndAmortization": "2497000000", "incomeBeforeTax": "4311000000", "incomeTaxExpense": "1155000000", "interestAndDebtExpense": "493000000", "netIncomeFromContinuingOperations": "3156000000", "comprehensiveIncomeNetOfTax": "2606000000", "ebit": "4804000000", "ebitda": "7301000000", "netIncome": "3156000000"}, {"fiscalDateEnding": "2021-06-30", "reportedCurrency": "USD", "grossProfit": "36408000000", "totalRevenue": "112755000000", "costOfRevenue": "76347000000", "costofGoodsAndServicesSold": "64176000000", "operatingIncome": "7702000000", "sellingGeneralAndAdministrative": "9682000000", "researchAndDevelopment": "13871000000", "operatingExpenses": "12171000000", "investmentIncomeNet": "106000000", "netInterestIncome": "-435000000", "interestIncome": "106000000", "interestExpense": "435000000", "nonInterestIncome": "113190000000", "otherNonOperatingIncome": "1261000000", "depreciation": "None", "depreciationAndAmortization": "2489000000", "incomeBeforeTax": "8646000000", "incomeTaxExpense": "868000000", "interestAndDebtExpense": "435000000", "netIncomeFromContinuingOperations": "7778000000", "comprehensiveIncomeNetOfTax": "7919000000", "ebit": "9081000000", "ebitda": "11570000000", "netIncome": "7778000000"}, {"fiscalDateEnding": "2021-03-31", "reportedCurrency": "USD", "grossProfit": "35035000000", "totalRevenue": "108088000000", "costOfRevenue": "73053000000", "costofGoodsAndServicesSold": "62403000000", "operatingIncome": "8865000000", "sellingGeneralAndAdministrative": "8194000000", "researchAndDevelopment": "12488000000", "operatingExpenses": "10650000000", "investmentIncomeNet": "105000000", "netInterestIncome": "-399000000", "interestIncome": "105000000", "interestExpense": "399000000", "nonInterestIncome": "108487000000", "otherNonOperatingIncome": "1697000000", "depreciation": "None", "depreciationAndAmortization": "2456000000", "incomeBeforeTax": "10263000000", "incomeTaxExpense": "2156000000", "interestAndDebtExpense": "399000000", "netIncomeFromContinuingOperations": "8107000000", "comprehensiveIncomeNetOfTax": "7621000000", "ebit": "10662000000", "ebitda": "13118000000", "netIncome": "8107000000"}, {"fiscalDateEnding": "2020-12-31", "reportedCurrency": "USD", "grossProfit": "125555000000", "totalRevenue": "125555000000", "costOfRevenue": "102441000000", "costofGoodsAndServicesSold": "79284000000", "operatingIncome": "6873000000", "sellingGeneralAndAdministrative": "20271000000", "researchAndDevelopment": "12049000000", "operatingExpenses": "24557000000", "investmentIncomeNet": "100000000", "netInterestIncome": "-414000000", "interestIncome": "100000000", "interestExpense": "414000000", "nonInterestIncome": "125555000000", "otherNonOperatingIncome": "1206000000", "depreciation": "None", "depreciationAndAmortization": "2886000000", "incomeBeforeTax": "7788000000", "incomeTaxExpense": "566000000", "interestAndDebtExpense": "414000000", "netIncomeFromContinuingOperations": "7199000000", "comprehensiveIncomeNetOfTax": "8071000000", "ebit": "8202000000", "ebitda": "11088000000", "netIncome": "7222000000"}, {"fiscalDateEnding": "2020-09-30", "reportedCurrency": "USD", "grossProfit": "29309000000", "totalRevenue": "95717000000", "costOfRevenue": "66408000000", "costofGoodsAndServicesSold": "57106000000", "operatingIncome": "6194000000", "sellingGeneralAndAdministrative": "7102000000", "researchAndDevelopment": "10976000000", "operatingExpenses": "9302000000", "investmentIncomeNet": "118000000", "netInterestIncome": "-428000000", "interestIncome": "118000000", "interestExpense": "428000000", "nonInterestIncome": "96145000000", "otherNonOperatingIncome": "925000000", "depreciation": "None", "depreciationAndAmortization": "2200000000", "incomeBeforeTax": "6900000000", "incomeTaxExpense": "569000000", "interestAndDebtExpense": "428000000", "netIncomeFromContinuingOperations": "6331000000", "comprehensiveIncomeNetOfTax": "6757000000", "ebit": "7328000000", "ebitda": "9528000000", "netIncome": "6331000000"}, {"fiscalDateEnding": "2020-06-30", "reportedCurrency": "USD", "grossProfit": "27895000000", "totalRevenue": "88509000000", "costOfRevenue": "60614000000", "costofGoodsAndServicesSold": "52660000000", "operatingIncome": "5843000000", "sellingGeneralAndAdministrative": "5925000000", "researchAndDevelopment": "10388000000", "operatingExpenses": "7954000000", "investmentIncomeNet": "135000000", "netInterestIncome": "-403000000", "interestIncome": "135000000", "interestExpense": "403000000", "nonInterestIncome": "88912000000", "otherNonOperatingIncome": "646000000", "depreciation": "None", "depreciationAndAmortization": "2029000000", "incomeBeforeTax": "6227000000", "incomeTaxExpense": "984000000", "interestAndDebtExpense": "403000000", "netIncomeFromContinuingOperations": "5243000000", "comprehensiveIncomeNetOfTax": "5851000000", "ebit": "6630000000", "ebitda": "8659000000", "netIncome": "5243000000"}, {"fiscalDateEnding": "2020-03-31", "reportedCurrency": "USD", "grossProfit": "22619000000", "totalRevenue": "75050000000", "costOfRevenue": "52431000000", "costofGoodsAndServicesSold": "44257000000", "operatingIncome": "3989000000", "sellingGeneralAndAdministrative": "6280000000", "researchAndDevelopment": "9325000000", "operatingExpenses": "8174000000", "investmentIncomeNet": "202000000", "netInterestIncome": "-402000000", "interestIncome": "202000000", "interestExpense": "402000000", "nonInterestIncome": "75452000000", "otherNonOperatingIncome": "-406000000", "depreciation": "None", "depreciationAndAmortization": "1894000000", "incomeBeforeTax": "3279000000", "incomeTaxExpense": "744000000", "interestAndDebtExpense": "402000000", "netIncomeFromContinuingOperations": "2535000000", "comprehensiveIncomeNetOfTax": "1458000000", "ebit": "3681000000", "ebitda": "5575000000", "netIncome": "2535000000"}, {"fiscalDateEnding": "2019-12-31", "reportedCurrency": "USD", "grossProfit": "87437000000", "totalRevenue": "87437000000", "costOfRevenue": "75900000000", "costofGoodsAndServicesSold": "53977000000", "operatingIncome": "3879000000", "sellingGeneralAndAdministrative": "18583000000", "researchAndDevelopment": "9740000000", "operatingExpenses": "22988000000", "investmentIncomeNet": "211000000", "netInterestIncome": "-455000000", "interestIncome": "211000000", "interestExpense": "455000000", "nonInterestIncome": "87437000000", "otherNonOperatingIncome": "418000000", "depreciation": "None", "depreciationAndAmortization": "3340000000", "incomeBeforeTax": "4054000000", "incomeTaxExpense": "786000000", "interestAndDebtExpense": "455000000", "netIncomeFromContinuingOperations": "3267000000", "comprehensiveIncomeNetOfTax": "3711000000", "ebit": "4509000000", "ebitda": "7849000000", "netIncome": "3268000000"}, {"fiscalDateEnding": "2019-09-30", "reportedCurrency": "USD", "grossProfit": "19574000000", "totalRevenue": "69585000000", "costOfRevenue": "50011000000", "costofGoodsAndServicesSold": "41302000000", "operatingIncome": "3157000000", "sellingGeneralAndAdministrative": "6100000000", "researchAndDevelopment": "9200000000", "operatingExpenses": "8764000000", "investmentIncomeNet": "224000000", "netInterestIncome": "-396000000", "interestIncome": "224000000", "interestExpense": "396000000", "nonInterestIncome": "69981000000", "otherNonOperatingIncome": "-353000000", "depreciation": "None", "depreciationAndAmortization": "2609000000", "incomeBeforeTax": "2628000000", "incomeTaxExpense": "494000000", "interestAndDebtExpense": "396000000", "netIncomeFromContinuingOperations": "2134000000", "comprehensiveIncomeNetOfTax": "1665000000", "ebit": "3024000000", "ebitda": "5633000000", "netIncome": "2134000000"}, {"fiscalDateEnding": "2019-06-30", "reportedCurrency": "USD", "grossProfit": "18721000000", "totalRevenue": "63021000000", "costOfRevenue": "44300000000", "costofGoodsAndServicesSold": "36337000000", "operatingIncome": "3084000000", "sellingGeneralAndAdministrative": "5561000000", "researchAndDevelopment": "9065000000", "operatingExpenses": "8049000000", "investmentIncomeNet": "215000000", "netInterestIncome": "-383000000", "interestIncome": "215000000", "interestExpense": "383000000", "nonInterestIncome": "63404000000", "otherNonOperatingIncome": "-27000000", "depreciation": "None", "depreciationAndAmortization": "2402000000", "incomeBeforeTax": "2882000000", "incomeTaxExpense": "257000000", "interestAndDebtExpense": "383000000", "netIncomeFromContinuingOperations": "2625000000", "comprehensiveIncomeNetOfTax": "2675000000", "ebit": "3265000000", "ebitda": "5667000000", "netIncome": "2625000000"}, {"fiscalDateEnding": "2019-03-31", "reportedCurrency": "USD", "grossProfit": "20582000000", "totalRevenue": "59339000000", "costOfRevenue": "38757000000", "costofGoodsAndServicesSold": "33920000000", "operatingIncome": "4420000000", "sellingGeneralAndAdministrative": "4837000000", "researchAndDevelopment": "7927000000", "operatingExpenses": "4837000000", "investmentIncomeNet": "183000000", "netInterestIncome": "-366000000", "interestIncome": "-183000000", "interestExpense": "366000000", "nonInterestIncome": "59700000000", "otherNonOperatingIncome": "164000000", "depreciation": "None", "depreciationAndAmortization": "2307000000", "incomeBeforeTax": "4397000000", "incomeTaxExpense": "836000000", "interestAndDebtExpense": "366000000", "netIncomeFromContinuingOperations": "3561000000", "comprehensiveIncomeNetOfTax": "3586000000", "ebit": "4763000000", "ebitda": "7070000000", "netIncome": "3561000000"}, {"fiscalDateEnding": "2018-12-31", "reportedCurrency": "USD", "grossProfit": "72383000000", "totalRevenue": "72383000000", "costOfRevenue": "59490000000", "costofGoodsAndServicesSold": "44786000000", "operatingIncome": "3786000000", "sellingGeneralAndAdministrative": "14229000000", "researchAndDevelopment": "7669000000", "operatingExpenses": "15667000000", "investmentIncomeNet": "150000000", "netInterestIncome": "-387000000", "interestIncome": "None", "interestExpense": "387000000", "nonInterestIncome": "72383000000", "otherNonOperatingIncome": "-199000000", "depreciation": "None", "depreciationAndAmortization": "4262000000", "incomeBeforeTax": "3354000000", "incomeTaxExpense": "327000000", "interestAndDebtExpense": "387000000", "netIncomeFromContinuingOperations": "3023000000", "comprehensiveIncomeNetOfTax": "3030000000", "ebit": "3741000000", "ebitda": "8003000000", "netIncome": "3027000000"}, {"fiscalDateEnding": "2018-09-30", "reportedCurrency": "USD", "grossProfit": "18871000000", "totalRevenue": "56218000000", "costOfRevenue": "37347000000", "costofGoodsAndServicesSold": "33003000000", "operatingIncome": "3724000000", "sellingGeneralAndAdministrative": "4344000000", "researchAndDevelopment": "7162000000", "operatingExpenses": "4412000000", "investmentIncomeNet": "117000000", "netInterestIncome": "-358000000", "interestIncome": "None", "interestExpense": "358000000", "nonInterestIncome": "56576000000", "otherNonOperatingIncome": "-93000000", "depreciation": "None", "depreciationAndAmortization": "3778000000", "incomeBeforeTax": "3391000000", "incomeTaxExpense": "508000000", "interestAndDebtExpense": "358000000", "netIncomeFromContinuingOperations": "2883000000", "comprehensiveIncomeNetOfTax": "2783000000", "ebit": "3749000000", "ebitda": "7527000000", "netIncome": "2883000000"}, {"fiscalDateEnding": "2018-06-30", "reportedCurrency": "USD", "grossProfit": "17899000000", "totalRevenue": "52543000000", "costOfRevenue": "34644000000", "costofGoodsAndServicesSold": "30632000000", "operatingIncome": "2983000000", "sellingGeneralAndAdministrative": "4012000000", "researchAndDevelopment": "7247000000", "operatingExpenses": "4092000000", "investmentIncomeNet": "94000000", "netInterestIncome": "-343000000", "interestIncome": "None", "interestExpense": "343000000", "nonInterestIncome": "52886000000", "otherNonOperatingIncome": "-129000000", "depreciation": "None", "depreciationAndAmortization": "3630000000", "incomeBeforeTax": "2608000000", "incomeTaxExpense": "74000000", "interestAndDebtExpense": "343000000", "netIncomeFromContinuingOperations": "2534000000", "comprehensiveIncomeNetOfTax": "2067000000", "ebit": "2951000000", "ebitda": "6581000000", "netIncome": "2534000000"}, {"fiscalDateEnding": "2018-03-31", "reportedCurrency": "USD", "grossProfit": "16211000000", "totalRevenue": "50712000000", "costOfRevenue": "34501000000", "costofGoodsAndServicesSold": "30735000000", "operatingIncome": "1927000000", "sellingGeneralAndAdministrative": "3766000000", "researchAndDevelopment": "6759000000", "operatingExpenses": "3829000000", "investmentIncomeNet": "80000000", "netInterestIncome": "-330000000", "interestIncome": "None", "interestExpense": "330000000", "nonInterestIncome": "51042000000", "otherNonOperatingIncome": "239000000", "depreciation": "None", "depreciationAndAmortization": "3671000000", "incomeBeforeTax": "1916000000", "incomeTaxExpense": "287000000", "interestAndDebtExpense": "330000000", "netIncomeFromContinuingOperations": "1629000000", "comprehensiveIncomeNetOfTax": "1646000000", "ebit": "2246000000", "ebitda": "5917000000", "netIncome": "1629000000"}, {"fiscalDateEnding": "2017-12-31", "reportedCurrency": "USD", "grossProfit": "60453000000", "totalRevenue": "60453000000", "costOfRevenue": "43345000000", "costofGoodsAndServicesSold": "38495000000", "operatingIncome": "2127000000", "sellingGeneralAndAdministrative": "4484000000", "researchAndDevelopment": "6314000000", "operatingExpenses": "5535000000", "investmentIncomeNet": "65000000", "netInterestIncome": "-338000000", "interestIncome": "None", "interestExpense": "338000000", "nonInterestIncome": "60453000000", "otherNonOperatingIncome": "17000000", "depreciation": "None", "depreciationAndAmortization": "3498000000", "incomeBeforeTax": "1872000000", "incomeTaxExpense": "16000000", "interestAndDebtExpense": "338000000", "netIncomeFromContinuingOperations": "1856000000", "comprehensiveIncomeNetOfTax": "1874000000", "ebit": "2210000000", "ebitda": "5707000000", "netIncome": "1856000000"}, {"fiscalDateEnding": "2017-09-30", "reportedCurrency": "USD", "grossProfit": "12528000000", "totalRevenue": "43516000000", "costOfRevenue": "30988000000", "costofGoodsAndServicesSold": "27549000000", "operatingIncome": "347000000", "sellingGeneralAndAdministrative": "3439000000", "researchAndDevelopment": "5944000000", "operatingExpenses": "3484000000", "investmentIncomeNet": "54000000", "netInterestIncome": "-228000000", "interestIncome": "None", "interestExpense": "228000000", "nonInterestIncome": "43744000000", "otherNonOperatingIncome": "143000000", "depreciation": "None", "depreciationAndAmortization": "2912000000", "incomeBeforeTax": "314000000", "incomeTaxExpense": "58000000", "interestAndDebtExpense": "228000000", "netIncomeFromContinuingOperations": "256000000", "comprehensiveIncomeNetOfTax": "361000000", "ebit": "542000000", "ebitda": "3454000000", "netIncome": "256000000"}, {"fiscalDateEnding": "2017-06-30", "reportedCurrency": "USD", "grossProfit": "11258000000", "totalRevenue": "37812000000", "costOfRevenue": "26554000000", "costofGoodsAndServicesSold": "23451000000", "operatingIncome": "628000000", "sellingGeneralAndAdministrative": "3103000000", "researchAndDevelopment": "5549000000", "operatingExpenses": "3169000000", "investmentIncomeNet": "44000000", "netInterestIncome": "-143000000", "interestIncome": "None", "interestExpense": "143000000", "nonInterestIncome": "37955000000", "otherNonOperatingIncome": "137000000", "depreciation": "None", "depreciationAndAmortization": "2633000000", "incomeBeforeTax": "664000000", "incomeTaxExpense": "467000000", "interestAndDebtExpense": "143000000", "netIncomeFromContinuingOperations": "197000000", "comprehensiveIncomeNetOfTax": "387000000", "ebit": "807000000", "ebitda": "3440000000", "netIncome": "197000000"}, {"fiscalDateEnding": "2017-03-31", "reportedCurrency": "USD", "grossProfit": "7985000000", "totalRevenue": "35575000000", "costOfRevenue": "27590000000", "costofGoodsAndServicesSold": "22440000000", "operatingIncome": "1005000000", "sellingGeneralAndAdministrative": "2715000000", "researchAndDevelopment": "4813000000", "operatingExpenses": "5194000000", "investmentIncomeNet": "39000000", "netInterestIncome": "-139000000", "interestIncome": "None", "interestExpense": "139000000", "nonInterestIncome": "35714000000", "otherNonOperatingIncome": "48000000", "depreciation": "None", "depreciationAndAmortization": "2435000000", "incomeBeforeTax": "953000000", "incomeTaxExpense": "229000000", "interestAndDebtExpense": "139000000", "netIncomeFromContinuingOperations": "724000000", "comprehensiveIncomeNetOfTax": "912000000", "ebit": "1092000000", "ebitda": "3527000000", "netIncome": "724000000"}, {"fiscalDateEnding": "2016-12-31", "reportedCurrency": "USD", "grossProfit": "43741000000", "totalRevenue": "43741000000", "costOfRevenue": "32253000000", "costofGoodsAndServicesSold": "28959000000", "operatingIncome": "1255000000", "sellingGeneralAndAdministrative": "997000000", "researchAndDevelopment": "4544000000", "operatingExpenses": "3779000000", "investmentIncomeNet": "29000000", "netInterestIncome": "-133000000", "interestIncome": "None", "interestExpense": "133000000", "nonInterestIncome": "None", "otherNonOperatingIncome": "15000000", "depreciation": "None", "depreciationAndAmortization": "2297000000", "incomeBeforeTax": "1163000000", "incomeTaxExpense": "414000000", "interestAndDebtExpense": "133000000", "netIncomeFromContinuingOperations": "752000000", "comprehensiveIncomeNetOfTax": "285000000", "ebit": "1296000000", "ebitda": "3593000000", "netIncome": "749000000"}]}