{"symbol": "ANSS", "annualReports": [{"fiscalDateEnding": "2020-12-31", "reportedCurrency": "USD", "grossProfit": "1456033000", "totalRevenue": "1681297000", "costOfRevenue": "225264000", "costofGoodsAndServicesSold": "225264000", "operatingIncome": "496356000", "sellingGeneralAndAdministrative": "587707000", "researchAndDevelopment": "355371000", "operatingExpenses": "959677000", "investmentIncomeNet": "5073000", "netInterestIncome": "-10988000", "interestIncome": "5073000", "interestExpense": "10988000", "nonInterestIncome": "200000", "otherNonOperatingIncome": "3484000", "depreciation": "28000000", "depreciationAndAmortization": "85275000", "incomeBeforeTax": "493925000", "incomeTaxExpense": "60038000", "interestAndDebtExpense": "10988000", "netIncomeFromContinuingOperations": "433887000", "comprehensiveIncomeNetOfTax": "481493000", "ebit": "504913000", "ebitda": "590188000", "netIncome": "433887000"}, {"fiscalDateEnding": "2019-12-31", "reportedCurrency": "USD", "grossProfit": "1349619000", "totalRevenue": "1515892000", "costOfRevenue": "166273000", "costofGoodsAndServicesSold": "166273000", "operatingIncome": "515040000", "sellingGeneralAndAdministrative": "521200000", "researchAndDevelopment": "298210000", "operatingExpenses": "834579000", "investmentIncomeNet": "12796000", "netInterestIncome": "-3461000", "interestIncome": "12796000", "interestExpense": "3461000", "nonInterestIncome": "-2500000", "otherNonOperatingIncome": "-1792000", "depreciation": "23600000", "depreciationAndAmortization": "60516000", "incomeBeforeTax": "522583000", "incomeTaxExpense": "71288000", "interestAndDebtExpense": "3461000", "netIncomeFromContinuingOperations": "451295000", "comprehensiveIncomeNetOfTax": "448293000", "ebit": "526044000", "ebitda": "586560000", "netIncome": "451295000"}, {"fiscalDateEnding": "2018-12-31", "reportedCurrency": "USD", "grossProfit": "1137751000", "totalRevenue": "1293636000", "costOfRevenue": "155885000", "costofGoodsAndServicesSold": "155885000", "operatingIncome": "476574000", "sellingGeneralAndAdministrative": "413580000", "researchAndDevelopment": "233802000", "operatingExpenses": "661177000", "investmentIncomeNet": "11419000", "netInterestIncome": "-59000", "interestIncome": "11419000", "interestExpense": "59000", "nonInterestIncome": "-3058000", "otherNonOperatingIncome": "-849000", "depreciation": "18400000", "depreciationAndAmortization": "59255000", "incomeBeforeTax": "487085000", "incomeTaxExpense": "67710000", "interestAndDebtExpense": "59000", "netIncomeFromContinuingOperations": "419375000", "comprehensiveIncomeNetOfTax": "394840000", "ebit": "487144000", "ebitda": "546399000", "netIncome": "419375000"}, {"fiscalDateEnding": "2017-12-31", "reportedCurrency": "USD", "grossProfit": "945086000", "totalRevenue": "1095250000", "costOfRevenue": "150164000", "costofGoodsAndServicesSold": "150164000", "operatingIncome": "390728000", "sellingGeneralAndAdministrative": "338640000", "researchAndDevelopment": "202746000", "operatingExpenses": "554358000", "investmentIncomeNet": "6962000", "netInterestIncome": "-86000", "interestIncome": "6962000", "interestExpense": "86000", "nonInterestIncome": "-1935000", "otherNonOperatingIncome": "-1910000", "depreciation": "17900000", "depreciationAndAmortization": "67678000", "incomeBeforeTax": "395694000", "incomeTaxExpense": "136443000", "interestAndDebtExpense": "86000", "netIncomeFromContinuingOperations": "259251000", "comprehensiveIncomeNetOfTax": "279059000", "ebit": "395780000", "ebitda": "463458000", "netIncome": "259251000"}, {"fiscalDateEnding": "2016-12-31", "reportedCurrency": "USD", "grossProfit": "841605000", "totalRevenue": "988465000", "costOfRevenue": "146860000", "costofGoodsAndServicesSold": "146860000", "operatingIncome": "376242000", "sellingGeneralAndAdministrative": "269515000", "researchAndDevelopment": "183093000", "operatingExpenses": "465363000", "investmentIncomeNet": "4209000", "netInterestIncome": "-221000", "interestIncome": "4209000", "interestExpense": "221000", "nonInterestIncome": "77000", "otherNonOperatingIncome": "-136000", "depreciation": "18700000", "depreciationAndAmortization": "69587000", "incomeBeforeTax": "380315000", "incomeTaxExpense": "114679000", "interestAndDebtExpense": "221000", "netIncomeFromContinuingOperations": "265636000", "comprehensiveIncomeNetOfTax": "260148000", "ebit": "380536000", "ebitda": "450123000", "netIncome": "265636000"}], "quarterlyReports": [{"fiscalDateEnding": "2021-09-30", "reportedCurrency": "USD", "grossProfit": "378422000", "totalRevenue": "441168000", "costOfRevenue": "62746000", "costofGoodsAndServicesSold": "62746000", "operatingIncome": "107628000", "sellingGeneralAndAdministrative": "165368000", "researchAndDevelopment": "102023000", "operatingExpenses": "270794000", "investmentIncomeNet": "541000", "netInterestIncome": "-2943000", "interestIncome": "541000", "interestExpense": "2943000", "nonInterestIncome": "None", "otherNonOperatingIncome": "-1328000", "depreciation": "None", "depreciationAndAmortization": "26354000", "incomeBeforeTax": "103898000", "incomeTaxExpense": "18556000", "interestAndDebtExpense": "2943000", "netIncomeFromContinuingOperations": "85342000", "comprehensiveIncomeNetOfTax": "69038000", "ebit": "106841000", "ebitda": "133195000", "netIncome": "85342000"}, {"fiscalDateEnding": "2021-06-30", "reportedCurrency": "USD", "grossProfit": "382496000", "totalRevenue": "446654000", "costOfRevenue": "64158000", "costofGoodsAndServicesSold": "64158000", "operatingIncome": "116773000", "sellingGeneralAndAdministrative": "160410000", "researchAndDevelopment": "100879000", "operatingExpenses": "265723000", "investmentIncomeNet": "486000", "netInterestIncome": "-3336000", "interestIncome": "486000", "interestExpense": "3336000", "nonInterestIncome": "None", "otherNonOperatingIncome": "14937000", "depreciation": "None", "depreciationAndAmortization": "27064000", "incomeBeforeTax": "128860000", "incomeTaxExpense": "35144000", "interestAndDebtExpense": "3336000", "netIncomeFromContinuingOperations": "93716000", "comprehensiveIncomeNetOfTax": "97933000", "ebit": "132196000", "ebitda": "159260000", "netIncome": "93716000"}, {"fiscalDateEnding": "2021-03-31", "reportedCurrency": "USD", "grossProfit": "301123000", "totalRevenue": "363226000", "costOfRevenue": "62103000", "costofGoodsAndServicesSold": "62103000", "operatingIncome": "50022000", "sellingGeneralAndAdministrative": "146215000", "researchAndDevelopment": "100479000", "operatingExpenses": "251101000", "investmentIncomeNet": "517000", "netInterestIncome": "-3315000", "interestIncome": "517000", "interestExpense": "3315000", "nonInterestIncome": "None", "otherNonOperatingIncome": "399000", "depreciation": "None", "depreciationAndAmortization": "27082000", "incomeBeforeTax": "47623000", "incomeTaxExpense": "-24775000", "interestAndDebtExpense": "3315000", "netIncomeFromContinuingOperations": "72398000", "comprehensiveIncomeNetOfTax": "53134000", "ebit": "50938000", "ebitda": "78020000", "netIncome": "72398000"}, {"fiscalDateEnding": "2020-12-31", "reportedCurrency": "USD", "grossProfit": "555783000", "totalRevenue": "623686000", "costOfRevenue": "67903000", "costofGoodsAndServicesSold": "67903000", "operatingIncome": "259391000", "sellingGeneralAndAdministrative": "195845000", "researchAndDevelopment": "96510000", "operatingExpenses": "296392000", "investmentIncomeNet": "610000", "netInterestIncome": "-2444000", "interestIncome": "610000", "interestExpense": "2444000", "nonInterestIncome": "None", "otherNonOperatingIncome": "315000", "depreciation": "None", "depreciationAndAmortization": "23078000", "incomeBeforeTax": "257872000", "incomeTaxExpense": "42240000", "interestAndDebtExpense": "2444000", "netIncomeFromContinuingOperations": "215632000", "comprehensiveIncomeNetOfTax": "249194000", "ebit": "260316000", "ebitda": "283394000", "netIncome": "215632000"}, {"fiscalDateEnding": "2020-09-30", "reportedCurrency": "USD", "grossProfit": "313580000", "totalRevenue": "366965000", "costOfRevenue": "53385000", "costofGoodsAndServicesSold": "53385000", "operatingIncome": "90085000", "sellingGeneralAndAdministrative": "132642000", "researchAndDevelopment": "86616000", "operatingExpenses": "223495000", "investmentIncomeNet": "754000", "netInterestIncome": "-1853000", "interestIncome": "754000", "interestExpense": "1853000", "nonInterestIncome": "None", "otherNonOperatingIncome": "1158000", "depreciation": "None", "depreciationAndAmortization": "20841000", "incomeBeforeTax": "90144000", "incomeTaxExpense": "14517000", "interestAndDebtExpense": "1853000", "netIncomeFromContinuingOperations": "75627000", "comprehensiveIncomeNetOfTax": "103675000", "ebit": "91997000", "ebitda": "112838000", "netIncome": "75627000"}, {"fiscalDateEnding": "2020-06-30", "reportedCurrency": "USD", "grossProfit": "331801000", "totalRevenue": "385661000", "costOfRevenue": "53860000", "costofGoodsAndServicesSold": "53860000", "operatingIncome": "112807000", "sellingGeneralAndAdministrative": "128698000", "researchAndDevelopment": "86133000", "operatingExpenses": "218994000", "investmentIncomeNet": "934000", "netInterestIncome": "-3040000", "interestIncome": "934000", "interestExpense": "3040000", "nonInterestIncome": "None", "otherNonOperatingIncome": "1884000", "depreciation": "None", "depreciationAndAmortization": "20654000", "incomeBeforeTax": "112585000", "incomeTaxExpense": "16021000", "interestAndDebtExpense": "3040000", "netIncomeFromContinuingOperations": "96564000", "comprehensiveIncomeNetOfTax": "106852000", "ebit": "115625000", "ebitda": "136279000", "netIncome": "96564000"}, {"fiscalDateEnding": "2020-03-31", "reportedCurrency": "USD", "grossProfit": "254869000", "totalRevenue": "304985000", "costOfRevenue": "50116000", "costofGoodsAndServicesSold": "50116000", "operatingIncome": "34073000", "sellingGeneralAndAdministrative": "130522000", "researchAndDevelopment": "86112000", "operatingExpenses": "220796000", "investmentIncomeNet": "2775000", "netInterestIncome": "-3651000", "interestIncome": "2775000", "interestExpense": "3651000", "nonInterestIncome": "None", "otherNonOperatingIncome": "127000", "depreciation": "None", "depreciationAndAmortization": "20702000", "incomeBeforeTax": "33324000", "incomeTaxExpense": "-12740000", "interestAndDebtExpense": "3651000", "netIncomeFromContinuingOperations": "46064000", "comprehensiveIncomeNetOfTax": "21772000", "ebit": "36975000", "ebitda": "57677000", "netIncome": "46064000"}, {"fiscalDateEnding": "2019-12-31", "reportedCurrency": "USD", "grossProfit": "436632000", "totalRevenue": "486228000", "costOfRevenue": "49596000", "costofGoodsAndServicesSold": "49596000", "operatingIncome": "185716000", "sellingGeneralAndAdministrative": "167937000", "researchAndDevelopment": "79152000", "operatingExpenses": "250916000", "investmentIncomeNet": "3186000", "netInterestIncome": "-2900000", "interestIncome": "3186000", "interestExpense": "2900000", "nonInterestIncome": "None", "otherNonOperatingIncome": "-855000", "depreciation": "None", "depreciationAndAmortization": "18300000", "incomeBeforeTax": "185147000", "incomeTaxExpense": "19295000", "interestAndDebtExpense": "2900000", "netIncomeFromContinuingOperations": "165852000", "comprehensiveIncomeNetOfTax": "190612000", "ebit": "188047000", "ebitda": "206347000", "netIncome": "165852000"}, {"fiscalDateEnding": "2019-09-30", "reportedCurrency": "USD", "grossProfit": "302534000", "totalRevenue": "343899000", "costOfRevenue": "41365000", "costofGoodsAndServicesSold": "41365000", "operatingIncome": "105047000", "sellingGeneralAndAdministrative": "120682000", "researchAndDevelopment": "73018000", "operatingExpenses": "197487000", "investmentIncomeNet": "3188000", "netInterestIncome": "-239000", "interestIncome": "3188000", "interestExpense": "239000", "nonInterestIncome": "None", "otherNonOperatingIncome": "833000", "depreciation": "None", "depreciationAndAmortization": "14698000", "incomeBeforeTax": "108829000", "incomeTaxExpense": "19366000", "interestAndDebtExpense": "239000", "netIncomeFromContinuingOperations": "89463000", "comprehensiveIncomeNetOfTax": "68701000", "ebit": "109068000", "ebitda": "123766000", "netIncome": "89463000"}, {"fiscalDateEnding": "2019-06-30", "reportedCurrency": "USD", "grossProfit": "328138000", "totalRevenue": "368635000", "costOfRevenue": "40497000", "costofGoodsAndServicesSold": "40497000", "operatingIncome": "128628000", "sellingGeneralAndAdministrative": "120412000", "researchAndDevelopment": "75302000", "operatingExpenses": "199510000", "investmentIncomeNet": "2980000", "netInterestIncome": "-231000", "interestIncome": "2980000", "interestExpense": "231000", "nonInterestIncome": "None", "otherNonOperatingIncome": "-1436000", "depreciation": "None", "depreciationAndAmortization": "14103000", "incomeBeforeTax": "129941000", "incomeTaxExpense": "20191000", "interestAndDebtExpense": "231000", "netIncomeFromContinuingOperations": "109750000", "comprehensiveIncomeNetOfTax": "110308000", "ebit": "130172000", "ebitda": "144275000", "netIncome": "109750000"}, {"fiscalDateEnding": "2019-03-31", "reportedCurrency": "USD", "grossProfit": "282315000", "totalRevenue": "317130000", "costOfRevenue": "34815000", "costofGoodsAndServicesSold": "34815000", "operatingIncome": "95649000", "sellingGeneralAndAdministrative": "112169000", "researchAndDevelopment": "70738000", "operatingExpenses": "186666000", "investmentIncomeNet": "3442000", "netInterestIncome": "-91000", "interestIncome": "2929000", "interestExpense": "91000", "nonInterestIncome": "None", "otherNonOperatingIncome": "-334000", "depreciation": "None", "depreciationAndAmortization": "13415000", "incomeBeforeTax": "98666000", "incomeTaxExpense": "12436000", "interestAndDebtExpense": "91000", "netIncomeFromContinuingOperations": "86230000", "comprehensiveIncomeNetOfTax": "78672000", "ebit": "98757000", "ebitda": "112172000", "netIncome": "86230000"}, {"fiscalDateEnding": "2018-12-31", "reportedCurrency": "USD", "grossProfit": "375343000", "totalRevenue": "415432000", "costOfRevenue": "40089000", "costofGoodsAndServicesSold": "40089000", "operatingIncome": "179936000", "sellingGeneralAndAdministrative": "133137000", "researchAndDevelopment": "58896000", "operatingExpenses": "195407000", "investmentIncomeNet": "3745000", "netInterestIncome": "None", "interestIncome": "None", "interestExpense": "None", "nonInterestIncome": "None", "otherNonOperatingIncome": "1440000", "depreciation": "None", "depreciationAndAmortization": "11914000", "incomeBeforeTax": "185062000", "incomeTaxExpense": "31899000", "interestAndDebtExpense": "None", "netIncomeFromContinuingOperations": "153163000", "comprehensiveIncomeNetOfTax": "151675000", "ebit": "179936000", "ebitda": "191850000", "netIncome": "153163000"}, {"fiscalDateEnding": "2018-09-30", "reportedCurrency": "USD", "grossProfit": "253110000", "totalRevenue": "289418000", "costOfRevenue": "36308000", "costofGoodsAndServicesSold": "36308000", "operatingIncome": "93024000", "sellingGeneralAndAdministrative": "97576000", "researchAndDevelopment": "59019000", "operatingExpenses": "160086000", "investmentIncomeNet": "3213000", "netInterestIncome": "None", "interestIncome": "None", "interestExpense": "None", "nonInterestIncome": "None", "otherNonOperatingIncome": "-974000", "depreciation": "None", "depreciationAndAmortization": "13603000", "incomeBeforeTax": "95263000", "incomeTaxExpense": "5927000", "interestAndDebtExpense": "None", "netIncomeFromContinuingOperations": "89336000", "comprehensiveIncomeNetOfTax": "84234000", "ebit": "93024000", "ebitda": "106627000", "netIncome": "89336000"}, {"fiscalDateEnding": "2018-06-30", "reportedCurrency": "USD", "grossProfit": "265463000", "totalRevenue": "305913000", "costOfRevenue": "40450000", "costofGoodsAndServicesSold": "40450000", "operatingIncome": "108553000", "sellingGeneralAndAdministrative": "95058000", "researchAndDevelopment": "58357000", "operatingExpenses": "156910000", "investmentIncomeNet": "2176000", "netInterestIncome": "None", "interestIncome": "None", "interestExpense": "-2692000", "nonInterestIncome": "None", "otherNonOperatingIncome": "-1007000", "depreciation": "None", "depreciationAndAmortization": "17125000", "incomeBeforeTax": "109722000", "incomeTaxExpense": "17126000", "interestAndDebtExpense": "None", "netIncomeFromContinuingOperations": "92596000", "comprehensiveIncomeNetOfTax": "66408000", "ebit": "108553000", "ebitda": "125678000", "netIncome": "92596000"}, {"fiscalDateEnding": "2018-03-31", "reportedCurrency": "USD", "grossProfit": "243835000", "totalRevenue": "282873000", "costOfRevenue": "39038000", "costofGoodsAndServicesSold": "39038000", "operatingIncome": "95061000", "sellingGeneralAndAdministrative": "87809000", "researchAndDevelopment": "57530000", "operatingExpenses": "148774000", "investmentIncomeNet": "2285000", "netInterestIncome": "None", "interestIncome": "None", "interestExpense": "2692000", "nonInterestIncome": "None", "otherNonOperatingIncome": "-308000", "depreciation": "None", "depreciationAndAmortization": "16613000", "incomeBeforeTax": "97038000", "incomeTaxExpense": "12758000", "interestAndDebtExpense": "None", "netIncomeFromContinuingOperations": "84280000", "comprehensiveIncomeNetOfTax": "92523000", "ebit": "95061000", "ebitda": "111674000", "netIncome": "84280000"}, {"fiscalDateEnding": "2017-12-31", "reportedCurrency": "USD", "grossProfit": "261524000", "totalRevenue": "302336000", "costOfRevenue": "40812000", "costofGoodsAndServicesSold": "40812000", "operatingIncome": "100679000", "sellingGeneralAndAdministrative": "108157000", "researchAndDevelopment": "49222000", "operatingExpenses": "160845000", "investmentIncomeNet": "2135000", "netInterestIncome": "None", "interestIncome": "None", "interestExpense": "-4491000", "nonInterestIncome": "None", "otherNonOperatingIncome": "-398000", "depreciation": "None", "depreciationAndAmortization": "17739000", "incomeBeforeTax": "102330000", "incomeTaxExpense": "49745000", "interestAndDebtExpense": "None", "netIncomeFromContinuingOperations": "52585000", "comprehensiveIncomeNetOfTax": "54168000", "ebit": "100679000", "ebitda": "118418000", "netIncome": "52585000"}, {"fiscalDateEnding": "2017-09-30", "reportedCurrency": "USD", "grossProfit": "239602000", "totalRevenue": "275585000", "costOfRevenue": "35983000", "costofGoodsAndServicesSold": "35983000", "operatingIncome": "106183000", "sellingGeneralAndAdministrative": "80015000", "researchAndDevelopment": "50144000", "operatingExpenses": "133419000", "investmentIncomeNet": "1910000", "netInterestIncome": "None", "interestIncome": "None", "interestExpense": "5843000", "nonInterestIncome": "None", "otherNonOperatingIncome": "-168000", "depreciation": "None", "depreciationAndAmortization": "16930000", "incomeBeforeTax": "107925000", "incomeTaxExpense": "34295000", "interestAndDebtExpense": "None", "netIncomeFromContinuingOperations": "73630000", "comprehensiveIncomeNetOfTax": "77779000", "ebit": "106183000", "ebitda": "123113000", "netIncome": "73630000"}, {"fiscalDateEnding": "2017-06-30", "reportedCurrency": "USD", "grossProfit": "227586000", "totalRevenue": "263924000", "costOfRevenue": "36338000", "costofGoodsAndServicesSold": "36338000", "operatingIncome": "98394000", "sellingGeneralAndAdministrative": "77051000", "researchAndDevelopment": "49002000", "operatingExpenses": "129192000", "investmentIncomeNet": "1668000", "netInterestIncome": "None", "interestIncome": "None", "interestExpense": "-2849000", "nonInterestIncome": "None", "otherNonOperatingIncome": "-190000", "depreciation": "None", "depreciationAndAmortization": "16418000", "incomeBeforeTax": "99872000", "incomeTaxExpense": "30142000", "interestAndDebtExpense": "None", "netIncomeFromContinuingOperations": "69730000", "comprehensiveIncomeNetOfTax": "76237000", "ebit": "98394000", "ebitda": "114812000", "netIncome": "69730000"}, {"fiscalDateEnding": "2017-03-31", "reportedCurrency": "USD", "grossProfit": "216374000", "totalRevenue": "253405000", "costOfRevenue": "37031000", "costofGoodsAndServicesSold": "37031000", "operatingIncome": "85472000", "sellingGeneralAndAdministrative": "73417000", "researchAndDevelopment": "54378000", "operatingExpenses": "130902000", "investmentIncomeNet": "1249000", "netInterestIncome": "None", "interestIncome": "None", "interestExpense": "1352000", "nonInterestIncome": "None", "otherNonOperatingIncome": "-1154000", "depreciation": "None", "depreciationAndAmortization": "16591000", "incomeBeforeTax": "85567000", "incomeTaxExpense": "22261000", "interestAndDebtExpense": "None", "netIncomeFromContinuingOperations": "63306000", "comprehensiveIncomeNetOfTax": "70875000", "ebit": "85472000", "ebitda": "102063000", "netIncome": "63306000"}, {"fiscalDateEnding": "2016-12-31", "reportedCurrency": "USD", "grossProfit": "231650000", "totalRevenue": "270628000", "costOfRevenue": "38978000", "costofGoodsAndServicesSold": "38978000", "operatingIncome": "96966000", "sellingGeneralAndAdministrative": "85950000", "researchAndDevelopment": "45560000", "operatingExpenses": "134684000", "investmentIncomeNet": "1099000", "netInterestIncome": "-46000", "interestIncome": "None", "interestExpense": "46000", "nonInterestIncome": "None", "otherNonOperatingIncome": "1000", "depreciation": "None", "depreciationAndAmortization": "17267000", "incomeBeforeTax": "98066000", "incomeTaxExpense": "28083000", "interestAndDebtExpense": "46000", "netIncomeFromContinuingOperations": "-4710000", "comprehensiveIncomeNetOfTax": "50228000", "ebit": "98112000", "ebitda": "115379000", "netIncome": "69983000"}]}