{"symbol": "ANTM", "annualReports": [{"fiscalDateEnding": "2020-12-31", "reportedCurrency": "USD", "grossProfit": "-82308000000", "totalRevenue": "121867000000", "costOfRevenue": "204175000000", "costofGoodsAndServicesSold": "8953000000", "operatingIncome": "6360000000", "sellingGeneralAndAdministrative": "17450000000", "researchAndDevelopment": "None", "operatingExpenses": "19132000000", "investmentIncomeNet": "915000000", "netInterestIncome": "-784000000", "interestIncome": "None", "interestExpense": "784000000", "nonInterestIncome": "104073000000", "otherNonOperatingIncome": "None", "depreciation": "176000000", "depreciationAndAmortization": "999000000", "incomeBeforeTax": "6238000000", "incomeTaxExpense": "1666000000", "interestAndDebtExpense": "820000000", "netIncomeFromContinuingOperations": "4572000000", "comprehensiveIncomeNetOfTax": "5018000000", "ebit": "7022000000", "ebitda": "8021000000", "netIncome": "4572000000"}, {"fiscalDateEnding": "2019-12-31", "reportedCurrency": "USD", "grossProfit": "-75737000000", "totalRevenue": "104213000000", "costOfRevenue": "179950000000", "costofGoodsAndServicesSold": "1992000000", "operatingIncome": "5999000000", "sellingGeneralAndAdministrative": "13364000000", "researchAndDevelopment": "None", "operatingExpenses": "14389000000", "investmentIncomeNet": "1034000000", "netInterestIncome": "-746000000", "interestIncome": "-746000000", "interestExpense": "746000000", "nonInterestIncome": "94168000000", "otherNonOperatingIncome": "None", "depreciation": "147000000", "depreciationAndAmortization": "1013000000", "incomeBeforeTax": "5985000000", "incomeTaxExpense": "1178000000", "interestAndDebtExpense": "748000000", "netIncomeFromContinuingOperations": "4807000000", "comprehensiveIncomeNetOfTax": "5497000000", "ebit": "6731000000", "ebitda": "7744000000", "netIncome": "4807000000"}, {"fiscalDateEnding": "2018-12-31", "reportedCurrency": "USD", "grossProfit": "-66720000000", "totalRevenue": "92105000000", "costOfRevenue": "158825000000", "costofGoodsAndServicesSold": "0", "operatingIncome": "5426000000", "sellingGeneralAndAdministrative": "14020000000", "researchAndDevelopment": "None", "operatingExpenses": "15043000000", "investmentIncomeNet": "1011000000", "netInterestIncome": "-753000000", "interestIncome": "-753000000", "interestExpense": "753000000", "nonInterestIncome": "85402000000", "otherNonOperatingIncome": "None", "depreciation": "124000000", "depreciationAndAmortization": "1010000000", "incomeBeforeTax": "5068000000", "incomeTaxExpense": "1318000000", "interestAndDebtExpense": "764000000", "netIncomeFromContinuingOperations": "3750000000", "comprehensiveIncomeNetOfTax": "3276000000", "ebit": "5821000000", "ebitda": "6831000000", "netIncome": "3750000000"}, {"fiscalDateEnding": "2017-12-31", "reportedCurrency": "USD", "grossProfit": "-67874000000", "totalRevenue": "90040000000", "costOfRevenue": "157913400000", "costofGoodsAndServicesSold": "0", "operatingIncome": "4175000000", "sellingGeneralAndAdministrative": "12650000000", "researchAndDevelopment": "None", "operatingExpenses": "13339000000", "investmentIncomeNet": "908000000", "netInterestIncome": "-739000000", "interestIncome": "-739000000", "interestExpense": "739000000", "nonInterestIncome": "83352300000", "otherNonOperatingIncome": "None", "depreciation": "111000000", "depreciationAndAmortization": "769400000", "incomeBeforeTax": "3964000000", "incomeTaxExpense": "121000000", "interestAndDebtExpense": "1021400000", "netIncomeFromContinuingOperations": "3842800000", "comprehensiveIncomeNetOfTax": "4009000000", "ebit": "4703000000", "ebitda": "5472400000", "netIncome": "3843000000"}, {"fiscalDateEnding": "2016-12-31", "reportedCurrency": "USD", "grossProfit": "-62196300000", "totalRevenue": "84863000000", "costOfRevenue": "147059300000", "costofGoodsAndServicesSold": "66834000000", "operatingIncome": "4801000000", "sellingGeneralAndAdministrative": "12559000000", "researchAndDevelopment": "None", "operatingExpenses": "13395000000", "investmentIncomeNet": "823000000", "netInterestIncome": "-723000000", "interestIncome": "-723000000", "interestExpense": "723000000", "nonInterestIncome": "78855600000", "otherNonOperatingIncome": "None", "depreciation": "104000000", "depreciationAndAmortization": "768300000", "incomeBeforeTax": "4555000000", "incomeTaxExpense": "2085000000", "interestAndDebtExpense": "723000000", "netIncomeFromContinuingOperations": "2469800000", "comprehensiveIncomeNetOfTax": "2495000000", "ebit": "5278000000", "ebitda": "6046300000", "netIncome": "2470000000"}], "quarterlyReports": [{"fiscalDateEnding": "2021-09-30", "reportedCurrency": "USD", "grossProfit": "-24448000000", "totalRevenue": "35822000000", "costOfRevenue": "60270000000", "costofGoodsAndServicesSold": "2898000000", "operatingIncome": "2059000000", "sellingGeneralAndAdministrative": "3946000000", "researchAndDevelopment": "None", "operatingExpenses": "4082000000", "investmentIncomeNet": "None", "netInterestIncome": "-201000000", "interestIncome": "None", "interestExpense": "201000000", "nonInterestIncome": "30395000000", "otherNonOperatingIncome": "None", "depreciation": "None", "depreciationAndAmortization": "136000000", "incomeBeforeTax": "2003000000", "incomeTaxExpense": "494000000", "interestAndDebtExpense": "201000000", "netIncomeFromContinuingOperations": "1502000000", "comprehensiveIncomeNetOfTax": "1423000000", "ebit": "2204000000", "ebitda": "2340000000", "netIncome": "1509000000"}, {"fiscalDateEnding": "2021-06-30", "reportedCurrency": "USD", "grossProfit": "-22200000000", "totalRevenue": "33851000000", "costOfRevenue": "56051000000", "costofGoodsAndServicesSold": "2614000000", "operatingIncome": "2081000000", "sellingGeneralAndAdministrative": "3821000000", "researchAndDevelopment": "None", "operatingExpenses": "3911000000", "investmentIncomeNet": "None", "netInterestIncome": "-205000000", "interestIncome": "None", "interestExpense": "205000000", "nonInterestIncome": "28528000000", "otherNonOperatingIncome": "None", "depreciation": "None", "depreciationAndAmortization": "90000000", "incomeBeforeTax": "2345000000", "incomeTaxExpense": "552000000", "interestAndDebtExpense": "210000000", "netIncomeFromContinuingOperations": "1801000000", "comprehensiveIncomeNetOfTax": "1971000000", "ebit": "2550000000", "ebitda": "2640000000", "netIncome": "1793000000"}, {"fiscalDateEnding": "2021-03-31", "reportedCurrency": "USD", "grossProfit": "-21331000000", "totalRevenue": "32385000000", "costOfRevenue": "53716000000", "costofGoodsAndServicesSold": "2313000000", "operatingIncome": "2161000000", "sellingGeneralAndAdministrative": "3925000000", "researchAndDevelopment": "None", "operatingExpenses": "4005000000", "investmentIncomeNet": "None", "netInterestIncome": "-192000000", "interestIncome": "None", "interestExpense": "192000000", "nonInterestIncome": "27676000000", "otherNonOperatingIncome": "None", "depreciation": "None", "depreciationAndAmortization": "80000000", "incomeBeforeTax": "2174000000", "incomeTaxExpense": "509000000", "interestAndDebtExpense": "192000000", "netIncomeFromContinuingOperations": "1667000000", "comprehensiveIncomeNetOfTax": "1320000000", "ebit": "2366000000", "ebitda": "2446000000", "netIncome": "1665000000"}, {"fiscalDateEnding": "2020-12-31", "reportedCurrency": "USD", "grossProfit": "31824000000", "totalRevenue": "31824000000", "costOfRevenue": "56234000000", "costofGoodsAndServicesSold": "2522000000", "operatingIncome": "605000000", "sellingGeneralAndAdministrative": "4318000000", "researchAndDevelopment": "None", "operatingExpenses": "5536000000", "investmentIncomeNet": "None", "netInterestIncome": "-191000000", "interestIncome": "None", "interestExpense": "191000000", "nonInterestIncome": "27106000000", "otherNonOperatingIncome": "None", "depreciation": "None", "depreciationAndAmortization": "730000000", "incomeBeforeTax": "611000000", "incomeTaxExpense": "60000000", "interestAndDebtExpense": "193000000", "netIncomeFromContinuingOperations": "611000000", "comprehensiveIncomeNetOfTax": "813000000", "ebit": "802000000", "ebitda": "1532000000", "netIncome": "551000000"}, {"fiscalDateEnding": "2020-09-30", "reportedCurrency": "USD", "grossProfit": "-22528000000", "totalRevenue": "31158000000", "costOfRevenue": "53686000000", "costofGoodsAndServicesSold": "2222000000", "operatingIncome": "201000000", "sellingGeneralAndAdministrative": "5305000000", "researchAndDevelopment": "None", "operatingExpenses": "5622000000", "investmentIncomeNet": "None", "netInterestIncome": "-198000000", "interestIncome": "None", "interestExpense": "198000000", "nonInterestIncome": "26362000000", "otherNonOperatingIncome": "None", "depreciation": "None", "depreciationAndAmortization": "93000000", "incomeBeforeTax": "389000000", "incomeTaxExpense": "167000000", "interestAndDebtExpense": "228000000", "netIncomeFromContinuingOperations": "222000000", "comprehensiveIncomeNetOfTax": "364000000", "ebit": "587000000", "ebitda": "680000000", "netIncome": "222000000"}, {"fiscalDateEnding": "2020-06-30", "reportedCurrency": "USD", "grossProfit": "-16194000000", "totalRevenue": "29264000000", "costOfRevenue": "45458000000", "costofGoodsAndServicesSold": "2225000000", "operatingIncome": "3360000000", "sellingGeneralAndAdministrative": "4046000000", "researchAndDevelopment": "None", "operatingExpenses": "4139000000", "investmentIncomeNet": "None", "netInterestIncome": "-201000000", "interestIncome": "None", "interestExpense": "201000000", "nonInterestIncome": "25089000000", "otherNonOperatingIncome": "None", "depreciation": "None", "depreciationAndAmortization": "93000000", "incomeBeforeTax": "3149000000", "incomeTaxExpense": "873000000", "interestAndDebtExpense": "204000000", "netIncomeFromContinuingOperations": "2276000000", "comprehensiveIncomeNetOfTax": "3030000000", "ebit": "3350000000", "ebitda": "3443000000", "netIncome": "2276000000"}, {"fiscalDateEnding": "2020-03-31", "reportedCurrency": "USD", "grossProfit": "-19205000000", "totalRevenue": "29621000000", "costOfRevenue": "48826000000", "costofGoodsAndServicesSold": "1984000000", "operatingIncome": "2194000000", "sellingGeneralAndAdministrative": "3781000000", "researchAndDevelopment": "None", "operatingExpenses": "3864000000", "investmentIncomeNet": "None", "netInterestIncome": "-194000000", "interestIncome": "-194000000", "interestExpense": "194000000", "nonInterestIncome": "25516000000", "otherNonOperatingIncome": "None", "depreciation": "None", "depreciationAndAmortization": "83000000", "incomeBeforeTax": "2089000000", "incomeTaxExpense": "566000000", "interestAndDebtExpense": "195000000", "netIncomeFromContinuingOperations": "1523000000", "comprehensiveIncomeNetOfTax": "811000000", "ebit": "2283000000", "ebitda": "2366000000", "netIncome": "1523000000"}, {"fiscalDateEnding": "2019-12-31", "reportedCurrency": "USD", "grossProfit": "27407000000", "totalRevenue": "27407000000", "costOfRevenue": "48183000000", "costofGoodsAndServicesSold": "1149000000", "operatingIncome": "1098000000", "sellingGeneralAndAdministrative": "3502000000", "researchAndDevelopment": "None", "operatingExpenses": "4270000000", "investmentIncomeNet": "None", "netInterestIncome": "-190000000", "interestIncome": "-190000000", "interestExpense": "190000000", "nonInterestIncome": "24031000000", "otherNonOperatingIncome": "None", "depreciation": "38000000", "depreciationAndAmortization": "757000000", "incomeBeforeTax": "1098000000", "incomeTaxExpense": "164000000", "interestAndDebtExpense": "193000000", "netIncomeFromContinuingOperations": "1098000000", "comprehensiveIncomeNetOfTax": "937000000", "ebit": "1288000000", "ebitda": "2045000000", "netIncome": "934000000"}, {"fiscalDateEnding": "2019-09-30", "reportedCurrency": "USD", "grossProfit": "-19079000000", "totalRevenue": "26674000000", "costOfRevenue": "45753000000", "costofGoodsAndServicesSold": "745000000", "operatingIncome": "1528000000", "sellingGeneralAndAdministrative": "3418000000", "researchAndDevelopment": "None", "operatingExpenses": "3502000000", "investmentIncomeNet": "None", "netInterestIncome": "-185000000", "interestIncome": "-185000000", "interestExpense": "185000000", "nonInterestIncome": "23793000000", "otherNonOperatingIncome": "None", "depreciation": "38000000", "depreciationAndAmortization": "84000000", "incomeBeforeTax": "1489000000", "incomeTaxExpense": "306000000", "interestAndDebtExpense": "185000000", "netIncomeFromContinuingOperations": "1183000000", "comprehensiveIncomeNetOfTax": "1267000000", "ebit": "1674000000", "ebitda": "1758000000", "netIncome": "1183000000"}, {"fiscalDateEnding": "2019-06-30", "reportedCurrency": "USD", "grossProfit": "-18731000000", "totalRevenue": "25466000000", "costOfRevenue": "44197000000", "costofGoodsAndServicesSold": "98000000", "operatingIncome": "1433000000", "sellingGeneralAndAdministrative": "3278000000", "researchAndDevelopment": "None", "operatingExpenses": "3363000000", "investmentIncomeNet": "None", "netInterestIncome": "-184000000", "interestIncome": "-184000000", "interestExpense": "184000000", "nonInterestIncome": "23501000000", "otherNonOperatingIncome": "None", "depreciation": "37000000", "depreciationAndAmortization": "85000000", "incomeBeforeTax": "1453000000", "incomeTaxExpense": "314000000", "interestAndDebtExpense": "184000000", "netIncomeFromContinuingOperations": "1139000000", "comprehensiveIncomeNetOfTax": "1379000000", "ebit": "1637000000", "ebitda": "1722000000", "netIncome": "1139000000"}, {"fiscalDateEnding": "2019-03-31", "reportedCurrency": "USD", "grossProfit": "-17151000000", "totalRevenue": "24666000000", "costOfRevenue": "41817000000", "costofGoodsAndServicesSold": "0", "operatingIncome": "1940000000", "sellingGeneralAndAdministrative": "3166000000", "researchAndDevelopment": "None", "operatingExpenses": "3253000000", "investmentIncomeNet": "None", "netInterestIncome": "-187000000", "interestIncome": "None", "interestExpense": "187000000", "nonInterestIncome": "22844000000", "otherNonOperatingIncome": "None", "depreciation": "34000000", "depreciationAndAmortization": "87000000", "incomeBeforeTax": "1945000000", "incomeTaxExpense": "394000000", "interestAndDebtExpense": "186000000", "netIncomeFromContinuingOperations": "1551000000", "comprehensiveIncomeNetOfTax": "1914000000", "ebit": "2132000000", "ebitda": "2219000000", "netIncome": "1551000000"}, {"fiscalDateEnding": "2018-12-31", "reportedCurrency": "USD", "grossProfit": "23373000000", "totalRevenue": "23373000000", "costOfRevenue": "42240000000", "costofGoodsAndServicesSold": "0", "operatingIncome": "750000000", "sellingGeneralAndAdministrative": "3618000000", "researchAndDevelopment": "None", "operatingExpenses": "4374000000", "investmentIncomeNet": "None", "netInterestIncome": "-189000000", "interestIncome": "None", "interestExpense": "189000000", "nonInterestIncome": "21819000000", "otherNonOperatingIncome": "None", "depreciation": "32000000", "depreciationAndAmortization": "745000000", "incomeBeforeTax": "542000000", "incomeTaxExpense": "118000000", "interestAndDebtExpense": "183000000", "netIncomeFromContinuingOperations": "542000000", "comprehensiveIncomeNetOfTax": "250000000", "ebit": "731000000", "ebitda": "1476000000", "netIncome": "424000000"}, {"fiscalDateEnding": "2018-09-30", "reportedCurrency": "USD", "grossProfit": "-16756000000", "totalRevenue": "23251000000", "costOfRevenue": "40007000000", "costofGoodsAndServicesSold": "0", "operatingIncome": "1249000000", "sellingGeneralAndAdministrative": "3546000000", "researchAndDevelopment": "None", "operatingExpenses": "3637000000", "investmentIncomeNet": "None", "netInterestIncome": "-188000000", "interestIncome": "None", "interestExpense": "188000000", "nonInterestIncome": "21452000000", "otherNonOperatingIncome": "None", "depreciation": "31000000", "depreciationAndAmortization": "91000000", "incomeBeforeTax": "1242000000", "incomeTaxExpense": "282000000", "interestAndDebtExpense": "187000000", "netIncomeFromContinuingOperations": "960000000", "comprehensiveIncomeNetOfTax": "931000000", "ebit": "1430000000", "ebitda": "1521000000", "netIncome": "960000000"}, {"fiscalDateEnding": "2018-06-30", "reportedCurrency": "USD", "grossProfit": "-16033500000", "totalRevenue": "22944000000", "costOfRevenue": "38977200000", "costofGoodsAndServicesSold": "0", "operatingIncome": "1559000000", "sellingGeneralAndAdministrative": "3428000000", "researchAndDevelopment": "None", "operatingExpenses": "3521600000", "investmentIncomeNet": "None", "netInterestIncome": "-191700000", "interestIncome": "300000", "interestExpense": "192000000", "nonInterestIncome": "21249300000", "otherNonOperatingIncome": "None", "depreciation": "31000000", "depreciationAndAmortization": "93600000", "incomeBeforeTax": "1504000000", "incomeTaxExpense": "450000000", "interestAndDebtExpense": "190800000", "netIncomeFromContinuingOperations": "1053400000", "comprehensiveIncomeNetOfTax": "992000000", "ebit": "1696000000", "ebitda": "1789600000", "netIncome": "1054000000"}, {"fiscalDateEnding": "2018-03-31", "reportedCurrency": "USD", "grossProfit": "-15062300000", "totalRevenue": "22537000000", "costOfRevenue": "37599800000", "costofGoodsAndServicesSold": "0", "operatingIncome": "1868000000", "sellingGeneralAndAdministrative": "3428000000", "researchAndDevelopment": "None", "operatingExpenses": "3393000000", "investmentIncomeNet": "None", "netInterestIncome": "-184200000", "interestIncome": "-200000", "interestExpense": "184000000", "nonInterestIncome": "20883700000", "otherNonOperatingIncome": "None", "depreciation": "30000000", "depreciationAndAmortization": "79500000", "incomeBeforeTax": "1780000000", "incomeTaxExpense": "468000000", "interestAndDebtExpense": "203300000", "netIncomeFromContinuingOperations": "1312500000", "comprehensiveIncomeNetOfTax": "1103000000", "ebit": "1964000000", "ebitda": "2043500000", "netIncome": "1312000000"}, {"fiscalDateEnding": "2017-12-31", "reportedCurrency": "USD", "grossProfit": "22680300000", "totalRevenue": "22682000000", "costOfRevenue": "41405700000", "costofGoodsAndServicesSold": "18716700000", "operatingIncome": "381000000", "sellingGeneralAndAdministrative": "3394000000", "researchAndDevelopment": "None", "operatingExpenses": "4070000000", "investmentIncomeNet": "None", "netInterestIncome": "-163600000", "interestIncome": "400000", "interestExpense": "164000000", "nonInterestIncome": "20794400000", "otherNonOperatingIncome": "None", "depreciation": "29000000", "depreciationAndAmortization": "645100000", "incomeBeforeTax": "125000000", "incomeTaxExpense": "-1107000000", "interestAndDebtExpense": "446000000", "netIncomeFromContinuingOperations": "124200000", "comprehensiveIncomeNetOfTax": "1255000000", "ebit": "289000000", "ebitda": "934100000", "netIncome": "1232000000"}, {"fiscalDateEnding": "2017-09-30", "reportedCurrency": "USD", "grossProfit": "-16834200000", "totalRevenue": "22426000000", "costOfRevenue": "39260200000", "costofGoodsAndServicesSold": "18145500000", "operatingIncome": "982000000", "sellingGeneralAndAdministrative": "3011000000", "researchAndDevelopment": "None", "operatingExpenses": "3053000000", "investmentIncomeNet": "None", "netInterestIncome": "-150500000", "interestIncome": "-500000", "interestExpense": "150000000", "nonInterestIncome": "20797000000", "otherNonOperatingIncome": "None", "depreciation": "27500000", "depreciationAndAmortization": "41900000", "incomeBeforeTax": "1119000000", "incomeTaxExpense": "372000000", "interestAndDebtExpense": "150500000", "netIncomeFromContinuingOperations": "746900000", "comprehensiveIncomeNetOfTax": "756000000", "ebit": "1269000000", "ebitda": "1310900000", "netIncome": "747000000"}, {"fiscalDateEnding": "2017-06-30", "reportedCurrency": "USD", "grossProfit": "-16521600000", "totalRevenue": "22407000000", "costOfRevenue": "38928800000", "costofGoodsAndServicesSold": "17957800000", "operatingIncome": "1227000000", "sellingGeneralAndAdministrative": "3053800000", "researchAndDevelopment": "None", "operatingExpenses": "3094400000", "investmentIncomeNet": "None", "netInterestIncome": "-189900000", "interestIncome": "None", "interestExpense": "189900000", "nonInterestIncome": "20813100000", "otherNonOperatingIncome": "None", "depreciation": "27200000", "depreciationAndAmortization": "40600000", "incomeBeforeTax": "1205400000", "incomeTaxExpense": "350400000", "interestAndDebtExpense": "189900000", "netIncomeFromContinuingOperations": "855300000", "comprehensiveIncomeNetOfTax": "882200000", "ebit": "1395300000", "ebitda": "1435900000", "netIncome": "855000000"}, {"fiscalDateEnding": "2017-03-31", "reportedCurrency": "USD", "grossProfit": "-15792800000", "totalRevenue": "22525000000", "costOfRevenue": "38318700000", "costofGoodsAndServicesSold": "17584600000", "operatingIncome": "1585400000", "sellingGeneralAndAdministrative": "3191300000", "researchAndDevelopment": "None", "operatingExpenses": "3233800000", "investmentIncomeNet": "None", "netInterestIncome": "-235000000", "interestIncome": "None", "interestExpense": "235000000", "nonInterestIncome": "20950600000", "otherNonOperatingIncome": "None", "depreciation": "27300000", "depreciationAndAmortization": "41800000", "incomeBeforeTax": "1514100000", "incomeTaxExpense": "505100000", "interestAndDebtExpense": "235000000", "netIncomeFromContinuingOperations": "1009900000", "comprehensiveIncomeNetOfTax": "1116000000", "ebit": "1749100000", "ebitda": "1790900000", "netIncome": "1009000000"}, {"fiscalDateEnding": "2016-12-31", "reportedCurrency": "USD", "grossProfit": "21714400000", "totalRevenue": "21714400000", "costOfRevenue": "39086700000", "costofGoodsAndServicesSold": "17614500000", "operatingIncome": "652300000", "sellingGeneralAndAdministrative": "3265100000", "researchAndDevelopment": "None", "operatingExpenses": "3951900000", "investmentIncomeNet": "None", "netInterestIncome": "-177300000", "interestIncome": "None", "interestExpense": "177300000", "nonInterestIncome": "20136100000", "otherNonOperatingIncome": "None", "depreciation": "26300000", "depreciationAndAmortization": "622600000", "incomeBeforeTax": "658000000", "incomeTaxExpense": "289600000", "interestAndDebtExpense": "177300000", "netIncomeFromContinuingOperations": "368400000", "comprehensiveIncomeNetOfTax": "464900000", "ebit": "835300000", "ebitda": "1457900000", "netIncome": "368400000"}]}