{"symbol": "AOS", "annualReports": [{"fiscalDateEnding": "2020-12-31", "reportedCurrency": "USD", "grossProfit": "1108200000", "totalRevenue": "2888000000", "costOfRevenue": "2469600000", "costofGoodsAndServicesSold": "1787100000", "operatingIncome": "503200000", "sellingGeneralAndAdministrative": "660300000", "researchAndDevelopment": "80700000", "operatingExpenses": "763200000", "investmentIncomeNet": "None", "netInterestIncome": "-7300000", "interestIncome": "None", "interestExpense": "7300000", "nonInterestIncome": "2895300000", "otherNonOperatingIncome": "11000000", "depreciation": "None", "depreciationAndAmortization": "14500000", "incomeBeforeTax": "443900000", "incomeTaxExpense": "99000000", "interestAndDebtExpense": "7300000", "netIncomeFromContinuingOperations": "344900000", "comprehensiveIncomeNetOfTax": "372000000", "ebit": "451200000", "ebitda": "465700000", "netIncome": "344900000"}, {"fiscalDateEnding": "2019-12-31", "reportedCurrency": "USD", "grossProfit": "1180700000", "totalRevenue": "2981700000", "costOfRevenue": "2543400000", "costofGoodsAndServicesSold": "1812000000", "operatingIncome": "529100000", "sellingGeneralAndAdministrative": "715600000", "researchAndDevelopment": "87900000", "operatingExpenses": "819300000", "investmentIncomeNet": "None", "netInterestIncome": "-11000000", "interestIncome": "None", "interestExpense": "11000000", "nonInterestIncome": "2992700000", "otherNonOperatingIncome": "18000000", "depreciation": "None", "depreciationAndAmortization": "15800000", "incomeBeforeTax": "472100000", "incomeTaxExpense": "102100000", "interestAndDebtExpense": "11000000", "netIncomeFromContinuingOperations": "370000000", "comprehensiveIncomeNetOfTax": "372500000", "ebit": "483100000", "ebitda": "498900000", "netIncome": "370000000"}, {"fiscalDateEnding": "2018-12-31", "reportedCurrency": "USD", "grossProfit": "1305500000", "totalRevenue": "3179500000", "costOfRevenue": "2657200000", "costofGoodsAndServicesSold": "1882400000", "operatingIncome": "613400000", "sellingGeneralAndAdministrative": "753800000", "researchAndDevelopment": "94000000", "operatingExpenses": "868800000", "investmentIncomeNet": "None", "netInterestIncome": "-8400000", "interestIncome": "None", "interestExpense": "8400000", "nonInterestIncome": "3187900000", "otherNonOperatingIncome": "21200000", "depreciation": "None", "depreciationAndAmortization": "14300000", "incomeBeforeTax": "557800000", "incomeTaxExpense": "113600000", "interestAndDebtExpense": "8400000", "netIncomeFromContinuingOperations": "444200000", "comprehensiveIncomeNetOfTax": "392900000", "ebit": "566200000", "ebitda": "580500000", "netIncome": "444200000"}, {"fiscalDateEnding": "2017-12-31", "reportedCurrency": "USD", "grossProfit": "1232400000", "totalRevenue": "2986600000", "costOfRevenue": "2489900000", "costofGoodsAndServicesSold": "1764300000", "operatingIncome": "577900000", "sellingGeneralAndAdministrative": "722800000", "researchAndDevelopment": "86400000", "operatingExpenses": "818300000", "investmentIncomeNet": "None", "netInterestIncome": "-10100000", "interestIncome": "None", "interestExpense": "10100000", "nonInterestIncome": "2996700000", "otherNonOperatingIncome": "21300000", "depreciation": "None", "depreciationAndAmortization": "13700000", "incomeBeforeTax": "520800000", "incomeTaxExpense": "224300000", "interestAndDebtExpense": "10100000", "netIncomeFromContinuingOperations": "296500000", "comprehensiveIncomeNetOfTax": "360200000", "ebit": "530900000", "ebitda": "544600000", "netIncome": "296500000"}, {"fiscalDateEnding": "2016-12-31", "reportedCurrency": "USD", "grossProfit": "1114200000", "totalRevenue": "2678600000", "costOfRevenue": "2238900000", "costofGoodsAndServicesSold": "1571700000", "operatingIncome": "515000000", "sellingGeneralAndAdministrative": "662500000", "researchAndDevelopment": "80100000", "operatingExpenses": "752400000", "investmentIncomeNet": "None", "netInterestIncome": "-7300000", "interestIncome": "None", "interestExpense": "7300000", "nonInterestIncome": "2685900000", "otherNonOperatingIncome": "18100000", "depreciation": "None", "depreciationAndAmortization": "13400000", "incomeBeforeTax": "462500000", "incomeTaxExpense": "136000000", "interestAndDebtExpense": "7300000", "netIncomeFromContinuingOperations": "326500000", "comprehensiveIncomeNetOfTax": "276700000", "ebit": "469800000", "ebitda": "483200000", "netIncome": "326500000"}], "quarterlyReports": [{"fiscalDateEnding": "2021-09-30", "reportedCurrency": "USD", "grossProfit": "340300000", "totalRevenue": "913600000", "costOfRevenue": "751900000", "costofGoodsAndServicesSold": "574300000", "operatingIncome": "178500000", "sellingGeneralAndAdministrative": "177600000", "researchAndDevelopment": "None", "operatingExpenses": "177600000", "investmentIncomeNet": "None", "netInterestIncome": "-1000000", "interestIncome": "None", "interestExpense": "1000000", "nonInterestIncome": "914600000", "otherNonOperatingIncome": "4700000", "depreciation": "None", "depreciationAndAmortization": "19000000", "incomeBeforeTax": "166400000", "incomeTaxExpense": "34800000", "interestAndDebtExpense": "1000000", "netIncomeFromContinuingOperations": "131600000", "comprehensiveIncomeNetOfTax": "133500000", "ebit": "167400000", "ebitda": "186400000", "netIncome": "131600000"}, {"fiscalDateEnding": "2021-06-30", "reportedCurrency": "USD", "grossProfit": "321400000", "totalRevenue": "858900000", "costOfRevenue": "711500000", "costofGoodsAndServicesSold": "538400000", "operatingIncome": "164000000", "sellingGeneralAndAdministrative": "173100000", "researchAndDevelopment": "None", "operatingExpenses": "173100000", "investmentIncomeNet": "None", "netInterestIncome": "-900000", "interestIncome": "None", "interestExpense": "900000", "nonInterestIncome": "859800000", "otherNonOperatingIncome": "3900000", "depreciation": "None", "depreciationAndAmortization": "19500000", "incomeBeforeTax": "151300000", "incomeTaxExpense": "33100000", "interestAndDebtExpense": "900000", "netIncomeFromContinuingOperations": "118200000", "comprehensiveIncomeNetOfTax": "127800000", "ebit": "152200000", "ebitda": "171700000", "netIncome": "118200000"}, {"fiscalDateEnding": "2021-03-31", "reportedCurrency": "USD", "grossProfit": "288600000", "totalRevenue": "768000000", "costOfRevenue": "646900000", "costofGoodsAndServicesSold": "480400000", "operatingIncome": "142200000", "sellingGeneralAndAdministrative": "166500000", "researchAndDevelopment": "None", "operatingExpenses": "166500000", "investmentIncomeNet": "None", "netInterestIncome": "-1000000", "interestIncome": "None", "interestExpense": "1000000", "nonInterestIncome": "769000000", "otherNonOperatingIncome": "5000000", "depreciation": "None", "depreciationAndAmortization": "19500000", "incomeBeforeTax": "126100000", "incomeTaxExpense": "28400000", "interestAndDebtExpense": "1000000", "netIncomeFromContinuingOperations": "97700000", "comprehensiveIncomeNetOfTax": "98100000", "ebit": "127100000", "ebitda": "146600000", "netIncome": "97700000"}, {"fiscalDateEnding": "2020-12-31", "reportedCurrency": "USD", "grossProfit": "324100000", "totalRevenue": "834500000", "costOfRevenue": "696100000", "costofGoodsAndServicesSold": "510400000", "operatingIncome": "169200000", "sellingGeneralAndAdministrative": "171200000", "researchAndDevelopment": "None", "operatingExpenses": "266400000", "investmentIncomeNet": "None", "netInterestIncome": "-1000000", "interestIncome": "None", "interestExpense": "1000000", "nonInterestIncome": "834500000", "otherNonOperatingIncome": "0", "depreciation": "None", "depreciationAndAmortization": "19300000", "incomeBeforeTax": "151900000", "incomeTaxExpense": "31900000", "interestAndDebtExpense": "1000000", "netIncomeFromContinuingOperations": "324100000", "comprehensiveIncomeNetOfTax": "135300000", "ebit": "152900000", "ebitda": "172200000", "netIncome": "120000000"}, {"fiscalDateEnding": "2020-09-30", "reportedCurrency": "USD", "grossProfit": "297100000", "totalRevenue": "758400000", "costOfRevenue": "623900000", "costofGoodsAndServicesSold": "462900000", "operatingIncome": "149800000", "sellingGeneralAndAdministrative": "159400000", "researchAndDevelopment": "None", "operatingExpenses": "161000000", "investmentIncomeNet": "None", "netInterestIncome": "-1600000", "interestIncome": "None", "interestExpense": "1600000", "nonInterestIncome": "760000000", "otherNonOperatingIncome": "2800000", "depreciation": "None", "depreciationAndAmortization": "20700000", "incomeBeforeTax": "137300000", "incomeTaxExpense": "31900000", "interestAndDebtExpense": "1600000", "netIncomeFromContinuingOperations": "105400000", "comprehensiveIncomeNetOfTax": "124700000", "ebit": "138900000", "ebitda": "159600000", "netIncome": "105400000"}, {"fiscalDateEnding": "2020-06-30", "reportedCurrency": "USD", "grossProfit": "247500000", "totalRevenue": "661400000", "costOfRevenue": "578400000", "costofGoodsAndServicesSold": "416400000", "operatingIncome": "99300000", "sellingGeneralAndAdministrative": "155900000", "researchAndDevelopment": "None", "operatingExpenses": "162000000", "investmentIncomeNet": "None", "netInterestIncome": "-2500000", "interestIncome": "None", "interestExpense": "2500000", "nonInterestIncome": "663900000", "otherNonOperatingIncome": "4000000", "depreciation": "None", "depreciationAndAmortization": "19900000", "incomeBeforeTax": "87000000", "incomeTaxExpense": "19200000", "interestAndDebtExpense": "2500000", "netIncomeFromContinuingOperations": "67800000", "comprehensiveIncomeNetOfTax": "74400000", "ebit": "89500000", "ebitda": "109400000", "netIncome": "67800000"}, {"fiscalDateEnding": "2020-03-31", "reportedCurrency": "USD", "grossProfit": "239500000", "totalRevenue": "634700000", "costOfRevenue": "571200000", "costofGoodsAndServicesSold": "397400000", "operatingIncome": "84900000", "sellingGeneralAndAdministrative": "173800000", "researchAndDevelopment": "None", "operatingExpenses": "173800000", "investmentIncomeNet": "None", "netInterestIncome": "-2200000", "interestIncome": "None", "interestExpense": "2200000", "nonInterestIncome": "636900000", "otherNonOperatingIncome": "4200000", "depreciation": "None", "depreciationAndAmortization": "20100000", "incomeBeforeTax": "67700000", "incomeTaxExpense": "16000000", "interestAndDebtExpense": "2200000", "netIncomeFromContinuingOperations": "51700000", "comprehensiveIncomeNetOfTax": "37600000", "ebit": "69900000", "ebitda": "90000000", "netIncome": "51700000"}, {"fiscalDateEnding": "2019-12-31", "reportedCurrency": "USD", "grossProfit": "295000000", "totalRevenue": "750900000", "costOfRevenue": "651600000", "costofGoodsAndServicesSold": "455900000", "operatingIncome": "129900000", "sellingGeneralAndAdministrative": "179900000", "researchAndDevelopment": "None", "operatingExpenses": "283600000", "investmentIncomeNet": "None", "netInterestIncome": "-2500000", "interestIncome": "None", "interestExpense": "2500000", "nonInterestIncome": "750900000", "otherNonOperatingIncome": "2900000", "depreciation": "None", "depreciationAndAmortization": "20200000", "incomeBeforeTax": "115500000", "incomeTaxExpense": "24200000", "interestAndDebtExpense": "2500000", "netIncomeFromContinuingOperations": "295000000", "comprehensiveIncomeNetOfTax": "104600000", "ebit": "118000000", "ebitda": "138200000", "netIncome": "91300000"}, {"fiscalDateEnding": "2019-09-30", "reportedCurrency": "USD", "grossProfit": "284200000", "totalRevenue": "725100000", "costOfRevenue": "616300000", "costofGoodsAndServicesSold": "444000000", "operatingIncome": "125700000", "sellingGeneralAndAdministrative": "172300000", "researchAndDevelopment": "None", "operatingExpenses": "172300000", "investmentIncomeNet": "None", "netInterestIncome": "-3100000", "interestIncome": "None", "interestExpense": "3100000", "nonInterestIncome": "728200000", "otherNonOperatingIncome": "4000000", "depreciation": "None", "depreciationAndAmortization": "19700000", "incomeBeforeTax": "112800000", "incomeTaxExpense": "25500000", "interestAndDebtExpense": "3100000", "netIncomeFromContinuingOperations": "87300000", "comprehensiveIncomeNetOfTax": "64100000", "ebit": "115900000", "ebitda": "135600000", "netIncome": "87300000"}, {"fiscalDateEnding": "2019-06-30", "reportedCurrency": "USD", "grossProfit": "308700000", "totalRevenue": "762000000", "costOfRevenue": "635400000", "costofGoodsAndServicesSold": "456700000", "operatingIncome": "145200000", "sellingGeneralAndAdministrative": "178700000", "researchAndDevelopment": "None", "operatingExpenses": "178700000", "investmentIncomeNet": "None", "netInterestIncome": "-3400000", "interestIncome": "None", "interestExpense": "3400000", "nonInterestIncome": "765400000", "otherNonOperatingIncome": "5600000", "depreciation": "None", "depreciationAndAmortization": "18200000", "incomeBeforeTax": "132200000", "incomeTaxExpense": "30100000", "interestAndDebtExpense": "3400000", "netIncomeFromContinuingOperations": "102100000", "comprehensiveIncomeNetOfTax": "95800000", "ebit": "135600000", "ebitda": "153800000", "netIncome": "102100000"}, {"fiscalDateEnding": "2019-03-31", "reportedCurrency": "USD", "grossProfit": "292800000", "totalRevenue": "746200000", "costOfRevenue": "640100000", "costofGoodsAndServicesSold": "455400000", "operatingIncome": "128300000", "sellingGeneralAndAdministrative": "184700000", "researchAndDevelopment": "None", "operatingExpenses": "184700000", "investmentIncomeNet": "None", "netInterestIncome": "-2000000", "interestIncome": "None", "interestExpense": "2000000", "nonInterestIncome": "748200000", "otherNonOperatingIncome": "5500000", "depreciation": "None", "depreciationAndAmortization": "20200000", "incomeBeforeTax": "111600000", "incomeTaxExpense": "22300000", "interestAndDebtExpense": "2000000", "netIncomeFromContinuingOperations": "89300000", "comprehensiveIncomeNetOfTax": "108000000", "ebit": "113600000", "ebitda": "133800000", "netIncome": "89300000"}, {"fiscalDateEnding": "2018-12-31", "reportedCurrency": "USD", "grossProfit": "337000000", "totalRevenue": "812500000", "costOfRevenue": "682600000", "costofGoodsAndServicesSold": "475500000", "operatingIncome": "167100000", "sellingGeneralAndAdministrative": "186100000", "researchAndDevelopment": "None", "operatingExpenses": "301100000", "investmentIncomeNet": "None", "netInterestIncome": "-1800000", "interestIncome": "None", "interestExpense": "1800000", "nonInterestIncome": "812500000", "otherNonOperatingIncome": "5700000", "depreciation": "None", "depreciationAndAmortization": "18700000", "incomeBeforeTax": "154800000", "incomeTaxExpense": "28500000", "interestAndDebtExpense": "1800000", "netIncomeFromContinuingOperations": "337000000", "comprehensiveIncomeNetOfTax": "93700000", "ebit": "156600000", "ebitda": "175300000", "netIncome": "126300000"}, {"fiscalDateEnding": "2018-09-30", "reportedCurrency": "USD", "grossProfit": "306000000", "totalRevenue": "752100000", "costOfRevenue": "625700000", "costofGoodsAndServicesSold": "448100000", "operatingIncome": "144700000", "sellingGeneralAndAdministrative": "177600000", "researchAndDevelopment": "None", "operatingExpenses": "177600000", "investmentIncomeNet": "None", "netInterestIncome": "-2000000", "interestIncome": "None", "interestExpense": "2000000", "nonInterestIncome": "754100000", "otherNonOperatingIncome": "5100000", "depreciation": "None", "depreciationAndAmortization": "17800000", "incomeBeforeTax": "131500000", "incomeTaxExpense": "26900000", "interestAndDebtExpense": "2000000", "netIncomeFromContinuingOperations": "104600000", "comprehensiveIncomeNetOfTax": "90800000", "ebit": "133500000", "ebitda": "151300000", "netIncome": "104600000"}, {"fiscalDateEnding": "2018-06-30", "reportedCurrency": "USD", "grossProfit": "341000000", "totalRevenue": "831000000", "costOfRevenue": "689500000", "costofGoodsAndServicesSold": "492300000", "operatingIncome": "159600000", "sellingGeneralAndAdministrative": "197200000", "researchAndDevelopment": "None", "operatingExpenses": "197200000", "investmentIncomeNet": "None", "netInterestIncome": "-2300000", "interestIncome": "None", "interestExpense": "2300000", "nonInterestIncome": "833300000", "otherNonOperatingIncome": "4600000", "depreciation": "None", "depreciationAndAmortization": "17500000", "incomeBeforeTax": "146100000", "incomeTaxExpense": "31600000", "interestAndDebtExpense": "2300000", "netIncomeFromContinuingOperations": "114500000", "comprehensiveIncomeNetOfTax": "85800000", "ebit": "148400000", "ebitda": "165900000", "netIncome": "114500000"}, {"fiscalDateEnding": "2018-03-31", "reportedCurrency": "USD", "grossProfit": "321500000", "totalRevenue": "785700000", "costOfRevenue": "659400000", "costofGoodsAndServicesSold": "466500000", "operatingIncome": "142000000", "sellingGeneralAndAdministrative": "192900000", "researchAndDevelopment": "None", "operatingExpenses": "192900000", "investmentIncomeNet": "None", "netInterestIncome": "-2300000", "interestIncome": "None", "interestExpense": "2300000", "nonInterestIncome": "788000000", "otherNonOperatingIncome": "5800000", "depreciation": "None", "depreciationAndAmortization": "17900000", "incomeBeforeTax": "125400000", "incomeTaxExpense": "26600000", "interestAndDebtExpense": "2300000", "netIncomeFromContinuingOperations": "98800000", "comprehensiveIncomeNetOfTax": "122600000", "ebit": "127700000", "ebitda": "145600000", "netIncome": "98800000"}, {"fiscalDateEnding": "2017-12-31", "reportedCurrency": "USD", "grossProfit": "322300000", "totalRevenue": "768600000", "costOfRevenue": "641500000", "costofGoodsAndServicesSold": "446300000", "operatingIncome": "155700000", "sellingGeneralAndAdministrative": "184500000", "researchAndDevelopment": "86400000", "operatingExpenses": "283100000", "investmentIncomeNet": "None", "netInterestIncome": "-2900000", "interestIncome": "None", "interestExpense": "2900000", "nonInterestIncome": "768600000", "otherNonOperatingIncome": "5900000", "depreciation": "None", "depreciationAndAmortization": "18200000", "incomeBeforeTax": "140800000", "incomeTaxExpense": "118100000", "interestAndDebtExpense": "2900000", "netIncomeFromContinuingOperations": "323800000", "comprehensiveIncomeNetOfTax": "45600000", "ebit": "143700000", "ebitda": "161900000", "netIncome": "22700000"}, {"fiscalDateEnding": "2017-09-30", "reportedCurrency": "USD", "grossProfit": "305000000", "totalRevenue": "747400000", "costOfRevenue": "619000000", "costofGoodsAndServicesSold": "444900000", "operatingIncome": "144000000", "sellingGeneralAndAdministrative": "176800000", "researchAndDevelopment": "None", "operatingExpenses": "175800000", "investmentIncomeNet": "None", "netInterestIncome": "-2500000", "interestIncome": "None", "interestExpense": "2500000", "nonInterestIncome": "749900000", "otherNonOperatingIncome": "5900000", "depreciation": "None", "depreciationAndAmortization": "17600000", "incomeBeforeTax": "131600000", "incomeTaxExpense": "37900000", "interestAndDebtExpense": "2500000", "netIncomeFromContinuingOperations": "93700000", "comprehensiveIncomeNetOfTax": "112000000", "ebit": "134100000", "ebitda": "151700000", "netIncome": "93700000"}, {"fiscalDateEnding": "2017-06-30", "reportedCurrency": "USD", "grossProfit": "304200000", "totalRevenue": "735700000", "costOfRevenue": "609600000", "costofGoodsAndServicesSold": "434000000", "operatingIncome": "141600000", "sellingGeneralAndAdministrative": "178300000", "researchAndDevelopment": "None", "operatingExpenses": "177300000", "investmentIncomeNet": "None", "netInterestIncome": "-2500000", "interestIncome": "None", "interestExpense": "2500000", "nonInterestIncome": "738200000", "otherNonOperatingIncome": "4600000", "depreciation": "None", "depreciationAndAmortization": "17400000", "incomeBeforeTax": "128000000", "incomeTaxExpense": "35600000", "interestAndDebtExpense": "2500000", "netIncomeFromContinuingOperations": "92400000", "comprehensiveIncomeNetOfTax": "103900000", "ebit": "130500000", "ebitda": "147900000", "netIncome": "92400000"}, {"fiscalDateEnding": "2017-03-31", "reportedCurrency": "USD", "grossProfit": "300900000", "totalRevenue": "737800000", "costOfRevenue": "619800000", "costofGoodsAndServicesSold": "439100000", "operatingIncome": "136600000", "sellingGeneralAndAdministrative": "183200000", "researchAndDevelopment": "None", "operatingExpenses": "182100000", "investmentIncomeNet": "None", "netInterestIncome": "-2200000", "interestIncome": "None", "interestExpense": "2200000", "nonInterestIncome": "740000000", "otherNonOperatingIncome": "4900000", "depreciation": "None", "depreciationAndAmortization": "16900000", "incomeBeforeTax": "120400000", "incomeTaxExpense": "32700000", "interestAndDebtExpense": "2200000", "netIncomeFromContinuingOperations": "87700000", "comprehensiveIncomeNetOfTax": "98700000", "ebit": "122600000", "ebitda": "139500000", "netIncome": "87700000"}, {"fiscalDateEnding": "2016-12-31", "reportedCurrency": "USD", "grossProfit": "289600000", "totalRevenue": "698100000", "costOfRevenue": "596700000", "costofGoodsAndServicesSold": "413600000", "operatingIncome": "127600000", "sellingGeneralAndAdministrative": "178400000", "researchAndDevelopment": "80100000", "operatingExpenses": "268300000", "investmentIncomeNet": "None", "netInterestIncome": "-1600000", "interestIncome": "None", "interestExpense": "1600000", "nonInterestIncome": "None", "otherNonOperatingIncome": "11900000", "depreciation": "None", "depreciationAndAmortization": "16400000", "incomeBeforeTax": "116400000", "incomeTaxExpense": "33700000", "interestAndDebtExpense": "1600000", "netIncomeFromContinuingOperations": "289600000", "comprehensiveIncomeNetOfTax": "44300000", "ebit": "118000000", "ebitda": "134400000", "netIncome": "82700000"}]}