{"symbol": "APA", "annualReports": [{"fiscalDateEnding": "2020-12-31", "reportedCurrency": "USD", "grossProfit": "-645000000", "totalRevenue": "4308000000", "costOfRevenue": "4953000000", "costofGoodsAndServicesSold": "3530000000", "operatingIncome": "-4102000000", "sellingGeneralAndAdministrative": "290000000", "researchAndDevelopment": "None", "operatingExpenses": "8537000000", "investmentIncomeNet": "7000000", "netInterestIncome": "-255000000", "interestIncome": "7000000", "interestExpense": "255000000", "nonInterestIncome": "-31000000", "otherNonOperatingIncome": "64000000", "depreciation": "None", "depreciationAndAmortization": "1772000000", "incomeBeforeTax": "-4840000000", "incomeTaxExpense": "64000000", "interestAndDebtExpense": "95000000", "netIncomeFromContinuingOperations": "-4904000000", "comprehensiveIncomeNetOfTax": "-4862000000", "ebit": "-4102000000", "ebitda": "-4294000000", "netIncome": "-4904000000"}, {"fiscalDateEnding": "2019-12-31", "reportedCurrency": "USD", "grossProfit": "2593000000", "totalRevenue": "6553000000", "costOfRevenue": "3818000000", "costofGoodsAndServicesSold": "306000000", "operatingIncome": "-2152000000", "sellingGeneralAndAdministrative": "406000000", "researchAndDevelopment": "None", "operatingExpenses": "8643000000", "investmentIncomeNet": "13000000", "netInterestIncome": "-425000000", "interestIncome": "13000000", "interestExpense": "425000000", "nonInterestIncome": "12322000000", "otherNonOperatingIncome": "54000000", "depreciation": "None", "depreciationAndAmortization": "None", "incomeBeforeTax": "-3008000000", "incomeTaxExpense": "674000000", "interestAndDebtExpense": "500000000", "netIncomeFromContinuingOperations": "-3682000000", "comprehensiveIncomeNetOfTax": "-3541000000", "ebit": "-2152000000", "ebitda": "-2448000000", "netIncome": "-3682000000"}, {"fiscalDateEnding": "2018-12-31", "reportedCurrency": "USD", "grossProfit": "5998000000", "totalRevenue": "7764000000", "costOfRevenue": "1426000000", "costofGoodsAndServicesSold": "348000000", "operatingIncome": "1836000000", "sellingGeneralAndAdministrative": "431000000", "researchAndDevelopment": "None", "operatingExpenses": "5869000000", "investmentIncomeNet": "22000000", "netInterestIncome": "-434000000", "interestIncome": "22000000", "interestExpense": "434000000", "nonInterestIncome": "14359000000", "otherNonOperatingIncome": "53000000", "depreciation": "None", "depreciationAndAmortization": "140000000", "incomeBeforeTax": "958000000", "incomeTaxExpense": "672000000", "interestAndDebtExpense": "528000000", "netIncomeFromContinuingOperations": "40000000", "comprehensiveIncomeNetOfTax": "40000000", "ebit": "1836000000", "ebitda": "1249000000", "netIncome": "286000000"}, {"fiscalDateEnding": "2017-12-31", "reportedCurrency": "USD", "grossProfit": "-1028000000", "totalRevenue": "6423000000", "costOfRevenue": "7536000000", "costofGoodsAndServicesSold": "195000000", "operatingIncome": "1190000000", "sellingGeneralAndAdministrative": "395000000", "researchAndDevelopment": "None", "operatingExpenses": "4697000000", "investmentIncomeNet": "19000000", "netInterestIncome": "-450000000", "interestIncome": "19000000", "interestExpense": "450000000", "nonInterestIncome": "481000000", "otherNonOperatingIncome": "-91000000", "depreciation": "None", "depreciationAndAmortization": "9000000", "incomeBeforeTax": "719000000", "incomeTaxExpense": "-585000000", "interestAndDebtExpense": "451000000", "netIncomeFromContinuingOperations": "1304000000", "comprehensiveIncomeNetOfTax": "1420000000", "ebit": "1190000000", "ebitda": "1178000000", "netIncome": "1304000000"}, {"fiscalDateEnding": "2016-12-31", "reportedCurrency": "USD", "grossProfit": "-4129000000", "totalRevenue": "5354000000", "costOfRevenue": "9102000000", "costofGoodsAndServicesSold": "200000000", "operatingIncome": "-803000000", "sellingGeneralAndAdministrative": "410000000", "researchAndDevelopment": "None", "operatingExpenses": "6170000000", "investmentIncomeNet": "8000000", "netInterestIncome": "-464000000", "interestIncome": "8000000", "interestExpense": "464000000", "nonInterestIncome": "26000000", "otherNonOperatingIncome": "-34000000", "depreciation": "None", "depreciationAndAmortization": "8000000", "incomeBeforeTax": "-1847000000", "incomeTaxExpense": "-442000000", "interestAndDebtExpense": "465000000", "netIncomeFromContinuingOperations": "-1372000000", "comprehensiveIncomeNetOfTax": "-1398000000", "ebit": "-803000000", "ebitda": "-1375000000", "netIncome": "-1405000000"}], "quarterlyReports": [{"fiscalDateEnding": "2021-09-30", "reportedCurrency": "USD", "grossProfit": "-324000000", "totalRevenue": "2059000000", "costOfRevenue": "115000000", "costofGoodsAndServicesSold": "1115000000", "operatingIncome": "822000000", "sellingGeneralAndAdministrative": "64000000", "researchAndDevelopment": "None", "operatingExpenses": "1237000000", "investmentIncomeNet": "1000000", "netInterestIncome": "-102000000", "interestIncome": "1000000", "interestExpense": "102000000", "nonInterestIncome": "-107000000", "otherNonOperatingIncome": "40000000", "depreciation": "None", "depreciationAndAmortization": "335000000", "incomeBeforeTax": "71000000", "incomeTaxExpense": "154000000", "interestAndDebtExpense": "207000000", "netIncomeFromContinuingOperations": "33000000", "comprehensiveIncomeNetOfTax": "-83000000", "ebit": "822000000", "ebitda": "504000000", "netIncome": "-83000000"}, {"fiscalDateEnding": "2021-06-30", "reportedCurrency": "USD", "grossProfit": "-268000000", "totalRevenue": "1756000000", "costOfRevenue": "111000000", "costofGoodsAndServicesSold": "985000000", "operatingIncome": "673000000", "sellingGeneralAndAdministrative": "79000000", "researchAndDevelopment": "None", "operatingExpenses": "1083000000", "investmentIncomeNet": "3000000", "netInterestIncome": "-110000000", "interestIncome": "3000000", "interestExpense": "110000000", "nonInterestIncome": "-47000000", "otherNonOperatingIncome": "74000000", "depreciation": "None", "depreciationAndAmortization": "351000000", "incomeBeforeTax": "430000000", "incomeTaxExpense": "91000000", "interestAndDebtExpense": "109000000", "netIncomeFromContinuingOperations": "431000000", "comprehensiveIncomeNetOfTax": "339000000", "ebit": "673000000", "ebitda": "886000000", "netIncome": "339000000"}, {"fiscalDateEnding": "2021-03-31", "reportedCurrency": "USD", "grossProfit": "-61000000", "totalRevenue": "50000000", "costOfRevenue": "111000000", "costofGoodsAndServicesSold": "1158000000", "operatingIncome": "595000000", "sellingGeneralAndAdministrative": "83000000", "researchAndDevelopment": "None", "operatingExpenses": "1276000000", "investmentIncomeNet": "2000000", "netInterestIncome": "-112000000", "interestIncome": "2000000", "interestExpense": "112000000", "nonInterestIncome": "160000000", "otherNonOperatingIncome": "61000000", "depreciation": "None", "depreciationAndAmortization": "None", "incomeBeforeTax": "564000000", "incomeTaxExpense": "167000000", "interestAndDebtExpense": "112000000", "netIncomeFromContinuingOperations": "480000000", "comprehensiveIncomeNetOfTax": "398000000", "ebit": "595000000", "ebitda": "687000000", "netIncome": "397000000"}, {"fiscalDateEnding": "2020-12-31", "reportedCurrency": "USD", "grossProfit": "1173000000", "totalRevenue": "1289000000", "costOfRevenue": "116000000", "costofGoodsAndServicesSold": "877000000", "operatingIncome": "185000000", "sellingGeneralAndAdministrative": "76000000", "researchAndDevelopment": "None", "operatingExpenses": "1034000000", "investmentIncomeNet": "3000000", "netInterestIncome": "63000000", "interestIncome": "3000000", "interestExpense": "-63000000", "nonInterestIncome": "55000000", "otherNonOperatingIncome": "23000000", "depreciation": "None", "depreciationAndAmortization": "1770618", "incomeBeforeTax": "70000000", "incomeTaxExpense": "15000000", "interestAndDebtExpense": "-71000000", "netIncomeFromContinuingOperations": "55000000", "comprehensiveIncomeNetOfTax": "8000000", "ebit": "185000000", "ebitda": "153000000", "netIncome": "55000000"}, {"fiscalDateEnding": "2020-09-30", "reportedCurrency": "USD", "grossProfit": "1056000000", "totalRevenue": "1144000000", "costOfRevenue": "88000000", "costofGoodsAndServicesSold": "795000000", "operatingIncome": "206000000", "sellingGeneralAndAdministrative": "52000000", "researchAndDevelopment": "None", "operatingExpenses": "914000000", "investmentIncomeNet": "1000000", "netInterestIncome": "-110000000", "interestIncome": "1000000", "interestExpense": "110000000", "nonInterestIncome": "27000000", "otherNonOperatingIncome": "9000000", "depreciation": "None", "depreciationAndAmortization": "2000000", "incomeBeforeTax": "72000000", "incomeTaxExpense": "31000000", "interestAndDebtExpense": "98000000", "netIncomeFromContinuingOperations": "41000000", "comprehensiveIncomeNetOfTax": "-3000000", "ebit": "206000000", "ebitda": "184000000", "netIncome": "-4000000"}, {"fiscalDateEnding": "2020-06-30", "reportedCurrency": "USD", "grossProfit": "443000000", "totalRevenue": "596000000", "costOfRevenue": "153000000", "costofGoodsAndServicesSold": "800000000", "operatingIncome": "-190000000", "sellingGeneralAndAdministrative": "94000000", "researchAndDevelopment": "None", "operatingExpenses": "942000000", "investmentIncomeNet": "1000000", "netInterestIncome": "-105000000", "interestIncome": "1000000", "interestExpense": "105000000", "nonInterestIncome": "-35000000", "otherNonOperatingIncome": "19000000", "depreciation": "None", "depreciationAndAmortization": "2000000", "incomeBeforeTax": "-416000000", "incomeTaxExpense": "-38000000", "interestAndDebtExpense": "-35000000", "netIncomeFromContinuingOperations": "-378000000", "comprehensiveIncomeNetOfTax": "-386000000", "ebit": "-190000000", "ebitda": "-309000000", "netIncome": "-386000000"}, {"fiscalDateEnding": "2020-03-31", "reportedCurrency": "USD", "grossProfit": "-3350000000", "totalRevenue": "1279000000", "costOfRevenue": "4629000000", "costofGoodsAndServicesSold": "5000000", "operatingIncome": "-4303000000", "sellingGeneralAndAdministrative": "68000000", "researchAndDevelopment": "None", "operatingExpenses": "5647000000", "investmentIncomeNet": "2000000", "netInterestIncome": "-103000000", "interestIncome": "2000000", "interestExpense": "103000000", "nonInterestIncome": "-78000000", "otherNonOperatingIncome": "13000000", "depreciation": "None", "depreciationAndAmortization": "2000000", "incomeBeforeTax": "-4424000000", "incomeTaxExpense": "56000000", "interestAndDebtExpense": "103000000", "netIncomeFromContinuingOperations": "-4622000000", "comprehensiveIncomeNetOfTax": "-4481000000", "ebit": "-4303000000", "ebitda": "-4319000000", "netIncome": "-4480000000"}, {"fiscalDateEnding": "2019-12-31", "reportedCurrency": "USD", "grossProfit": "225000000", "totalRevenue": "1625000000", "costOfRevenue": "1400000000", "costofGoodsAndServicesSold": "76000000", "operatingIncome": "-2893000000", "sellingGeneralAndAdministrative": "83000000", "researchAndDevelopment": "None", "operatingExpenses": "4600000000", "investmentIncomeNet": "1000000", "netInterestIncome": "-60000000", "interestIncome": "1000000", "interestExpense": "60000000", "nonInterestIncome": "3313000000", "otherNonOperatingIncome": "21000000", "depreciation": "None", "depreciationAndAmortization": "None", "incomeBeforeTax": "-3035000000", "incomeTaxExpense": "212000000", "interestAndDebtExpense": "60000000", "netIncomeFromContinuingOperations": "-3035000000", "comprehensiveIncomeNetOfTax": "-2963000000", "ebit": "-2893000000", "ebitda": "-2652000000", "netIncome": "-3247000000"}, {"fiscalDateEnding": "2019-09-30", "reportedCurrency": "USD", "grossProfit": "1268000000", "totalRevenue": "1500000000", "costOfRevenue": "209000000", "costofGoodsAndServicesSold": "66000000", "operatingIncome": "182000000", "sellingGeneralAndAdministrative": "98000000", "researchAndDevelopment": "None", "operatingExpenses": "1286000000", "investmentIncomeNet": "5000000", "netInterestIncome": "-95000000", "interestIncome": "5000000", "interestExpense": "95000000", "nonInterestIncome": "2797000000", "otherNonOperatingIncome": "34000000", "depreciation": "None", "depreciationAndAmortization": "2000000", "incomeBeforeTax": "14000000", "incomeTaxExpense": "131000000", "interestAndDebtExpense": "95000000", "netIncomeFromContinuingOperations": "-117000000", "comprehensiveIncomeNetOfTax": "-171000000", "ebit": "182000000", "ebitda": "111000000", "netIncome": "-117000000"}, {"fiscalDateEnding": "2019-06-30", "reportedCurrency": "USD", "grossProfit": "1152000000", "totalRevenue": "1618000000", "costOfRevenue": "451000000", "costofGoodsAndServicesSold": "76000000", "operatingIncome": "127000000", "sellingGeneralAndAdministrative": "102000000", "researchAndDevelopment": "None", "operatingExpenses": "1489000000", "investmentIncomeNet": "3000000", "netInterestIncome": "-173000000", "interestIncome": "3000000", "interestExpense": "173000000", "nonInterestIncome": "3028000000", "otherNonOperatingIncome": "-7000000", "depreciation": "None", "depreciationAndAmortization": "1000000", "incomeBeforeTax": "-152000000", "incomeTaxExpense": "164000000", "interestAndDebtExpense": "248000000", "netIncomeFromContinuingOperations": "-316000000", "comprehensiveIncomeNetOfTax": "-360000000", "ebit": "127000000", "ebitda": "22000000", "netIncome": "-316000000"}, {"fiscalDateEnding": "2019-03-31", "reportedCurrency": "USD", "grossProfit": "1391000000", "totalRevenue": "1657000000", "costOfRevenue": "244000000", "costofGoodsAndServicesSold": "88000000", "operatingIncome": "410000000", "sellingGeneralAndAdministrative": "123000000", "researchAndDevelopment": "None", "operatingExpenses": "1268000000", "investmentIncomeNet": "4000000", "netInterestIncome": "-97000000", "interestIncome": "-127000000", "interestExpense": "97000000", "nonInterestIncome": "3227000000", "otherNonOperatingIncome": "6000000", "depreciation": "None", "depreciationAndAmortization": "2000000", "incomeBeforeTax": "165000000", "incomeTaxExpense": "167000000", "interestAndDebtExpense": "97000000", "netIncomeFromContinuingOperations": "-2000000", "comprehensiveIncomeNetOfTax": "-47000000", "ebit": "410000000", "ebitda": "264000000", "netIncome": "-2000000"}, {"fiscalDateEnding": "2018-12-31", "reportedCurrency": "USD", "grossProfit": "1064000000", "totalRevenue": "1703000000", "costOfRevenue": "639000000", "costofGoodsAndServicesSold": "88000000", "operatingIncome": "-204000000", "sellingGeneralAndAdministrative": "101000000", "researchAndDevelopment": "None", "operatingExpenses": "2247000000", "investmentIncomeNet": "6000000", "netInterestIncome": "-49000000", "interestIncome": "None", "interestExpense": "49000000", "nonInterestIncome": "13000000", "otherNonOperatingIncome": "3000000", "depreciation": "None", "depreciationAndAmortization": "35000000", "incomeBeforeTax": "-344000000", "incomeTaxExpense": "6000000", "interestAndDebtExpense": "49000000", "netIncomeFromContinuingOperations": "-596000000", "comprehensiveIncomeNetOfTax": "-381000000", "ebit": "-204000000", "ebitda": "-242000000", "netIncome": "-350000000"}, {"fiscalDateEnding": "2018-09-30", "reportedCurrency": "USD", "grossProfit": "1745000000", "totalRevenue": "1976000000", "costOfRevenue": "238000000", "costofGoodsAndServicesSold": "92000000", "operatingIncome": "698000000", "sellingGeneralAndAdministrative": "99000000", "researchAndDevelopment": "None", "operatingExpenses": "1278000000", "investmentIncomeNet": "6000000", "netInterestIncome": "-192000000", "interestIncome": "None", "interestExpense": "192000000", "nonInterestIncome": "3760000000", "otherNonOperatingIncome": "29000000", "depreciation": "None", "depreciationAndAmortization": "2000000", "incomeBeforeTax": "326000000", "incomeTaxExpense": "245000000", "interestAndDebtExpense": "286000000", "netIncomeFromContinuingOperations": "161000000", "comprehensiveIncomeNetOfTax": "81000000", "ebit": "698000000", "ebitda": "520000000", "netIncome": "81000000"}, {"fiscalDateEnding": "2018-06-30", "reportedCurrency": "USD", "grossProfit": "1690000000", "totalRevenue": "1936000000", "costOfRevenue": "239000000", "costofGoodsAndServicesSold": "82000000", "operatingIncome": "738000000", "sellingGeneralAndAdministrative": "117000000", "researchAndDevelopment": "None", "operatingExpenses": "1198000000", "investmentIncomeNet": "4000000", "netInterestIncome": "-94000000", "interestIncome": "None", "interestExpense": "94000000", "nonInterestIncome": "3838000000", "otherNonOperatingIncome": "16000000", "depreciation": "None", "depreciationAndAmortization": "1000000", "incomeBeforeTax": "434000000", "incomeTaxExpense": "239000000", "interestAndDebtExpense": "94000000", "netIncomeFromContinuingOperations": "269000000", "comprehensiveIncomeNetOfTax": "195000000", "ebit": "738000000", "ebitda": "529000000", "netIncome": "195000000"}, {"fiscalDateEnding": "2018-03-31", "reportedCurrency": "USD", "grossProfit": "2670000000", "totalRevenue": "1733000000", "costOfRevenue": "680000000", "costofGoodsAndServicesSold": "86000000", "operatingIncome": "587000000", "sellingGeneralAndAdministrative": "114000000", "researchAndDevelopment": "None", "operatingExpenses": "1146000000", "investmentIncomeNet": "6000000", "netInterestIncome": "-99000000", "interestIncome": "None", "interestExpense": "99000000", "nonInterestIncome": "1707000000", "otherNonOperatingIncome": "5000000", "depreciation": "None", "depreciationAndAmortization": "5000000", "incomeBeforeTax": "327000000", "incomeTaxExpense": "182000000", "interestAndDebtExpense": "99000000", "netIncomeFromContinuingOperations": "206000000", "comprehensiveIncomeNetOfTax": "145000000", "ebit": "587000000", "ebitda": "431000000", "netIncome": "145000000"}, {"fiscalDateEnding": "2017-12-31", "reportedCurrency": "USD", "grossProfit": "-21000000", "totalRevenue": "1640000000", "costOfRevenue": "32000000", "costofGoodsAndServicesSold": "44000000", "operatingIncome": "519000000", "sellingGeneralAndAdministrative": "88000000", "researchAndDevelopment": "None", "operatingExpenses": "3827000000", "investmentIncomeNet": "6000000", "netInterestIncome": "-145000000", "interestIncome": "5000000", "interestExpense": "150000000", "nonInterestIncome": "11000000", "otherNonOperatingIncome": "-134000000", "depreciation": "None", "depreciationAndAmortization": "2000000", "incomeBeforeTax": "278000000", "incomeTaxExpense": "-240000000", "interestAndDebtExpense": "145000000", "netIncomeFromContinuingOperations": "456000000", "comprehensiveIncomeNetOfTax": "463000000", "ebit": "519000000", "ebitda": "430000000", "netIncome": "518000000"}, {"fiscalDateEnding": "2017-09-30", "reportedCurrency": "USD", "grossProfit": "816000000", "totalRevenue": "1389000000", "costOfRevenue": "548000000", "costofGoodsAndServicesSold": "44000000", "operatingIncome": "126000000", "sellingGeneralAndAdministrative": "98000000", "researchAndDevelopment": "None", "operatingExpenses": "382000000", "investmentIncomeNet": "3000000", "netInterestIncome": "-101000000", "interestIncome": "None", "interestExpense": "101000000", "nonInterestIncome": "-110000000", "otherNonOperatingIncome": "-41000000", "depreciation": "None", "depreciationAndAmortization": "3000000", "incomeBeforeTax": "51000000", "incomeTaxExpense": "-12000000", "interestAndDebtExpense": "101000000", "netIncomeFromContinuingOperations": "63000000", "comprehensiveIncomeNetOfTax": "172000000", "ebit": "126000000", "ebitda": "155000000", "netIncome": "63000000"}, {"fiscalDateEnding": "2017-06-30", "reportedCurrency": "USD", "grossProfit": "713000000", "totalRevenue": "1346000000", "costOfRevenue": "569000000", "costofGoodsAndServicesSold": "48000000", "operatingIncome": "180000000", "sellingGeneralAndAdministrative": "106000000", "researchAndDevelopment": "None", "operatingExpenses": "257000000", "investmentIncomeNet": "5000000", "netInterestIncome": "-102000000", "interestIncome": "-3000000", "interestExpense": "99000000", "nonInterestIncome": "0", "otherNonOperatingIncome": "59000000", "depreciation": "None", "depreciationAndAmortization": "2000000", "incomeBeforeTax": "-32000000", "incomeTaxExpense": "-604000000", "interestAndDebtExpense": "102000000", "netIncomeFromContinuingOperations": "613000000", "comprehensiveIncomeNetOfTax": "572000000", "ebit": "180000000", "ebitda": "69000000", "netIncome": "572000000"}, {"fiscalDateEnding": "2017-03-31", "reportedCurrency": "USD", "grossProfit": "1272000000", "totalRevenue": "1512000000", "costOfRevenue": "532000000", "costofGoodsAndServicesSold": "57000000", "operatingIncome": "365000000", "sellingGeneralAndAdministrative": "103000000", "researchAndDevelopment": "None", "operatingExpenses": "231000000", "investmentIncomeNet": "5000000", "netInterestIncome": "-102000000", "interestIncome": "-2000000", "interestExpense": "100000000", "nonInterestIncome": "-1000000", "otherNonOperatingIncome": "25000000", "depreciation": "None", "depreciationAndAmortization": "2000000", "incomeBeforeTax": "484000000", "incomeTaxExpense": "271000000", "interestAndDebtExpense": "103000000", "netIncomeFromContinuingOperations": "267000000", "comprehensiveIncomeNetOfTax": "213000000", "ebit": "365000000", "ebitda": "586000000", "netIncome": "213000000"}, {"fiscalDateEnding": "2016-12-31", "reportedCurrency": "USD", "grossProfit": "-144000000", "totalRevenue": "1654000000", "costOfRevenue": "144000000", "costofGoodsAndServicesSold": "-1074000000", "operatingIncome": "111000000", "sellingGeneralAndAdministrative": "112000000", "researchAndDevelopment": "None", "operatingExpenses": "4380000000", "investmentIncomeNet": "2000000", "netInterestIncome": "-152000000", "interestIncome": "None", "interestExpense": "152000000", "nonInterestIncome": "0", "otherNonOperatingIncome": "-4000000", "depreciation": "None", "depreciationAndAmortization": "3000000", "incomeBeforeTax": "-114000000", "incomeTaxExpense": "29000000", "interestAndDebtExpense": "153000000", "netIncomeFromContinuingOperations": "-182000000", "comprehensiveIncomeNetOfTax": "-175000000", "ebit": "111000000", "ebitda": "41000000", "netIncome": "-143000000"}]}