{"symbol": "APH", "annualReports": [{"fiscalDateEnding": "2020-12-31", "reportedCurrency": "USD", "grossProfit": "2664100000", "totalRevenue": "8598900000", "costOfRevenue": "5934800000", "costofGoodsAndServicesSold": "5934800000", "operatingIncome": "1638400000", "sellingGeneralAndAdministrative": "1014200000", "researchAndDevelopment": "260700000", "operatingExpenses": "1336000000", "investmentIncomeNet": "None", "netInterestIncome": "-115400000", "interestIncome": "-115400000", "interestExpense": "115400000", "nonInterestIncome": "8598900000", "otherNonOperatingIncome": "3600000", "depreciation": "252700000", "depreciationAndAmortization": "49600000", "incomeBeforeTax": "1516700000", "incomeTaxExpense": "313300000", "interestAndDebtExpense": "115400000", "netIncomeFromContinuingOperations": "1213300000", "comprehensiveIncomeNetOfTax": "1356200000", "ebit": "1632100000", "ebitda": "1681700000", "netIncome": "1203400000"}, {"fiscalDateEnding": "2019-12-31", "reportedCurrency": "USD", "grossProfit": "2616000000", "totalRevenue": "8225400000", "costOfRevenue": "5609400000", "costofGoodsAndServicesSold": "5609400000", "operatingIncome": "1619200000", "sellingGeneralAndAdministrative": "971400000", "researchAndDevelopment": "234200000", "operatingExpenses": "1298300000", "investmentIncomeNet": "None", "netInterestIncome": "-117600000", "interestIncome": "-117600000", "interestExpense": "117600000", "nonInterestIncome": "8211100000", "otherNonOperatingIncome": "8600000", "depreciation": "240000000", "depreciationAndAmortization": "67300000", "incomeBeforeTax": "1486900000", "incomeTaxExpense": "331900000", "interestAndDebtExpense": "131900000", "netIncomeFromContinuingOperations": "1164000000", "comprehensiveIncomeNetOfTax": "1114300000", "ebit": "1604500000", "ebitda": "1671800000", "netIncome": "1155000000"}, {"fiscalDateEnding": "2018-12-31", "reportedCurrency": "USD", "grossProfit": "2654900000", "totalRevenue": "8202000000", "costOfRevenue": "5547100000", "costofGoodsAndServicesSold": "5547100000", "operatingIncome": "1686900000", "sellingGeneralAndAdministrative": "959500000", "researchAndDevelopment": "220900000", "operatingExpenses": "1235800000", "investmentIncomeNet": "None", "netInterestIncome": "-101700000", "interestIncome": "-101700000", "interestExpense": "101700000", "nonInterestIncome": "8202000000", "otherNonOperatingIncome": "3200000", "depreciation": "247600000", "depreciationAndAmortization": "46900000", "incomeBeforeTax": "1576500000", "incomeTaxExpense": "371500000", "interestAndDebtExpense": "101700000", "netIncomeFromContinuingOperations": "1216900000", "comprehensiveIncomeNetOfTax": "1039300000", "ebit": "1678200000", "ebitda": "1725100000", "netIncome": "1205000000"}, {"fiscalDateEnding": "2017-12-31", "reportedCurrency": "USD", "grossProfit": "2309900000", "totalRevenue": "7011300000", "costOfRevenue": "4701400000", "costofGoodsAndServicesSold": "4701400000", "operatingIncome": "1427600000", "sellingGeneralAndAdministrative": "878300000", "researchAndDevelopment": "193700000", "operatingExpenses": "1124600000", "investmentIncomeNet": "20200000", "netInterestIncome": "-92300000", "interestIncome": "20200000", "interestExpense": "92300000", "nonInterestIncome": "7011300000", "otherNonOperatingIncome": "17100000", "depreciation": "173000000", "depreciationAndAmortization": "48600000", "incomeBeforeTax": "1342200000", "incomeTaxExpense": "691700000", "interestAndDebtExpense": "92300000", "netIncomeFromContinuingOperations": "660700000", "comprehensiveIncomeNetOfTax": "918500000", "ebit": "1434500000", "ebitda": "1483100000", "netIncome": "650500000"}, {"fiscalDateEnding": "2016-12-31", "reportedCurrency": "USD", "grossProfit": "2040000000", "totalRevenue": "6286400000", "costOfRevenue": "4246400000", "costofGoodsAndServicesSold": "4246400000", "operatingIncome": "1205200000", "sellingGeneralAndAdministrative": "798200000", "researchAndDevelopment": "166100000", "operatingExpenses": "1055500000", "investmentIncomeNet": "11500000", "netInterestIncome": "-72600000", "interestIncome": "11500000", "interestExpense": "72600000", "nonInterestIncome": "6286400000", "otherNonOperatingIncome": "8500000", "depreciation": "None", "depreciationAndAmortization": "54600000", "incomeBeforeTax": "1131400000", "incomeTaxExpense": "308500000", "interestAndDebtExpense": "72600000", "netIncomeFromContinuingOperations": "832600000", "comprehensiveIncomeNetOfTax": "703400000", "ebit": "1204000000", "ebitda": "1258600000", "netIncome": "822900000"}], "quarterlyReports": [{"fiscalDateEnding": "2021-09-30", "reportedCurrency": "USD", "grossProfit": "889900000", "totalRevenue": "2818500000", "costOfRevenue": "1928600000", "costofGoodsAndServicesSold": "1928600000", "operatingIncome": "571200000", "sellingGeneralAndAdministrative": "318700000", "researchAndDevelopment": "None", "operatingExpenses": "335100000", "investmentIncomeNet": "None", "netInterestIncome": "-29000000", "interestIncome": "-29000000", "interestExpense": "29000000", "nonInterestIncome": "2818500000", "otherNonOperatingIncome": "0", "depreciation": "None", "depreciationAndAmortization": "16400000", "incomeBeforeTax": "547000000", "incomeTaxExpense": "120500000", "interestAndDebtExpense": "29000000", "netIncomeFromContinuingOperations": "418800000", "comprehensiveIncomeNetOfTax": "391300000", "ebit": "576000000", "ebitda": "592400000", "netIncome": "426500000"}, {"fiscalDateEnding": "2021-06-30", "reportedCurrency": "USD", "grossProfit": "843200000", "totalRevenue": "2653900000", "costOfRevenue": "1810700000", "costofGoodsAndServicesSold": "1810700000", "operatingIncome": "476200000", "sellingGeneralAndAdministrative": "311600000", "researchAndDevelopment": "None", "operatingExpenses": "399600000", "investmentIncomeNet": "None", "netInterestIncome": "-29100000", "interestIncome": "-29100000", "interestExpense": "29100000", "nonInterestIncome": "2653900000", "otherNonOperatingIncome": "0", "depreciation": "None", "depreciationAndAmortization": "32600000", "incomeBeforeTax": "447900000", "incomeTaxExpense": "78100000", "interestAndDebtExpense": "29100000", "netIncomeFromContinuingOperations": "367200000", "comprehensiveIncomeNetOfTax": "404500000", "ebit": "477000000", "ebitda": "509600000", "netIncome": "369800000"}, {"fiscalDateEnding": "2021-03-31", "reportedCurrency": "USD", "grossProfit": "727500000", "totalRevenue": "2377100000", "costOfRevenue": "1649600000", "costofGoodsAndServicesSold": "1649600000", "operatingIncome": "464800000", "sellingGeneralAndAdministrative": "262700000", "researchAndDevelopment": "None", "operatingExpenses": "275000000", "investmentIncomeNet": "None", "netInterestIncome": "-28600000", "interestIncome": "-28600000", "interestExpense": "28600000", "nonInterestIncome": "2377100000", "otherNonOperatingIncome": "-300000", "depreciation": "None", "depreciationAndAmortization": "12300000", "incomeBeforeTax": "433700000", "incomeTaxExpense": "104100000", "interestAndDebtExpense": "28600000", "netIncomeFromContinuingOperations": "329500000", "comprehensiveIncomeNetOfTax": "272700000", "ebit": "462300000", "ebitda": "474600000", "netIncome": "329600000"}, {"fiscalDateEnding": "2020-12-31", "reportedCurrency": "USD", "grossProfit": "765600000", "totalRevenue": "2426000000", "costOfRevenue": "1660400000", "costofGoodsAndServicesSold": "1660400000", "operatingIncome": "488400000", "sellingGeneralAndAdministrative": "265800000", "researchAndDevelopment": "None", "operatingExpenses": "11500000", "investmentIncomeNet": "None", "netInterestIncome": "-28300000", "interestIncome": "-28300000", "interestExpense": "28300000", "nonInterestIncome": "2426000000", "otherNonOperatingIncome": "200000", "depreciation": "None", "depreciationAndAmortization": "12000000", "incomeBeforeTax": "457000000", "incomeTaxExpense": "100000000", "interestAndDebtExpense": "28300000", "netIncomeFromContinuingOperations": "488400000", "comprehensiveIncomeNetOfTax": "467300000", "ebit": "485300000", "ebitda": "497300000", "netIncome": "357000000"}, {"fiscalDateEnding": "2020-09-30", "reportedCurrency": "USD", "grossProfit": "734900000", "totalRevenue": "2323400000", "costOfRevenue": "1588500000", "costofGoodsAndServicesSold": "1588500000", "operatingIncome": "475800000", "sellingGeneralAndAdministrative": "259100000", "researchAndDevelopment": "None", "operatingExpenses": "271400000", "investmentIncomeNet": "None", "netInterestIncome": "-28000000", "interestIncome": "-28000000", "interestExpense": "28000000", "nonInterestIncome": "2323400000", "otherNonOperatingIncome": "1000000", "depreciation": "None", "depreciationAndAmortization": "12300000", "incomeBeforeTax": "445900000", "incomeTaxExpense": "99300000", "interestAndDebtExpense": "28000000", "netIncomeFromContinuingOperations": "346600000", "comprehensiveIncomeNetOfTax": "452800000", "ebit": "473900000", "ebitda": "486200000", "netIncome": "346600000"}, {"fiscalDateEnding": "2020-06-30", "reportedCurrency": "USD", "grossProfit": "603800000", "totalRevenue": "1987500000", "costOfRevenue": "1383700000", "costofGoodsAndServicesSold": "1383700000", "operatingIncome": "357400000", "sellingGeneralAndAdministrative": "246400000", "researchAndDevelopment": "None", "operatingExpenses": "258900000", "investmentIncomeNet": "None", "netInterestIncome": "-30200000", "interestIncome": "-30200000", "interestExpense": "30200000", "nonInterestIncome": "1987500000", "otherNonOperatingIncome": "1300000", "depreciation": "None", "depreciationAndAmortization": "12500000", "incomeBeforeTax": "325700000", "incomeTaxExpense": "68000000", "interestAndDebtExpense": "30200000", "netIncomeFromContinuingOperations": "257700000", "comprehensiveIncomeNetOfTax": "288200000", "ebit": "355900000", "ebitda": "368400000", "netIncome": "257700000"}, {"fiscalDateEnding": "2020-03-31", "reportedCurrency": "USD", "grossProfit": "559800000", "totalRevenue": "1862000000", "costOfRevenue": "1302200000", "costofGoodsAndServicesSold": "1302200000", "operatingIncome": "316900000", "sellingGeneralAndAdministrative": "242900000", "researchAndDevelopment": "None", "operatingExpenses": "255800000", "investmentIncomeNet": "None", "netInterestIncome": "-28800000", "interestIncome": "-28800000", "interestExpense": "28800000", "nonInterestIncome": "1862000000", "otherNonOperatingIncome": "1100000", "depreciation": "None", "depreciationAndAmortization": "12900000", "incomeBeforeTax": "288100000", "incomeTaxExpense": "46000000", "interestAndDebtExpense": "28800000", "netIncomeFromContinuingOperations": "242100000", "comprehensiveIncomeNetOfTax": "147900000", "ebit": "316900000", "ebitda": "329800000", "netIncome": "242100000"}, {"fiscalDateEnding": "2019-12-31", "reportedCurrency": "USD", "grossProfit": "678700000", "totalRevenue": "2151000000", "costOfRevenue": "1472300000", "costofGoodsAndServicesSold": "1472300000", "operatingIncome": "429800000", "sellingGeneralAndAdministrative": "248900000", "researchAndDevelopment": "234200000", "operatingExpenses": "496400000", "investmentIncomeNet": "None", "netInterestIncome": "-28100000", "interestIncome": "-28100000", "interestExpense": "28100000", "nonInterestIncome": "2151000000", "otherNonOperatingIncome": "1000000", "depreciation": "None", "depreciationAndAmortization": "13300000", "incomeBeforeTax": "400600000", "incomeTaxExpense": "81900000", "interestAndDebtExpense": "28100000", "netIncomeFromContinuingOperations": "429800000", "comprehensiveIncomeNetOfTax": "381500000", "ebit": "428700000", "ebitda": "442000000", "netIncome": "318700000"}, {"fiscalDateEnding": "2019-09-30", "reportedCurrency": "USD", "grossProfit": "661900000", "totalRevenue": "2100600000", "costOfRevenue": "1438700000", "costofGoodsAndServicesSold": "1438700000", "operatingIncome": "413600000", "sellingGeneralAndAdministrative": "248300000", "researchAndDevelopment": "234200000", "operatingExpenses": "261900000", "investmentIncomeNet": "None", "netInterestIncome": "-29700000", "interestIncome": "-29700000", "interestExpense": "29700000", "nonInterestIncome": "2086300000", "otherNonOperatingIncome": "4500000", "depreciation": "None", "depreciationAndAmortization": "13600000", "incomeBeforeTax": "372100000", "incomeTaxExpense": "91800000", "interestAndDebtExpense": "44000000", "netIncomeFromContinuingOperations": "282300000", "comprehensiveIncomeNetOfTax": "183500000", "ebit": "401800000", "ebitda": "415400000", "netIncome": "280300000"}, {"fiscalDateEnding": "2019-06-30", "reportedCurrency": "USD", "grossProfit": "647600000", "totalRevenue": "2015300000", "costOfRevenue": "1367700000", "costofGoodsAndServicesSold": "1367700000", "operatingIncome": "399500000", "sellingGeneralAndAdministrative": "239200000", "researchAndDevelopment": "234200000", "operatingExpenses": "263700000", "investmentIncomeNet": "None", "netInterestIncome": "-30000000", "interestIncome": "-30000000", "interestExpense": "30000000", "nonInterestIncome": "2015300000", "otherNonOperatingIncome": "100000", "depreciation": "None", "depreciationAndAmortization": "15600000", "incomeBeforeTax": "367100000", "incomeTaxExpense": "78700000", "interestAndDebtExpense": "30000000", "netIncomeFromContinuingOperations": "290900000", "comprehensiveIncomeNetOfTax": "276300000", "ebit": "397100000", "ebitda": "412700000", "netIncome": "288400000"}, {"fiscalDateEnding": "2019-03-31", "reportedCurrency": "USD", "grossProfit": "627800000", "totalRevenue": "1958500000", "costOfRevenue": "1330700000", "costofGoodsAndServicesSold": "1330700000", "operatingIncome": "376200000", "sellingGeneralAndAdministrative": "235100000", "researchAndDevelopment": "234200000", "operatingExpenses": "276400000", "investmentIncomeNet": "None", "netInterestIncome": "-29700000", "interestIncome": "None", "interestExpense": "29700000", "nonInterestIncome": "1958500000", "otherNonOperatingIncome": "3000000", "depreciation": "None", "depreciationAndAmortization": "24800000", "incomeBeforeTax": "347100000", "incomeTaxExpense": "79600000", "interestAndDebtExpense": "29700000", "netIncomeFromContinuingOperations": "269900000", "comprehensiveIncomeNetOfTax": "272900000", "ebit": "376800000", "ebitda": "401600000", "netIncome": "267500000"}, {"fiscalDateEnding": "2018-12-31", "reportedCurrency": "USD", "grossProfit": "715000000", "totalRevenue": "2224700000", "costOfRevenue": "1509700000", "costofGoodsAndServicesSold": "1509700000", "operatingIncome": "457600000", "sellingGeneralAndAdministrative": "248900000", "researchAndDevelopment": "220900000", "operatingExpenses": "8500000", "investmentIncomeNet": "None", "netInterestIncome": "-26400000", "interestIncome": "None", "interestExpense": "26400000", "nonInterestIncome": "2224700000", "otherNonOperatingIncome": "700000", "depreciation": "None", "depreciationAndAmortization": "11500000", "incomeBeforeTax": "428800000", "incomeTaxExpense": "90700000", "interestAndDebtExpense": "26400000", "netIncomeFromContinuingOperations": "457600000", "comprehensiveIncomeNetOfTax": "308700000", "ebit": "455200000", "ebitda": "466700000", "netIncome": "338100000"}, {"fiscalDateEnding": "2018-09-30", "reportedCurrency": "USD", "grossProfit": "688200000", "totalRevenue": "2129000000", "costOfRevenue": "1440800000", "costofGoodsAndServicesSold": "1440800000", "operatingIncome": "444200000", "sellingGeneralAndAdministrative": "244000000", "researchAndDevelopment": "220900000", "operatingExpenses": "255600000", "investmentIncomeNet": "None", "netInterestIncome": "-24800000", "interestIncome": "None", "interestExpense": "24800000", "nonInterestIncome": "2129000000", "otherNonOperatingIncome": "200000", "depreciation": "None", "depreciationAndAmortization": "11600000", "incomeBeforeTax": "416600000", "incomeTaxExpense": "100000000", "interestAndDebtExpense": "24800000", "netIncomeFromContinuingOperations": "319600000", "comprehensiveIncomeNetOfTax": "267900000", "ebit": "441400000", "ebitda": "453000000", "netIncome": "316600000"}, {"fiscalDateEnding": "2018-06-30", "reportedCurrency": "USD", "grossProfit": "644800000", "totalRevenue": "1981400000", "costOfRevenue": "1336600000", "costofGoodsAndServicesSold": "1336600000", "operatingIncome": "408200000", "sellingGeneralAndAdministrative": "236600000", "researchAndDevelopment": "220900000", "operatingExpenses": "248500000", "investmentIncomeNet": "None", "netInterestIncome": "-26000000", "interestIncome": "None", "interestExpense": "26000000", "nonInterestIncome": "1981400000", "otherNonOperatingIncome": "100000", "depreciation": "None", "depreciationAndAmortization": "11900000", "incomeBeforeTax": "379300000", "incomeTaxExpense": "94500000", "interestAndDebtExpense": "26000000", "netIncomeFromContinuingOperations": "287800000", "comprehensiveIncomeNetOfTax": "135800000", "ebit": "405300000", "ebitda": "417200000", "netIncome": "284800000"}, {"fiscalDateEnding": "2018-03-31", "reportedCurrency": "USD", "grossProfit": "606900000", "totalRevenue": "1866900000", "costOfRevenue": "1260000000", "costofGoodsAndServicesSold": "1260000000", "operatingIncome": "376900000", "sellingGeneralAndAdministrative": "230000000", "researchAndDevelopment": "220900000", "operatingExpenses": "241900000", "investmentIncomeNet": "None", "netInterestIncome": "-24500000", "interestIncome": "None", "interestExpense": "24500000", "nonInterestIncome": "1866900000", "otherNonOperatingIncome": "2300000", "depreciation": "None", "depreciationAndAmortization": "11900000", "incomeBeforeTax": "352000000", "incomeTaxExpense": "86400000", "interestAndDebtExpense": "24500000", "netIncomeFromContinuingOperations": "268300000", "comprehensiveIncomeNetOfTax": "326900000", "ebit": "376500000", "ebitda": "388400000", "netIncome": "265600000"}, {"fiscalDateEnding": "2017-12-31", "reportedCurrency": "USD", "grossProfit": "635400000", "totalRevenue": "1944000000", "costOfRevenue": "1308600000", "costofGoodsAndServicesSold": "1308600000", "operatingIncome": "399400000", "sellingGeneralAndAdministrative": "235900000", "researchAndDevelopment": "193700000", "operatingExpenses": "441800000", "investmentIncomeNet": "None", "netInterestIncome": "-25000000", "interestIncome": "None", "interestExpense": "25000000", "nonInterestIncome": "1943900000", "otherNonOperatingIncome": "4200000", "depreciation": "None", "depreciationAndAmortization": "12200000", "incomeBeforeTax": "375600000", "incomeTaxExpense": "479000000", "interestAndDebtExpense": "25000000", "netIncomeFromContinuingOperations": "399400000", "comprehensiveIncomeNetOfTax": "-18200000", "ebit": "400600000", "ebitda": "412800000", "netIncome": "-103400000"}, {"fiscalDateEnding": "2017-09-30", "reportedCurrency": "USD", "grossProfit": "606100000", "totalRevenue": "1840800000", "costOfRevenue": "1234700000", "costofGoodsAndServicesSold": "1234700000", "operatingIncome": "377900000", "sellingGeneralAndAdministrative": "228200000", "researchAndDevelopment": "None", "operatingExpenses": "240500000", "investmentIncomeNet": "None", "netInterestIncome": "-24600000", "interestIncome": "None", "interestExpense": "24600000", "nonInterestIncome": "1840800000", "otherNonOperatingIncome": "5100000", "depreciation": "None", "depreciationAndAmortization": "12300000", "incomeBeforeTax": "355600000", "incomeTaxExpense": "78100000", "interestAndDebtExpense": "24600000", "netIncomeFromContinuingOperations": "280300000", "comprehensiveIncomeNetOfTax": "332400000", "ebit": "380200000", "ebitda": "392500000", "netIncome": "277500000"}, {"fiscalDateEnding": "2017-06-30", "reportedCurrency": "USD", "grossProfit": "552600000", "totalRevenue": "1666500000", "costOfRevenue": "1113900000", "costofGoodsAndServicesSold": "1113900000", "operatingIncome": "336200000", "sellingGeneralAndAdministrative": "212400000", "researchAndDevelopment": "None", "operatingExpenses": "228400000", "investmentIncomeNet": "None", "netInterestIncome": "-23400000", "interestIncome": "None", "interestExpense": "23400000", "nonInterestIncome": "1666500000", "otherNonOperatingIncome": "4400000", "depreciation": "None", "depreciationAndAmortization": "12000000", "incomeBeforeTax": "315100000", "incomeTaxExpense": "63600000", "interestAndDebtExpense": "23400000", "netIncomeFromContinuingOperations": "253600000", "comprehensiveIncomeNetOfTax": "312900000", "ebit": "338500000", "ebitda": "350500000", "netIncome": "251500000"}, {"fiscalDateEnding": "2017-03-31", "reportedCurrency": "USD", "grossProfit": "515900000", "totalRevenue": "1560100000", "costOfRevenue": "1044200000", "costofGoodsAndServicesSold": "1044200000", "operatingIncome": "314100000", "sellingGeneralAndAdministrative": "201800000", "researchAndDevelopment": "None", "operatingExpenses": "213800000", "investmentIncomeNet": "None", "netInterestIncome": "-19300000", "interestIncome": "None", "interestExpense": "19300000", "nonInterestIncome": "1560100000", "otherNonOperatingIncome": "3600000", "depreciation": "None", "depreciationAndAmortization": "12000000", "incomeBeforeTax": "296000000", "incomeTaxExpense": "71100000", "interestAndDebtExpense": "19300000", "netIncomeFromContinuingOperations": "227300000", "comprehensiveIncomeNetOfTax": "291600000", "ebit": "315300000", "ebitda": "327300000", "netIncome": "224900000"}, {"fiscalDateEnding": "2016-12-31", "reportedCurrency": "USD", "grossProfit": "546100000", "totalRevenue": "1651100000", "costOfRevenue": "434400000", "costofGoodsAndServicesSold": "1105100000", "operatingIncome": "339100000", "sellingGeneralAndAdministrative": "206900000", "researchAndDevelopment": "166100000", "operatingExpenses": "384800000", "investmentIncomeNet": "None", "netInterestIncome": "-18400000", "interestIncome": "None", "interestExpense": "18400000", "nonInterestIncome": "None", "otherNonOperatingIncome": "3500000", "depreciation": "None", "depreciationAndAmortization": "11800000", "incomeBeforeTax": "321300000", "incomeTaxExpense": "85900000", "interestAndDebtExpense": "18400000", "netIncomeFromContinuingOperations": "339100000", "comprehensiveIncomeNetOfTax": "63700000", "ebit": "339700000", "ebitda": "351500000", "netIncome": "235400000"}]}