{"symbol": "APTV", "annualReports": [{"fiscalDateEnding": "2020-12-31", "reportedCurrency": "USD", "grossProfit": "1940000000", "totalRevenue": "13066000000", "costOfRevenue": "11126000000", "costofGoodsAndServicesSold": "11126000000", "operatingIncome": "2118000000", "sellingGeneralAndAdministrative": "976000000", "researchAndDevelopment": "1024000000", "operatingExpenses": "2952000000", "investmentIncomeNet": "9000000", "netInterestIncome": "-164000000", "interestIncome": "8000000", "interestExpense": "164000000", "nonInterestIncome": "0", "otherNonOperatingIncome": "6000000", "depreciation": "620000000", "depreciationAndAmortization": "764000000", "incomeBeforeTax": "1853000000", "incomeTaxExpense": "49000000", "interestAndDebtExpense": "164000000", "netIncomeFromContinuingOperations": "1804000000", "comprehensiveIncomeNetOfTax": "1978000000", "ebit": "2017000000", "ebitda": "2781000000", "netIncome": "1804000000"}, {"fiscalDateEnding": "2019-12-31", "reportedCurrency": "USD", "grossProfit": "2646000000", "totalRevenue": "14357000000", "costOfRevenue": "11711000000", "costofGoodsAndServicesSold": "11711000000", "operatingIncome": "1276000000", "sellingGeneralAndAdministrative": "1076000000", "researchAndDevelopment": "1165000000", "operatingExpenses": "3125000000", "investmentIncomeNet": "9000000", "netInterestIncome": "-164000000", "interestIncome": "13000000", "interestExpense": "164000000", "nonInterestIncome": "-6000000", "otherNonOperatingIncome": "20000000", "depreciation": "571000000", "depreciationAndAmortization": "717000000", "incomeBeforeTax": "1122000000", "incomeTaxExpense": "132000000", "interestAndDebtExpense": "170000000", "netIncomeFromContinuingOperations": "990000000", "comprehensiveIncomeNetOfTax": "974000000", "ebit": "1286000000", "ebitda": "2003000000", "netIncome": "990000000"}, {"fiscalDateEnding": "2018-12-31", "reportedCurrency": "USD", "grossProfit": "2729000000", "totalRevenue": "14435000000", "costOfRevenue": "11706000000", "costofGoodsAndServicesSold": "11706000000", "operatingIncome": "1473000000", "sellingGeneralAndAdministrative": "993000000", "researchAndDevelopment": "1155000000", "operatingExpenses": "3033000000", "investmentIncomeNet": "12000000", "netInterestIncome": "-141000000", "interestIncome": "21000000", "interestExpense": "141000000", "nonInterestIncome": "0", "otherNonOperatingIncome": "36000000", "depreciation": "522000000", "depreciationAndAmortization": "676000000", "incomeBeforeTax": "1317000000", "incomeTaxExpense": "250000000", "interestAndDebtExpense": "141000000", "netIncomeFromContinuingOperations": "1067000000", "comprehensiveIncomeNetOfTax": "844000000", "ebit": "1458000000", "ebitda": "2134000000", "netIncome": "1067000000"}, {"fiscalDateEnding": "2017-12-31", "reportedCurrency": "USD", "grossProfit": "2614000000", "totalRevenue": "12884000000", "costOfRevenue": "10270000000", "costofGoodsAndServicesSold": "10270000000", "operatingIncome": "1416000000", "sellingGeneralAndAdministrative": "952000000", "researchAndDevelopment": "882000000", "operatingExpenses": "2564000000", "investmentIncomeNet": "15000000", "netInterestIncome": "-140000000", "interestIncome": "7000000", "interestExpense": "140000000", "nonInterestIncome": "0", "otherNonOperatingIncome": "8000000", "depreciation": "429000000", "depreciationAndAmortization": "546000000", "incomeBeforeTax": "1578000000", "incomeTaxExpense": "223000000", "interestAndDebtExpense": "140000000", "netIncomeFromContinuingOperations": "1021000000", "comprehensiveIncomeNetOfTax": "1686000000", "ebit": "1718000000", "ebitda": "2264000000", "netIncome": "1355000000"}, {"fiscalDateEnding": "2016-12-31", "reportedCurrency": "USD", "grossProfit": "2747000000", "totalRevenue": "12274000000", "costOfRevenue": "9527000000", "costofGoodsAndServicesSold": "9527000000", "operatingIncome": "1539000000", "sellingGeneralAndAdministrative": "924000000", "researchAndDevelopment": "800000000", "operatingExpenses": "3280000000", "investmentIncomeNet": "17000000", "netInterestIncome": "-156000000", "interestIncome": "-1000000", "interestExpense": "155000000", "nonInterestIncome": "-73000000", "otherNonOperatingIncome": "9000000", "depreciation": "372000000", "depreciationAndAmortization": "489000000", "incomeBeforeTax": "1424000000", "incomeTaxExpense": "167000000", "interestAndDebtExpense": "229000000", "netIncomeFromContinuingOperations": "834000000", "comprehensiveIncomeNetOfTax": "1075000000", "ebit": "1579000000", "ebitda": "2068000000", "netIncome": "1257000000"}], "quarterlyReports": [{"fiscalDateEnding": "2021-09-30", "reportedCurrency": "USD", "grossProfit": "54000000", "totalRevenue": "3654000000", "costOfRevenue": "3600000000", "costofGoodsAndServicesSold": "3138000000", "operatingIncome": "215000000", "sellingGeneralAndAdministrative": "263000000", "researchAndDevelopment": "None", "operatingExpenses": "457000000", "investmentIncomeNet": "None", "netInterestIncome": "-36000000", "interestIncome": "3000000", "interestExpense": "36000000", "nonInterestIncome": "None", "otherNonOperatingIncome": "4000000", "depreciation": "156000000", "depreciationAndAmortization": "193000000", "incomeBeforeTax": "126000000", "incomeTaxExpense": "25000000", "interestAndDebtExpense": "36000000", "netIncomeFromContinuingOperations": "101000000", "comprehensiveIncomeNetOfTax": "-32000000", "ebit": "162000000", "ebitda": "355000000", "netIncome": "101000000"}, {"fiscalDateEnding": "2021-06-30", "reportedCurrency": "USD", "grossProfit": "116000000", "totalRevenue": "3807000000", "costOfRevenue": "3691000000", "costofGoodsAndServicesSold": "3205000000", "operatingIncome": "285000000", "sellingGeneralAndAdministrative": "266000000", "researchAndDevelopment": "None", "operatingExpenses": "477000000", "investmentIncomeNet": "4000000", "netInterestIncome": "-38000000", "interestIncome": "None", "interestExpense": "38000000", "nonInterestIncome": "None", "otherNonOperatingIncome": "-1000000", "depreciation": "160000000", "depreciationAndAmortization": "197000000", "incomeBeforeTax": "191000000", "incomeTaxExpense": "28000000", "interestAndDebtExpense": "38000000", "netIncomeFromContinuingOperations": "163000000", "comprehensiveIncomeNetOfTax": "233000000", "ebit": "229000000", "ebitda": "426000000", "netIncome": "163000000"}, {"fiscalDateEnding": "2021-03-31", "reportedCurrency": "USD", "grossProfit": "278000000", "totalRevenue": "4023000000", "costOfRevenue": "3745000000", "costofGoodsAndServicesSold": "3296000000", "operatingIncome": "429000000", "sellingGeneralAndAdministrative": "255000000", "researchAndDevelopment": "None", "operatingExpenses": "454000000", "investmentIncomeNet": "None", "netInterestIncome": "-40000000", "interestIncome": "3000000", "interestExpense": "40000000", "nonInterestIncome": "None", "otherNonOperatingIncome": "3000000", "depreciation": "156000000", "depreciationAndAmortization": "193000000", "incomeBeforeTax": "343000000", "incomeTaxExpense": "48000000", "interestAndDebtExpense": "40000000", "netIncomeFromContinuingOperations": "295000000", "comprehensiveIncomeNetOfTax": "204000000", "ebit": "383000000", "ebitda": "576000000", "netIncome": "295000000"}, {"fiscalDateEnding": "2020-12-31", "reportedCurrency": "USD", "grossProfit": "779000000", "totalRevenue": "4212000000", "costOfRevenue": "3433000000", "costofGoodsAndServicesSold": "3433000000", "operatingIncome": "446000000", "sellingGeneralAndAdministrative": "278000000", "researchAndDevelopment": "None", "operatingExpenses": "1574000000", "investmentIncomeNet": "None", "netInterestIncome": "-39000000", "interestIncome": "2000000", "interestExpense": "39000000", "nonInterestIncome": "0", "otherNonOperatingIncome": "-2000000", "depreciation": "171000000", "depreciationAndAmortization": "208000000", "incomeBeforeTax": "354000000", "incomeTaxExpense": "55000000", "interestAndDebtExpense": "39000000", "netIncomeFromContinuingOperations": "315000000", "comprehensiveIncomeNetOfTax": "522000000", "ebit": "393000000", "ebitda": "601000000", "netIncome": "299000000"}, {"fiscalDateEnding": "2020-09-30", "reportedCurrency": "USD", "grossProfit": "647000000", "totalRevenue": "3668000000", "costOfRevenue": "3021000000", "costofGoodsAndServicesSold": "3021000000", "operatingIncome": "364000000", "sellingGeneralAndAdministrative": "229000000", "researchAndDevelopment": "None", "operatingExpenses": "439000000", "investmentIncomeNet": "6000000", "netInterestIncome": "-38000000", "interestIncome": "2000000", "interestExpense": "38000000", "nonInterestIncome": "0", "otherNonOperatingIncome": "5000000", "depreciation": "156000000", "depreciationAndAmortization": "192000000", "incomeBeforeTax": "297000000", "incomeTaxExpense": "-2000000", "interestAndDebtExpense": "38000000", "netIncomeFromContinuingOperations": "299000000", "comprehensiveIncomeNetOfTax": "425000000", "ebit": "335000000", "ebitda": "527000000", "netIncome": "299000000"}, {"fiscalDateEnding": "2020-06-30", "reportedCurrency": "USD", "grossProfit": "13000000", "totalRevenue": "1960000000", "costOfRevenue": "1947000000", "costofGoodsAndServicesSold": "1947000000", "operatingIncome": "-311000000", "sellingGeneralAndAdministrative": "217000000", "researchAndDevelopment": "None", "operatingExpenses": "477000000", "investmentIncomeNet": "None", "netInterestIncome": "-44000000", "interestIncome": "1000000", "interestExpense": "44000000", "nonInterestIncome": "0", "otherNonOperatingIncome": "2000000", "depreciation": "149000000", "depreciationAndAmortization": "184000000", "incomeBeforeTax": "-380000000", "incomeTaxExpense": "-14000000", "interestAndDebtExpense": "44000000", "netIncomeFromContinuingOperations": "-366000000", "comprehensiveIncomeNetOfTax": "-269000000", "ebit": "-336000000", "ebitda": "-152000000", "netIncome": "-366000000"}, {"fiscalDateEnding": "2020-03-31", "reportedCurrency": "USD", "grossProfit": "501000000", "totalRevenue": "3226000000", "costOfRevenue": "2725000000", "costofGoodsAndServicesSold": "2725000000", "operatingIncome": "1619000000", "sellingGeneralAndAdministrative": "252000000", "researchAndDevelopment": "None", "operatingExpenses": "460000000", "investmentIncomeNet": "None", "netInterestIncome": "-43000000", "interestIncome": "3000000", "interestExpense": "43000000", "nonInterestIncome": "0", "otherNonOperatingIncome": "1000000", "depreciation": "144000000", "depreciationAndAmortization": "180000000", "incomeBeforeTax": "1582000000", "incomeTaxExpense": "10000000", "interestAndDebtExpense": "43000000", "netIncomeFromContinuingOperations": "1572000000", "comprehensiveIncomeNetOfTax": "1300000000", "ebit": "1625000000", "ebitda": "1805000000", "netIncome": "1572000000"}, {"fiscalDateEnding": "2019-12-31", "reportedCurrency": "USD", "grossProfit": "687000000", "totalRevenue": "3596000000", "costOfRevenue": "2909000000", "costofGoodsAndServicesSold": "2909000000", "operatingIncome": "324000000", "sellingGeneralAndAdministrative": "298000000", "researchAndDevelopment": "None", "operatingExpenses": "1681000000", "investmentIncomeNet": "6000000", "netInterestIncome": "-41000000", "interestIncome": "2000000", "interestExpense": "41000000", "nonInterestIncome": "0", "otherNonOperatingIncome": "0", "depreciation": "143000000", "depreciationAndAmortization": "178000000", "incomeBeforeTax": "260000000", "incomeTaxExpense": "30000000", "interestAndDebtExpense": "41000000", "netIncomeFromContinuingOperations": "230000000", "comprehensiveIncomeNetOfTax": "317000000", "ebit": "301000000", "ebitda": "479000000", "netIncome": "230000000"}, {"fiscalDateEnding": "2019-09-30", "reportedCurrency": "USD", "grossProfit": "677000000", "totalRevenue": "3559000000", "costOfRevenue": "2882000000", "costofGoodsAndServicesSold": "2882000000", "operatingIncome": "320000000", "sellingGeneralAndAdministrative": "262000000", "researchAndDevelopment": "None", "operatingExpenses": "502000000", "investmentIncomeNet": "None", "netInterestIncome": "-42000000", "interestIncome": "3000000", "interestExpense": "42000000", "nonInterestIncome": "0", "otherNonOperatingIncome": "9000000", "depreciation": "144000000", "depreciationAndAmortization": "178000000", "incomeBeforeTax": "284000000", "incomeTaxExpense": "38000000", "interestAndDebtExpense": "42000000", "netIncomeFromContinuingOperations": "246000000", "comprehensiveIncomeNetOfTax": "139000000", "ebit": "326000000", "ebitda": "504000000", "netIncome": "246000000"}, {"fiscalDateEnding": "2019-06-30", "reportedCurrency": "USD", "grossProfit": "669000000", "totalRevenue": "3627000000", "costOfRevenue": "2958000000", "costofGoodsAndServicesSold": "2958000000", "operatingIncome": "335000000", "sellingGeneralAndAdministrative": "260000000", "researchAndDevelopment": "None", "operatingExpenses": "489000000", "investmentIncomeNet": "3000000", "netInterestIncome": "-43000000", "interestIncome": "5000000", "interestExpense": "43000000", "nonInterestIncome": "0", "otherNonOperatingIncome": "6000000", "depreciation": "145000000", "depreciationAndAmortization": "188000000", "incomeBeforeTax": "305000000", "incomeTaxExpense": "31000000", "interestAndDebtExpense": "43000000", "netIncomeFromContinuingOperations": "274000000", "comprehensiveIncomeNetOfTax": "257000000", "ebit": "348000000", "ebitda": "536000000", "netIncome": "274000000"}, {"fiscalDateEnding": "2019-03-31", "reportedCurrency": "USD", "grossProfit": "613000000", "totalRevenue": "3575000000", "costOfRevenue": "2962000000", "costofGoodsAndServicesSold": "2962000000", "operatingIncome": "297000000", "sellingGeneralAndAdministrative": "256000000", "researchAndDevelopment": "None", "operatingExpenses": "455000000", "investmentIncomeNet": "None", "netInterestIncome": "-38000000", "interestIncome": "-35000000", "interestExpense": "38000000", "nonInterestIncome": "-6000000", "otherNonOperatingIncome": "5000000", "depreciation": "139000000", "depreciationAndAmortization": "173000000", "incomeBeforeTax": "273000000", "incomeTaxExpense": "33000000", "interestAndDebtExpense": "44000000", "netIncomeFromContinuingOperations": "240000000", "comprehensiveIncomeNetOfTax": "261000000", "ebit": "311000000", "ebitda": "484000000", "netIncome": "240000000"}, {"fiscalDateEnding": "2018-12-31", "reportedCurrency": "USD", "grossProfit": "669000000", "totalRevenue": "3636000000", "costOfRevenue": "2967000000", "costofGoodsAndServicesSold": "2967000000", "operatingIncome": "355000000", "sellingGeneralAndAdministrative": "242000000", "researchAndDevelopment": "1200000000", "operatingExpenses": "1701000000", "investmentIncomeNet": "4000000", "netInterestIncome": "-37000000", "interestIncome": "None", "interestExpense": "37000000", "nonInterestIncome": "0", "otherNonOperatingIncome": "6000000", "depreciation": "139000000", "depreciationAndAmortization": "202000000", "incomeBeforeTax": "289000000", "incomeTaxExpense": "42000000", "interestAndDebtExpense": "37000000", "netIncomeFromContinuingOperations": "247000000", "comprehensiveIncomeNetOfTax": "191000000", "ebit": "326000000", "ebitda": "528000000", "netIncome": "247000000"}, {"fiscalDateEnding": "2018-09-30", "reportedCurrency": "USD", "grossProfit": "651000000", "totalRevenue": "3485000000", "costOfRevenue": "2834000000", "costofGoodsAndServicesSold": "2834000000", "operatingIncome": "323000000", "sellingGeneralAndAdministrative": "232000000", "researchAndDevelopment": "None", "operatingExpenses": "461000000", "investmentIncomeNet": "None", "netInterestIncome": "-34000000", "interestIncome": "None", "interestExpense": "34000000", "nonInterestIncome": "0", "otherNonOperatingIncome": "4000000", "depreciation": "132000000", "depreciationAndAmortization": "163000000", "incomeBeforeTax": "288000000", "incomeTaxExpense": "66000000", "interestAndDebtExpense": "34000000", "netIncomeFromContinuingOperations": "222000000", "comprehensiveIncomeNetOfTax": "206000000", "ebit": "322000000", "ebitda": "485000000", "netIncome": "222000000"}, {"fiscalDateEnding": "2018-06-30", "reportedCurrency": "USD", "grossProfit": "726000000", "totalRevenue": "3684000000", "costOfRevenue": "2958000000", "costofGoodsAndServicesSold": "2958000000", "operatingIncome": "421000000", "sellingGeneralAndAdministrative": "260000000", "researchAndDevelopment": "None", "operatingExpenses": "448000000", "investmentIncomeNet": "None", "netInterestIncome": "-36000000", "interestIncome": "None", "interestExpense": "36000000", "nonInterestIncome": "0", "otherNonOperatingIncome": "6000000", "depreciation": "126000000", "depreciationAndAmortization": "156000000", "incomeBeforeTax": "374000000", "incomeTaxExpense": "83000000", "interestAndDebtExpense": "36000000", "netIncomeFromContinuingOperations": "291000000", "comprehensiveIncomeNetOfTax": "105000000", "ebit": "410000000", "ebitda": "566000000", "netIncome": "291000000"}, {"fiscalDateEnding": "2018-03-31", "reportedCurrency": "USD", "grossProfit": "683000000", "totalRevenue": "3630000000", "costOfRevenue": "2947000000", "costofGoodsAndServicesSold": "2947000000", "operatingIncome": "374000000", "sellingGeneralAndAdministrative": "259000000", "researchAndDevelopment": "None", "operatingExpenses": "423000000", "investmentIncomeNet": "None", "netInterestIncome": "-34000000", "interestIncome": "None", "interestExpense": "34000000", "nonInterestIncome": "0", "otherNonOperatingIncome": "20000000", "depreciation": "125000000", "depreciationAndAmortization": "155000000", "incomeBeforeTax": "366000000", "incomeTaxExpense": "59000000", "interestAndDebtExpense": "34000000", "netIncomeFromContinuingOperations": "307000000", "comprehensiveIncomeNetOfTax": "342000000", "ebit": "400000000", "ebitda": "555000000", "netIncome": "307000000"}, {"fiscalDateEnding": "2017-12-31", "reportedCurrency": "USD", "grossProfit": "710000000", "totalRevenue": "3440000000", "costOfRevenue": "2730000000", "costofGoodsAndServicesSold": "2730000000", "operatingIncome": "386000000", "sellingGeneralAndAdministrative": "266000000", "researchAndDevelopment": "882000000", "operatingExpenses": "929000000", "investmentIncomeNet": "None", "netInterestIncome": "-35000000", "interestIncome": "2000000", "interestExpense": "37000000", "nonInterestIncome": "0", "otherNonOperatingIncome": "8000000", "depreciation": "124000000", "depreciationAndAmortization": "154000000", "incomeBeforeTax": "391000000", "incomeTaxExpense": "135000000", "interestAndDebtExpense": "35000000", "netIncomeFromContinuingOperations": "207000000", "comprehensiveIncomeNetOfTax": "285000000", "ebit": "428000000", "ebitda": "582000000", "netIncome": "256000000"}, {"fiscalDateEnding": "2017-09-30", "reportedCurrency": "USD", "grossProfit": "650000000", "totalRevenue": "3148000000", "costOfRevenue": "2498000000", "costofGoodsAndServicesSold": "2498000000", "operatingIncome": "373000000", "sellingGeneralAndAdministrative": "230000000", "researchAndDevelopment": "None", "operatingExpenses": "522000000", "investmentIncomeNet": "None", "netInterestIncome": "-36000000", "interestIncome": "-1000000", "interestExpense": "35000000", "nonInterestIncome": "0", "otherNonOperatingIncome": "-2000000", "depreciation": "107000000", "depreciationAndAmortization": "136000000", "incomeBeforeTax": "426000000", "incomeTaxExpense": "31000000", "interestAndDebtExpense": "36000000", "netIncomeFromContinuingOperations": "297000000", "comprehensiveIncomeNetOfTax": "464000000", "ebit": "461000000", "ebitda": "597000000", "netIncome": "395000000"}, {"fiscalDateEnding": "2017-06-30", "reportedCurrency": "USD", "grossProfit": "655000000", "totalRevenue": "3153000000", "costOfRevenue": "2498000000", "costofGoodsAndServicesSold": "2498000000", "operatingIncome": "364000000", "sellingGeneralAndAdministrative": "231000000", "researchAndDevelopment": "None", "operatingExpenses": "583000000", "investmentIncomeNet": "None", "netInterestIncome": "-35000000", "interestIncome": "None", "interestExpense": "35000000", "nonInterestIncome": "None", "otherNonOperatingIncome": "-5000000", "depreciation": "101000000", "depreciationAndAmortization": "130000000", "incomeBeforeTax": "407000000", "incomeTaxExpense": "38000000", "interestAndDebtExpense": "35000000", "netIncomeFromContinuingOperations": "297000000", "comprehensiveIncomeNetOfTax": "474000000", "ebit": "442000000", "ebitda": "572000000", "netIncome": "369000000"}, {"fiscalDateEnding": "2017-03-31", "reportedCurrency": "USD", "grossProfit": "599000000", "totalRevenue": "3143000000", "costOfRevenue": "2544000000", "costofGoodsAndServicesSold": "2544000000", "operatingIncome": "293000000", "sellingGeneralAndAdministrative": "225000000", "researchAndDevelopment": "None", "operatingExpenses": "530000000", "investmentIncomeNet": "None", "netInterestIncome": "-34000000", "interestIncome": "-1000000", "interestExpense": "33000000", "nonInterestIncome": "None", "otherNonOperatingIncome": "7000000", "depreciation": "97000000", "depreciationAndAmortization": "126000000", "incomeBeforeTax": "354000000", "incomeTaxExpense": "19000000", "interestAndDebtExpense": "34000000", "netIncomeFromContinuingOperations": "220000000", "comprehensiveIncomeNetOfTax": "463000000", "ebit": "387000000", "ebitda": "513000000", "netIncome": "335000000"}, {"fiscalDateEnding": "2016-12-31", "reportedCurrency": "USD", "grossProfit": "868000000", "totalRevenue": "122000000", "costOfRevenue": "3238000000", "costofGoodsAndServicesSold": "-342000000", "operatingIncome": "525000000", "sellingGeneralAndAdministrative": "91000000", "researchAndDevelopment": "788000000", "operatingExpenses": "1649000000", "investmentIncomeNet": "None", "netInterestIncome": "-33000000", "interestIncome": "-1000000", "interestExpense": "32000000", "nonInterestIncome": "0", "otherNonOperatingIncome": "2000000", "depreciation": "-53000000", "depreciationAndAmortization": "-37000000", "incomeBeforeTax": "232000000", "incomeTaxExpense": "-49000000", "interestAndDebtExpense": "33000000", "netIncomeFromContinuingOperations": "-37000000", "comprehensiveIncomeNetOfTax": "7000000", "ebit": "264000000", "ebitda": "227000000", "netIncome": "281000000"}]}