{"symbol": "ATVI", "annualReports": [{"fiscalDateEnding": "2020-12-31", "reportedCurrency": "USD", "grossProfit": "5817000000", "totalRevenue": "7956000000", "costOfRevenue": "2139000000", "costofGoodsAndServicesSold": "2260000000", "operatingIncome": "2734000000", "sellingGeneralAndAdministrative": "1848000000", "researchAndDevelopment": "1150000000", "operatingExpenses": "3289000000", "investmentIncomeNet": "None", "netInterestIncome": "-99000000", "interestIncome": "21000000", "interestExpense": "99000000", "nonInterestIncome": "8055000000", "otherNonOperatingIncome": "-87000000", "depreciation": "117000000", "depreciationAndAmortization": "197000000", "incomeBeforeTax": "2616000000", "incomeTaxExpense": "419000000", "interestAndDebtExpense": "130000000", "netIncomeFromContinuingOperations": "2197000000", "comprehensiveIncomeNetOfTax": "2194000000", "ebit": "2734000000", "ebitda": "2912000000", "netIncome": "2197000000"}, {"fiscalDateEnding": "2019-12-31", "reportedCurrency": "USD", "grossProfit": "4275000000", "totalRevenue": "6399000000", "costOfRevenue": "2094000000", "costofGoodsAndServicesSold": "6000000", "operatingIncome": "1607000000", "sellingGeneralAndAdministrative": "1658000000", "researchAndDevelopment": "998000000", "operatingExpenses": "3116000000", "investmentIncomeNet": "None", "netInterestIncome": "-90000000", "interestIncome": "79000000", "interestExpense": "90000000", "nonInterestIncome": "6489000000", "otherNonOperatingIncome": "26000000", "depreciation": "124000000", "depreciationAndAmortization": "328000000", "incomeBeforeTax": "1633000000", "incomeTaxExpense": "130000000", "interestAndDebtExpense": "90000000", "netIncomeFromContinuingOperations": "1503000000", "comprehensiveIncomeNetOfTax": "1485000000", "ebit": "1607000000", "ebitda": "2051000000", "netIncome": "1503000000"}, {"fiscalDateEnding": "2018-12-31", "reportedCurrency": "USD", "grossProfit": "4911000000", "totalRevenue": "7320000000", "costOfRevenue": "2517000000", "costofGoodsAndServicesSold": "6000000", "operatingIncome": "1988000000", "sellingGeneralAndAdministrative": "1894000000", "researchAndDevelopment": "1101000000", "operatingExpenses": "3504000000", "investmentIncomeNet": "None", "netInterestIncome": "-140000000", "interestIncome": "None", "interestExpense": "140000000", "nonInterestIncome": "7460000000", "otherNonOperatingIncome": "-71000000", "depreciation": "138000000", "depreciationAndAmortization": "509000000", "incomeBeforeTax": "1877000000", "incomeTaxExpense": "29000000", "interestAndDebtExpense": "180000000", "netIncomeFromContinuingOperations": "1813000000", "comprehensiveIncomeNetOfTax": "1847000000", "ebit": "1988000000", "ebitda": "2526000000", "netIncome": "1848000000"}, {"fiscalDateEnding": "2017-12-31", "reportedCurrency": "USD", "grossProfit": "4516000000", "totalRevenue": "7017000000", "costOfRevenue": "2501000000", "costofGoodsAndServicesSold": "33000000", "operatingIncome": "1309000000", "sellingGeneralAndAdministrative": "2138000000", "researchAndDevelopment": "1069000000", "operatingExpenses": "4095000000", "investmentIncomeNet": "None", "netInterestIncome": "-150000000", "interestIncome": "None", "interestExpense": "150000000", "nonInterestIncome": "-12000000", "otherNonOperatingIncome": "-146000000", "depreciation": "130000000", "depreciationAndAmortization": "888000000", "incomeBeforeTax": "1151000000", "incomeTaxExpense": "878000000", "interestAndDebtExpense": "162000000", "netIncomeFromContinuingOperations": "273000000", "comprehensiveIncomeNetOfTax": "264000000", "ebit": "1309000000", "ebitda": "2189000000", "netIncome": "273000000"}, {"fiscalDateEnding": "2016-12-31", "reportedCurrency": "USD", "grossProfit": "4214000000", "totalRevenue": "6608000000", "costOfRevenue": "2394000000", "costofGoodsAndServicesSold": "42000000", "operatingIncome": "1412000000", "sellingGeneralAndAdministrative": "1844000000", "researchAndDevelopment": "958000000", "operatingExpenses": "3631000000", "investmentIncomeNet": "None", "netInterestIncome": "-197000000", "interestIncome": "None", "interestExpense": "197000000", "nonInterestIncome": "-92000000", "otherNonOperatingIncome": "-214000000", "depreciation": "121000000", "depreciationAndAmortization": "829000000", "incomeBeforeTax": "1106000000", "incomeTaxExpense": "140000000", "interestAndDebtExpense": "289000000", "netIncomeFromContinuingOperations": "966000000", "comprehensiveIncomeNetOfTax": "970000000", "ebit": "1412000000", "ebitda": "2132000000", "netIncome": "966000000"}], "quarterlyReports": [{"fiscalDateEnding": "2021-09-30", "reportedCurrency": "USD", "grossProfit": "1651000000", "totalRevenue": "2043000000", "costOfRevenue": "392000000", "costofGoodsAndServicesSold": "527000000", "operatingIncome": "824000000", "sellingGeneralAndAdministrative": "387000000", "researchAndDevelopment": "329000000", "operatingExpenses": "721000000", "investmentIncomeNet": "None", "netInterestIncome": "-27000000", "interestIncome": "1000000", "interestExpense": "27000000", "nonInterestIncome": "2070000000", "otherNonOperatingIncome": "-65000000", "depreciation": "None", "depreciationAndAmortization": "27000000", "incomeBeforeTax": "759000000", "incomeTaxExpense": "120000000", "interestAndDebtExpense": "27000000", "netIncomeFromContinuingOperations": "639000000", "comprehensiveIncomeNetOfTax": "645000000", "ebit": "824000000", "ebitda": "813000000", "netIncome": "639000000"}, {"fiscalDateEnding": "2021-06-30", "reportedCurrency": "USD", "grossProfit": "1836000000", "totalRevenue": "2285000000", "costOfRevenue": "449000000", "costofGoodsAndServicesSold": "555000000", "operatingIncome": "959000000", "sellingGeneralAndAdministrative": "434000000", "researchAndDevelopment": "335000000", "operatingExpenses": "784000000", "investmentIncomeNet": "None", "netInterestIncome": "-27000000", "interestIncome": "1000000", "interestExpense": "27000000", "nonInterestIncome": "2312000000", "otherNonOperatingIncome": "43000000", "depreciation": "None", "depreciationAndAmortization": "28000000", "incomeBeforeTax": "1002000000", "incomeTaxExpense": "126000000", "interestAndDebtExpense": "27000000", "netIncomeFromContinuingOperations": "876000000", "comprehensiveIncomeNetOfTax": "883000000", "ebit": "959000000", "ebitda": "1057000000", "netIncome": "876000000"}, {"fiscalDateEnding": "2021-03-31", "reportedCurrency": "USD", "grossProfit": "1665000000", "totalRevenue": "2247000000", "costOfRevenue": "582000000", "costofGoodsAndServicesSold": "578000000", "operatingIncome": "795000000", "sellingGeneralAndAdministrative": "519000000", "researchAndDevelopment": "353000000", "operatingExpenses": "935000000", "investmentIncomeNet": "None", "netInterestIncome": "-28000000", "interestIncome": "1000000", "interestExpense": "28000000", "nonInterestIncome": "2275000000", "otherNonOperatingIncome": "-30000000", "depreciation": "None", "depreciationAndAmortization": "33000000", "incomeBeforeTax": "765000000", "incomeTaxExpense": "146000000", "interestAndDebtExpense": "28000000", "netIncomeFromContinuingOperations": "619000000", "comprehensiveIncomeNetOfTax": "641000000", "ebit": "795000000", "ebitda": "826000000", "netIncome": "619000000"}, {"fiscalDateEnding": "2020-12-31", "reportedCurrency": "USD", "grossProfit": "1688000000", "totalRevenue": "2385000000", "costOfRevenue": "697000000", "costofGoodsAndServicesSold": "817000000", "operatingIncome": "595000000", "sellingGeneralAndAdministrative": "597000000", "researchAndDevelopment": "348000000", "operatingExpenses": "1045000000", "investmentIncomeNet": "None", "netInterestIncome": "-27000000", "interestIncome": "1000000", "interestExpense": "27000000", "nonInterestIncome": "2412000000", "otherNonOperatingIncome": "-32000000", "depreciation": "None", "depreciationAndAmortization": "45000000", "incomeBeforeTax": "563000000", "incomeTaxExpense": "54000000", "interestAndDebtExpense": "27000000", "netIncomeFromContinuingOperations": "509000000", "comprehensiveIncomeNetOfTax": "520000000", "ebit": "595000000", "ebitda": "635000000", "netIncome": "509000000"}, {"fiscalDateEnding": "2020-09-30", "reportedCurrency": "USD", "grossProfit": "1447000000", "totalRevenue": "1896000000", "costOfRevenue": "449000000", "costofGoodsAndServicesSold": "469000000", "operatingIncome": "778000000", "sellingGeneralAndAdministrative": "424000000", "researchAndDevelopment": "274000000", "operatingExpenses": "723000000", "investmentIncomeNet": "None", "netInterestIncome": "-27000000", "interestIncome": "1000000", "interestExpense": "27000000", "nonInterestIncome": "1923000000", "otherNonOperatingIncome": "-25000000", "depreciation": "None", "depreciationAndAmortization": "46000000", "incomeBeforeTax": "722000000", "incomeTaxExpense": "118000000", "interestAndDebtExpense": "58000000", "netIncomeFromContinuingOperations": "604000000", "comprehensiveIncomeNetOfTax": "605000000", "ebit": "778000000", "ebitda": "795000000", "netIncome": "604000000"}, {"fiscalDateEnding": "2020-06-30", "reportedCurrency": "USD", "grossProfit": "1472000000", "totalRevenue": "1909000000", "costOfRevenue": "437000000", "costofGoodsAndServicesSold": "469000000", "operatingIncome": "749000000", "sellingGeneralAndAdministrative": "417000000", "researchAndDevelopment": "291000000", "operatingExpenses": "728000000", "investmentIncomeNet": "None", "netInterestIncome": "-23000000", "interestIncome": "2000000", "interestExpense": "23000000", "nonInterestIncome": "1932000000", "otherNonOperatingIncome": "-22000000", "depreciation": "None", "depreciationAndAmortization": "44000000", "incomeBeforeTax": "727000000", "incomeTaxExpense": "147000000", "interestAndDebtExpense": "23000000", "netIncomeFromContinuingOperations": "580000000", "comprehensiveIncomeNetOfTax": "574000000", "ebit": "749000000", "ebitda": "794000000", "netIncome": "580000000"}, {"fiscalDateEnding": "2020-03-31", "reportedCurrency": "USD", "grossProfit": "1270000000", "totalRevenue": "1765000000", "costOfRevenue": "495000000", "costofGoodsAndServicesSold": "505000000", "operatingIncome": "612000000", "sellingGeneralAndAdministrative": "410000000", "researchAndDevelopment": "238000000", "operatingExpenses": "733000000", "investmentIncomeNet": "None", "netInterestIncome": "-23000000", "interestIncome": "16000000", "interestExpense": "23000000", "nonInterestIncome": "1788000000", "otherNonOperatingIncome": "-8000000", "depreciation": "None", "depreciationAndAmortization": "62000000", "incomeBeforeTax": "604000000", "incomeTaxExpense": "99000000", "interestAndDebtExpense": "23000000", "netIncomeFromContinuingOperations": "505000000", "comprehensiveIncomeNetOfTax": "496000000", "ebit": "612000000", "ebitda": "689000000", "netIncome": "505000000"}, {"fiscalDateEnding": "2019-12-31", "reportedCurrency": "USD", "grossProfit": "1330000000", "totalRevenue": "1986000000", "costOfRevenue": "656000000", "costofGoodsAndServicesSold": "657000000", "operatingIncome": "454000000", "sellingGeneralAndAdministrative": "551000000", "researchAndDevelopment": "296000000", "operatingExpenses": "957000000", "investmentIncomeNet": "None", "netInterestIncome": "-22000000", "interestIncome": "18000000", "interestExpense": "22000000", "nonInterestIncome": "1986000000", "otherNonOperatingIncome": "-7000000", "depreciation": "None", "depreciationAndAmortization": "82000000", "incomeBeforeTax": "447000000", "incomeTaxExpense": "-78000000", "interestAndDebtExpense": "22000000", "netIncomeFromContinuingOperations": "454000000", "comprehensiveIncomeNetOfTax": "454000000", "ebit": "454000000", "ebitda": "551000000", "netIncome": "525000000"}, {"fiscalDateEnding": "2019-09-30", "reportedCurrency": "USD", "grossProfit": "826000000", "totalRevenue": "1259000000", "costOfRevenue": "442000000", "costofGoodsAndServicesSold": "442000000", "operatingIncome": "247000000", "sellingGeneralAndAdministrative": "359000000", "researchAndDevelopment": "210000000", "operatingExpenses": "643000000", "investmentIncomeNet": "None", "netInterestIncome": "-23000000", "interestIncome": "20000000", "interestExpense": "23000000", "nonInterestIncome": "1282000000", "otherNonOperatingIncome": "2000000", "depreciation": "None", "depreciationAndAmortization": "80000000", "incomeBeforeTax": "249000000", "incomeTaxExpense": "45000000", "interestAndDebtExpense": "23000000", "netIncomeFromContinuingOperations": "204000000", "comprehensiveIncomeNetOfTax": "205000000", "ebit": "247000000", "ebitda": "352000000", "netIncome": "204000000"}, {"fiscalDateEnding": "2019-06-30", "reportedCurrency": "USD", "grossProfit": "942000000", "totalRevenue": "1373000000", "costOfRevenue": "433000000", "costofGoodsAndServicesSold": "433000000", "operatingIncome": "336000000", "sellingGeneralAndAdministrative": "361000000", "researchAndDevelopment": "244000000", "operatingExpenses": "675000000", "investmentIncomeNet": "None", "netInterestIncome": "-23000000", "interestIncome": "19000000", "interestExpense": "23000000", "nonInterestIncome": "1396000000", "otherNonOperatingIncome": "34000000", "depreciation": "None", "depreciationAndAmortization": "79000000", "incomeBeforeTax": "370000000", "incomeTaxExpense": "42000000", "interestAndDebtExpense": "23000000", "netIncomeFromContinuingOperations": "328000000", "comprehensiveIncomeNetOfTax": "322000000", "ebit": "336000000", "ebitda": "472000000", "netIncome": "328000000"}, {"fiscalDateEnding": "2019-03-31", "reportedCurrency": "USD", "grossProfit": "1272000000", "totalRevenue": "1802000000", "costOfRevenue": "563000000", "costofGoodsAndServicesSold": "563000000", "operatingIncome": "570000000", "sellingGeneralAndAdministrative": "386000000", "researchAndDevelopment": "249000000", "operatingExpenses": "779000000", "investmentIncomeNet": "None", "netInterestIncome": "-23000000", "interestIncome": "None", "interestExpense": "23000000", "nonInterestIncome": "1825000000", "otherNonOperatingIncome": "-3000000", "depreciation": "None", "depreciationAndAmortization": "87000000", "incomeBeforeTax": "567000000", "incomeTaxExpense": "120000000", "interestAndDebtExpense": "23000000", "netIncomeFromContinuingOperations": "447000000", "comprehensiveIncomeNetOfTax": "446000000", "ebit": "570000000", "ebitda": "677000000", "netIncome": "447000000"}, {"fiscalDateEnding": "2018-12-31", "reportedCurrency": "USD", "grossProfit": "1549000000", "totalRevenue": "2381000000", "costOfRevenue": "832000000", "costofGoodsAndServicesSold": "832000000", "operatingIncome": "694000000", "sellingGeneralAndAdministrative": "530000000", "researchAndDevelopment": "325000000", "operatingExpenses": "979000000", "investmentIncomeNet": "None", "netInterestIncome": "-27000000", "interestIncome": "None", "interestExpense": "27000000", "nonInterestIncome": "2381000000", "otherNonOperatingIncome": "-4000000", "depreciation": "None", "depreciationAndAmortization": "124000000", "incomeBeforeTax": "689000000", "incomeTaxExpense": "4000000", "interestAndDebtExpense": "27000000", "netIncomeFromContinuingOperations": "694000000", "comprehensiveIncomeNetOfTax": "694000000", "ebit": "694000000", "ebitda": "840000000", "netIncome": "685000000"}, {"fiscalDateEnding": "2018-09-30", "reportedCurrency": "USD", "grossProfit": "885000000", "totalRevenue": "1440000000", "costOfRevenue": "513000000", "costofGoodsAndServicesSold": "513000000", "operatingIncome": "265000000", "sellingGeneralAndAdministrative": "471000000", "researchAndDevelopment": "263000000", "operatingExpenses": "818000000", "investmentIncomeNet": "None", "netInterestIncome": "-32000000", "interestIncome": "None", "interestExpense": "32000000", "nonInterestIncome": "1472000000", "otherNonOperatingIncome": "-13000000", "depreciation": "None", "depreciationAndAmortization": "118000000", "incomeBeforeTax": "212000000", "incomeTaxExpense": "-48000000", "interestAndDebtExpense": "72000000", "netIncomeFromContinuingOperations": "260000000", "comprehensiveIncomeNetOfTax": "252000000", "ebit": "265000000", "ebitda": "362000000", "netIncome": "260000000"}, {"fiscalDateEnding": "2018-06-30", "reportedCurrency": "USD", "grossProfit": "1131000000", "totalRevenue": "1641000000", "costOfRevenue": "510000000", "costofGoodsAndServicesSold": "510000000", "operatingIncome": "434000000", "sellingGeneralAndAdministrative": "442000000", "researchAndDevelopment": "255000000", "operatingExpenses": "774000000", "investmentIncomeNet": "None", "netInterestIncome": "-41000000", "interestIncome": "None", "interestExpense": "41000000", "nonInterestIncome": "1641000000", "otherNonOperatingIncome": "-26000000", "depreciation": "None", "depreciationAndAmortization": "112000000", "incomeBeforeTax": "408000000", "incomeTaxExpense": "6000000", "interestAndDebtExpense": "41000000", "netIncomeFromContinuingOperations": "402000000", "comprehensiveIncomeNetOfTax": "446000000", "ebit": "434000000", "ebitda": "561000000", "netIncome": "402000000"}, {"fiscalDateEnding": "2018-03-31", "reportedCurrency": "USD", "grossProfit": "1303000000", "totalRevenue": "1965000000", "costOfRevenue": "662000000", "costofGoodsAndServicesSold": "662000000", "operatingIncome": "595000000", "sellingGeneralAndAdministrative": "449000000", "researchAndDevelopment": "259000000", "operatingExpenses": "863000000", "investmentIncomeNet": "None", "netInterestIncome": "-40000000", "interestIncome": "None", "interestExpense": "40000000", "nonInterestIncome": "1965000000", "otherNonOperatingIncome": "-28000000", "depreciation": "None", "depreciationAndAmortization": "155000000", "incomeBeforeTax": "567000000", "incomeTaxExpense": "67000000", "interestAndDebtExpense": "40000000", "netIncomeFromContinuingOperations": "500000000", "comprehensiveIncomeNetOfTax": "486000000", "ebit": "595000000", "ebitda": "762000000", "netIncome": "500000000"}, {"fiscalDateEnding": "2017-12-31", "reportedCurrency": "USD", "grossProfit": "1240000000", "totalRevenue": "2043000000", "costOfRevenue": "803000000", "costofGoodsAndServicesSold": "24000000", "operatingIncome": "221000000", "sellingGeneralAndAdministrative": "700000000", "researchAndDevelopment": "319000000", "operatingExpenses": "1237000000", "investmentIncomeNet": "None", "netInterestIncome": "-40000000", "interestIncome": "None", "interestExpense": "40000000", "nonInterestIncome": "2043000000", "otherNonOperatingIncome": "-37000000", "depreciation": "None", "depreciationAndAmortization": "218000000", "incomeBeforeTax": "185000000", "incomeTaxExpense": "769000000", "interestAndDebtExpense": "52000000", "netIncomeFromContinuingOperations": "221000000", "comprehensiveIncomeNetOfTax": "221000000", "ebit": "221000000", "ebitda": "443000000", "netIncome": "-584000000"}, {"fiscalDateEnding": "2017-09-30", "reportedCurrency": "USD", "grossProfit": "1066000000", "totalRevenue": "1618000000", "costOfRevenue": "552000000", "costofGoodsAndServicesSold": "2000000", "operatingIncome": "257000000", "sellingGeneralAndAdministrative": "536000000", "researchAndDevelopment": "273000000", "operatingExpenses": "997000000", "investmentIncomeNet": "None", "netInterestIncome": "-39000000", "interestIncome": "None", "interestExpense": "39000000", "nonInterestIncome": "1618000000", "otherNonOperatingIncome": "-37000000", "depreciation": "None", "depreciationAndAmortization": "220000000", "incomeBeforeTax": "220000000", "incomeTaxExpense": "32000000", "interestAndDebtExpense": "39000000", "netIncomeFromContinuingOperations": "188000000", "comprehensiveIncomeNetOfTax": "186000000", "ebit": "257000000", "ebitda": "479000000", "netIncome": "188000000"}, {"fiscalDateEnding": "2017-06-30", "reportedCurrency": "USD", "grossProfit": "1070000000", "totalRevenue": "1631000000", "costOfRevenue": "561000000", "costofGoodsAndServicesSold": "6000000", "operatingIncome": "339000000", "sellingGeneralAndAdministrative": "479000000", "researchAndDevelopment": "252000000", "operatingExpenses": "925000000", "investmentIncomeNet": "None", "netInterestIncome": "-36000000", "interestIncome": "None", "interestExpense": "36000000", "nonInterestIncome": "1631000000", "otherNonOperatingIncome": "-46000000", "depreciation": "None", "depreciationAndAmortization": "226000000", "incomeBeforeTax": "293000000", "incomeTaxExpense": "50000000", "interestAndDebtExpense": "36000000", "netIncomeFromContinuingOperations": "243000000", "comprehensiveIncomeNetOfTax": "228000000", "ebit": "339000000", "ebitda": "555000000", "netIncome": "243000000"}, {"fiscalDateEnding": "2017-03-31", "reportedCurrency": "USD", "grossProfit": "1141000000", "totalRevenue": "1726000000", "costOfRevenue": "585000000", "costofGoodsAndServicesSold": "1000000", "operatingIncome": "493000000", "sellingGeneralAndAdministrative": "423000000", "researchAndDevelopment": "225000000", "operatingExpenses": "872000000", "investmentIncomeNet": "None", "netInterestIncome": "-35000000", "interestIncome": "None", "interestExpense": "35000000", "nonInterestIncome": "1726000000", "otherNonOperatingIncome": "-40000000", "depreciation": "None", "depreciationAndAmortization": "224000000", "incomeBeforeTax": "453000000", "incomeTaxExpense": "27000000", "interestAndDebtExpense": "35000000", "netIncomeFromContinuingOperations": "426000000", "comprehensiveIncomeNetOfTax": "430000000", "ebit": "493000000", "ebitda": "712000000", "netIncome": "426000000"}, {"fiscalDateEnding": "2016-12-31", "reportedCurrency": "USD", "grossProfit": "1238000000", "totalRevenue": "2014000000", "costOfRevenue": "776000000", "costofGoodsAndServicesSold": "13000000", "operatingIncome": "425000000", "sellingGeneralAndAdministrative": "528000000", "researchAndDevelopment": "285000000", "operatingExpenses": "1058000000", "investmentIncomeNet": "None", "netInterestIncome": "-39000000", "interestIncome": "None", "interestExpense": "39000000", "nonInterestIncome": "None", "otherNonOperatingIncome": "-33000000", "depreciation": "None", "depreciationAndAmortization": "245000000", "incomeBeforeTax": "301000000", "incomeTaxExpense": "47000000", "interestAndDebtExpense": "131000000", "netIncomeFromContinuingOperations": "425000000", "comprehensiveIncomeNetOfTax": "425000000", "ebit": "425000000", "ebitda": "585000000", "netIncome": "254000000"}]}