{"symbol": "AVB", "annualReports": [{"fiscalDateEnding": "2020-12-31", "reportedCurrency": "USD", "grossProfit": "1685343000", "totalRevenue": "2301261000", "costOfRevenue": "615918000", "costofGoodsAndServicesSold": "549913000", "operatingIncome": "1547190000", "sellingGeneralAndAdministrative": "66005000", "researchAndDevelopment": "None", "operatingExpenses": "132328000", "investmentIncomeNet": "None", "netInterestIncome": "-214151000", "interestIncome": "6422000", "interestExpense": "214151000", "nonInterestIncome": "-5514000", "otherNonOperatingIncome": "-12399000", "depreciation": "707331000", "depreciationAndAmortization": "707331000", "incomeBeforeTax": "824383000", "incomeTaxExpense": "-3247000", "interestAndDebtExpense": "223484000", "netIncomeFromContinuingOperations": "827706000", "comprehensiveIncomeNetOfTax": "818883000", "ebit": "1547190000", "ebitda": "1745865000", "netIncome": "827630000"}, {"fiscalDateEnding": "2019-12-31", "reportedCurrency": "USD", "grossProfit": "1749068000", "totalRevenue": "2324626000", "costOfRevenue": "575558000", "costofGoodsAndServicesSold": "515145000", "operatingIncome": "1594174000", "sellingGeneralAndAdministrative": "61854000", "researchAndDevelopment": "None", "operatingExpenses": "1696904000", "investmentIncomeNet": "None", "netInterestIncome": "-203585000", "interestIncome": "8652000", "interestExpense": "203585000", "nonInterestIncome": "26106000", "otherNonOperatingIncome": "-4991000", "depreciation": "661578000", "depreciationAndAmortization": "661578000", "incomeBeforeTax": "798977000", "incomeTaxExpense": "13003000", "interestAndDebtExpense": "204187000", "netIncomeFromContinuingOperations": "786103000", "comprehensiveIncomeNetOfTax": "780615000", "ebit": "1594174000", "ebitda": "1664140000", "netIncome": "785974000"}, {"fiscalDateEnding": "2018-12-31", "reportedCurrency": "USD", "grossProfit": "2223672000", "totalRevenue": "2284535000", "costOfRevenue": "60863000", "costofGoodsAndServicesSold": "0", "operatingIncome": "1485132000", "sellingGeneralAndAdministrative": "56365000", "researchAndDevelopment": "None", "operatingExpenses": "1700067000", "investmentIncomeNet": "-7709000", "netInterestIncome": "-220974000", "interestIncome": "15270000", "interestExpense": "220974000", "nonInterestIncome": "2321245000", "otherNonOperatingIncome": "-3265000", "depreciation": "631196000", "depreciationAndAmortization": "631196000", "incomeBeforeTax": "974365000", "incomeTaxExpense": "-160000", "interestAndDebtExpense": "238466000", "netIncomeFromContinuingOperations": "974175000", "comprehensiveIncomeNetOfTax": "985800000", "ebit": "1195339000", "ebitda": "1826535000", "netIncome": "974525000"}, {"fiscalDateEnding": "2017-12-31", "reportedCurrency": "USD", "grossProfit": "1592585000", "totalRevenue": "2158628000", "costOfRevenue": "566043000", "costofGoodsAndServicesSold": "509882000", "operatingIncome": "1398978000", "sellingGeneralAndAdministrative": "50673000", "researchAndDevelopment": "None", "operatingExpenses": "1594263000", "investmentIncomeNet": "-5936000", "netInterestIncome": "-199661000", "interestIncome": "70744000", "interestExpense": "199661000", "nonInterestIncome": "2265342000", "otherNonOperatingIncome": "-2736000", "depreciation": "584150000", "depreciationAndAmortization": "584150000", "incomeBeforeTax": "877062000", "incomeTaxExpense": "141000", "interestAndDebtExpense": "225133000", "netIncomeFromContinuingOperations": "876660000", "comprehensiveIncomeNetOfTax": "870012000", "ebit": "1076723000", "ebitda": "1660873000", "netIncome": "876921000"}, {"fiscalDateEnding": "2016-12-31", "reportedCurrency": "USD", "grossProfit": "1530802000", "totalRevenue": "2045255000", "costOfRevenue": "514453000", "costofGoodsAndServicesSold": "483259000", "operatingIncome": "1313987000", "sellingGeneralAndAdministrative": "45771000", "researchAndDevelopment": "None", "operatingExpenses": "1461051000", "investmentIncomeNet": "-4822000", "netInterestIncome": "-187510000", "interestIncome": "64962000", "interestExpense": "187510000", "nonInterestIncome": "2229330000", "otherNonOperatingIncome": "64962000", "depreciation": "531434000", "depreciationAndAmortization": "531434000", "incomeBeforeTax": "1034307000", "incomeTaxExpense": "305000", "interestAndDebtExpense": "194585000", "netIncomeFromContinuingOperations": "1033708000", "comprehensiveIncomeNetOfTax": "1034879000", "ebit": "1221817000", "ebitda": "1753251000", "netIncome": "1034002000"}], "quarterlyReports": [{"fiscalDateEnding": "2021-09-30", "reportedCurrency": "USD", "grossProfit": "411630000", "totalRevenue": "580774000", "costOfRevenue": "169144000", "costofGoodsAndServicesSold": "148704000", "operatingIncome": "382687000", "sellingGeneralAndAdministrative": "18500000", "researchAndDevelopment": "None", "operatingExpenses": "27483000", "investmentIncomeNet": "None", "netInterestIncome": "-55987000", "interestIncome": "6867000", "interestExpense": "55987000", "nonInterestIncome": "-17195000", "otherNonOperatingIncome": "-417000", "depreciation": "193791000", "depreciationAndAmortization": "193791000", "incomeBeforeTax": "81093000", "incomeTaxExpense": "2179000", "interestAndDebtExpense": "73877000", "netIncomeFromContinuingOperations": "78847000", "comprehensiveIncomeNetOfTax": "88329000", "ebit": "382687000", "ebitda": "330871000", "netIncome": "78914000"}, {"fiscalDateEnding": "2021-06-30", "reportedCurrency": "USD", "grossProfit": "399257000", "totalRevenue": "561743000", "costOfRevenue": "162486000", "costofGoodsAndServicesSold": "141622000", "operatingIncome": "368914000", "sellingGeneralAndAdministrative": "19687000", "researchAndDevelopment": "None", "operatingExpenses": "35897000", "investmentIncomeNet": "None", "netInterestIncome": "-56104000", "interestIncome": "26559000", "interestExpense": "56104000", "nonInterestIncome": "808000", "otherNonOperatingIncome": "-1653000", "depreciation": "184472000", "depreciationAndAmortization": "184472000", "incomeBeforeTax": "447963000", "incomeTaxExpense": "10000", "interestAndDebtExpense": "56104000", "netIncomeFromContinuingOperations": "447977000", "comprehensiveIncomeNetOfTax": "449497000", "ebit": "368914000", "ebitda": "688539000", "netIncome": "447953000"}, {"fiscalDateEnding": "2021-03-31", "reportedCurrency": "USD", "grossProfit": "392689000", "totalRevenue": "551135000", "costOfRevenue": "158446000", "costofGoodsAndServicesSold": "140050000", "operatingIncome": "364655000", "sellingGeneralAndAdministrative": "18396000", "researchAndDevelopment": "None", "operatingExpenses": "36614000", "investmentIncomeNet": "None", "netInterestIncome": "-52613000", "interestIncome": "-467000", "interestExpense": "52613000", "nonInterestIncome": "999000", "otherNonOperatingIncome": "170000", "depreciation": "183297000", "depreciationAndAmortization": "183297000", "incomeBeforeTax": "141468000", "incomeTaxExpense": "-755000", "interestAndDebtExpense": "52491000", "netIncomeFromContinuingOperations": "142234000", "comprehensiveIncomeNetOfTax": "144590000", "ebit": "364655000", "ebitda": "377378000", "netIncome": "142223000"}, {"fiscalDateEnding": "2020-12-31", "reportedCurrency": "USD", "grossProfit": "397765000", "totalRevenue": "555802000", "costOfRevenue": "158037000", "costofGoodsAndServicesSold": "142922000", "operatingIncome": "345224000", "sellingGeneralAndAdministrative": "15115000", "researchAndDevelopment": "None", "operatingExpenses": "38732000", "investmentIncomeNet": "None", "netInterestIncome": "-51589000", "interestIncome": "-348000", "interestExpense": "51589000", "nonInterestIncome": "869000", "otherNonOperatingIncome": "-8110000", "depreciation": "177823000", "depreciationAndAmortization": "177823000", "incomeBeforeTax": "338950000", "incomeTaxExpense": "-2178000", "interestAndDebtExpense": "51589000", "netIncomeFromContinuingOperations": "341114000", "comprehensiveIncomeNetOfTax": "343495000", "ebit": "345224000", "ebitda": "568362000", "netIncome": "341128000"}, {"fiscalDateEnding": "2020-09-30", "reportedCurrency": "USD", "grossProfit": "408137000", "totalRevenue": "567404000", "costOfRevenue": "159267000", "costofGoodsAndServicesSold": "143909000", "operatingIncome": "363712000", "sellingGeneralAndAdministrative": "15358000", "researchAndDevelopment": "None", "operatingExpenses": "33984000", "investmentIncomeNet": "None", "netInterestIncome": "-53249000", "interestIncome": "5083000", "interestExpense": "53249000", "nonInterestIncome": "1122000", "otherNonOperatingIncome": "-567000", "depreciation": "175348000", "depreciationAndAmortization": "175348000", "incomeBeforeTax": "147676000", "incomeTaxExpense": "-27000", "interestAndDebtExpense": "53144000", "netIncomeFromContinuingOperations": "147717000", "comprehensiveIncomeNetOfTax": "151403000", "ebit": "377678000", "ebitda": "376273000", "netIncome": "147703000"}, {"fiscalDateEnding": "2020-06-30", "reportedCurrency": "USD", "grossProfit": "428546000", "totalRevenue": "576405000", "costOfRevenue": "147859000", "costofGoodsAndServicesSold": "131090000", "operatingIncome": "388128000", "sellingGeneralAndAdministrative": "16769000", "researchAndDevelopment": "None", "operatingExpenses": "36712000", "investmentIncomeNet": "None", "netInterestIncome": "-53399000", "interestIncome": "512000", "interestExpense": "53399000", "nonInterestIncome": "658000", "otherNonOperatingIncome": "-388000", "depreciation": "176249000", "depreciationAndAmortization": "176249000", "incomeBeforeTax": "169695000", "incomeTaxExpense": "-1133000", "interestAndDebtExpense": "53667000", "netIncomeFromContinuingOperations": "170869000", "comprehensiveIncomeNetOfTax": "171668000", "ebit": "401373000", "ebitda": "399343000", "netIncome": "170828000"}, {"fiscalDateEnding": "2020-03-31", "reportedCurrency": "USD", "grossProfit": "450895000", "totalRevenue": "602267000", "costOfRevenue": "150756000", "costofGoodsAndServicesSold": "131993000", "operatingIncome": "415513000", "sellingGeneralAndAdministrative": "18763000", "researchAndDevelopment": "None", "operatingExpenses": "18720000", "investmentIncomeNet": "None", "netInterestIncome": "-55914000", "interestIncome": "1175000", "interestExpense": "55914000", "nonInterestIncome": "-8163000", "otherNonOperatingIncome": "-3334000", "depreciation": "177911000", "depreciationAndAmortization": "177911000", "incomeBeforeTax": "168062000", "incomeTaxExpense": "91000", "interestAndDebtExpense": "65084000", "netIncomeFromContinuingOperations": "168006000", "comprehensiveIncomeNetOfTax": "152317000", "ebit": "415513000", "ebitda": "401887000", "netIncome": "167971000"}, {"fiscalDateEnding": "2019-12-31", "reportedCurrency": "USD", "grossProfit": "593566000", "totalRevenue": "593566000", "costOfRevenue": "137767000", "costofGoodsAndServicesSold": "125320000", "operatingIncome": "394055000", "sellingGeneralAndAdministrative": "13888000", "researchAndDevelopment": "None", "operatingExpenses": "430977000", "investmentIncomeNet": "None", "netInterestIncome": "-54190000", "interestIncome": "7872000", "interestExpense": "54190000", "nonInterestIncome": "23224000", "otherNonOperatingIncome": "-2429000", "depreciation": "171365000", "depreciationAndAmortization": "171365000", "incomeBeforeTax": "169496000", "incomeTaxExpense": "1825000", "interestAndDebtExpense": "54190000", "netIncomeFromContinuingOperations": "593566000", "comprehensiveIncomeNetOfTax": "181229000", "ebit": "394055000", "ebitda": "395030000", "netIncome": "167671000"}, {"fiscalDateEnding": "2019-09-30", "reportedCurrency": "USD", "grossProfit": "440291000", "totalRevenue": "587613000", "costOfRevenue": "147322000", "costofGoodsAndServicesSold": "133445000", "operatingIncome": "406585000", "sellingGeneralAndAdministrative": "13877000", "researchAndDevelopment": "None", "operatingExpenses": "427812000", "investmentIncomeNet": "None", "netInterestIncome": "-51493000", "interestIncome": "1643000", "interestExpense": "51493000", "nonInterestIncome": "1138000", "otherNonOperatingIncome": "-175000", "depreciation": "165463000", "depreciationAndAmortization": "165463000", "incomeBeforeTax": "290861000", "incomeTaxExpense": "11184000", "interestAndDebtExpense": "51586000", "netIncomeFromContinuingOperations": "279709000", "comprehensiveIncomeNetOfTax": "267779000", "ebit": "406585000", "ebitda": "507817000", "netIncome": "279677000"}, {"fiscalDateEnding": "2019-06-30", "reportedCurrency": "USD", "grossProfit": "425374000", "totalRevenue": "577263000", "costOfRevenue": "151889000", "costofGoodsAndServicesSold": "132924000", "operatingIncome": "400095000", "sellingGeneralAndAdministrative": "18965000", "researchAndDevelopment": "None", "operatingExpenses": "429719000", "investmentIncomeNet": "None", "netInterestIncome": "-50010000", "interestIncome": "-863000", "interestExpense": "50010000", "nonInterestIncome": "885000", "otherNonOperatingIncome": "-2711000", "depreciation": "162693000", "depreciationAndAmortization": "162693000", "incomeBeforeTax": "168281000", "incomeTaxExpense": "0", "interestAndDebtExpense": "50239000", "netIncomeFromContinuingOperations": "168305000", "comprehensiveIncomeNetOfTax": "167004000", "ebit": "400095000", "ebitda": "363187000", "netIncome": "168281000"}, {"fiscalDateEnding": "2019-03-31", "reportedCurrency": "USD", "grossProfit": "551401000", "totalRevenue": "566184000", "costOfRevenue": "14783000", "costofGoodsAndServicesSold": "123455000", "operatingIncome": "394917000", "sellingGeneralAndAdministrative": "13688000", "researchAndDevelopment": "None", "operatingExpenses": "409796000", "investmentIncomeNet": "None", "netInterestIncome": "-47892000", "interestIncome": "-1060000", "interestExpense": "47892000", "nonInterestIncome": "565904000", "otherNonOperatingIncome": "-622000", "depreciation": "162057000", "depreciationAndAmortization": "162057000", "incomeBeforeTax": "170360000", "incomeTaxExpense": "-6000", "interestAndDebtExpense": "48172000", "netIncomeFromContinuingOperations": "170418000", "comprehensiveIncomeNetOfTax": "164603000", "ebit": "394917000", "ebitda": "380327000", "netIncome": "170366000"}, {"fiscalDateEnding": "2018-12-31", "reportedCurrency": "USD", "grossProfit": "578522000", "totalRevenue": "578522000", "costOfRevenue": "16753000", "costofGoodsAndServicesSold": "-394332000", "operatingIncome": "357815000", "sellingGeneralAndAdministrative": "14352000", "researchAndDevelopment": "None", "operatingExpenses": "437837000", "investmentIncomeNet": "-2811000", "netInterestIncome": "-55179000", "interestIncome": "None", "interestExpense": "55179000", "nonInterestIncome": "590102000", "otherNonOperatingIncome": "-1053000", "depreciation": "158914000", "depreciationAndAmortization": "158914000", "incomeBeforeTax": "385487000", "incomeTaxExpense": "-247000", "interestAndDebtExpense": "69954000", "netIncomeFromContinuingOperations": "578522000", "comprehensiveIncomeNetOfTax": "380831000", "ebit": "357815000", "ebitda": "599580000", "netIncome": "385734000"}, {"fiscalDateEnding": "2018-09-30", "reportedCurrency": "USD", "grossProfit": "561611000", "totalRevenue": "575982000", "costOfRevenue": "14371000", "costofGoodsAndServicesSold": "132237000", "operatingIncome": "384381000", "sellingGeneralAndAdministrative": "13905000", "researchAndDevelopment": "None", "operatingExpenses": "420493000", "investmentIncomeNet": "-1726000", "netInterestIncome": "-54097000", "interestIncome": "None", "interestExpense": "54097000", "nonInterestIncome": "603989000", "otherNonOperatingIncome": "-523000", "depreciation": "156538000", "depreciationAndAmortization": "156538000", "incomeBeforeTax": "192515000", "incomeTaxExpense": "29000", "interestAndDebtExpense": "55775000", "netIncomeFromContinuingOperations": "192407000", "comprehensiveIncomeNetOfTax": "193952000", "ebit": "384381000", "ebitda": "403150000", "netIncome": "192486000"}, {"fiscalDateEnding": "2018-06-30", "reportedCurrency": "USD", "grossProfit": "553906000", "totalRevenue": "569239000", "costOfRevenue": "15333000", "costofGoodsAndServicesSold": "130836000", "operatingIncome": "378406000", "sellingGeneralAndAdministrative": "14444000", "researchAndDevelopment": "None", "operatingExpenses": "420998000", "investmentIncomeNet": "-1529000", "netInterestIncome": "-56585000", "interestIncome": "None", "interestExpense": "56585000", "nonInterestIncome": "567643000", "otherNonOperatingIncome": "-1047000", "depreciation": "156685000", "depreciationAndAmortization": "156685000", "incomeBeforeTax": "254720000", "incomeTaxExpense": "58000", "interestAndDebtExpense": "57227000", "netIncomeFromContinuingOperations": "254543000", "comprehensiveIncomeNetOfTax": "256117000", "ebit": "378406000", "ebitda": "467990000", "netIncome": "254662000"}, {"fiscalDateEnding": "2018-03-31", "reportedCurrency": "USD", "grossProfit": "412719000", "totalRevenue": "560792000", "costOfRevenue": "148073000", "costofGoodsAndServicesSold": "133667000", "operatingIncome": "369286000", "sellingGeneralAndAdministrative": "13664000", "researchAndDevelopment": "None", "operatingExpenses": "420895000", "investmentIncomeNet": "-1643000", "netInterestIncome": "-55113000", "interestIncome": "None", "interestExpense": "55113000", "nonInterestIncome": "559509000", "otherNonOperatingIncome": "-800000", "depreciation": "159059000", "depreciationAndAmortization": "159059000", "incomeBeforeTax": "141643000", "incomeTaxExpense": "0", "interestAndDebtExpense": "55510000", "netIncomeFromContinuingOperations": "141590000", "comprehensiveIncomeNetOfTax": "154900000", "ebit": "369286000", "ebitda": "355208000", "netIncome": "141643000"}, {"fiscalDateEnding": "2017-12-31", "reportedCurrency": "USD", "grossProfit": "555292000", "totalRevenue": "555292000", "costOfRevenue": "129864000", "costofGoodsAndServicesSold": "126286000", "operatingIncome": "321568000", "sellingGeneralAndAdministrative": "11865000", "researchAndDevelopment": "None", "operatingExpenses": "399816000", "investmentIncomeNet": "-1659000", "netInterestIncome": "-52523000", "interestIncome": "None", "interestExpense": "52523000", "nonInterestIncome": "552943000", "otherNonOperatingIncome": "-159642000", "depreciation": "157100000", "depreciationAndAmortization": "157100000", "incomeBeforeTax": "237612000", "incomeTaxExpense": "39000", "interestAndDebtExpense": "53833000", "netIncomeFromContinuingOperations": "555292000", "comprehensiveIncomeNetOfTax": "241017000", "ebit": "321568000", "ebitda": "447235000", "netIncome": "237573000"}, {"fiscalDateEnding": "2017-09-30", "reportedCurrency": "USD", "grossProfit": "406965000", "totalRevenue": "550500000", "costOfRevenue": "143535000", "costofGoodsAndServicesSold": "131091000", "operatingIncome": "370125000", "sellingGeneralAndAdministrative": "11655000", "researchAndDevelopment": "None", "operatingExpenses": "392463000", "investmentIncomeNet": "-1501000", "netInterestIncome": "-47741000", "interestIncome": "None", "interestExpense": "47741000", "nonInterestIncome": "656574000", "otherNonOperatingIncome": "80186000", "depreciation": "144990000", "depreciationAndAmortization": "144990000", "incomeBeforeTax": "238272000", "incomeTaxExpense": "24000", "interestAndDebtExpense": "47741000", "netIncomeFromContinuingOperations": "238199000", "comprehensiveIncomeNetOfTax": "240374000", "ebit": "370125000", "ebitda": "431003000", "netIncome": "238248000"}, {"fiscalDateEnding": "2017-06-30", "reportedCurrency": "USD", "grossProfit": "387853000", "totalRevenue": "530512000", "costOfRevenue": "142659000", "costofGoodsAndServicesSold": "128142000", "operatingIncome": "358410000", "sellingGeneralAndAdministrative": "13947000", "researchAndDevelopment": "None", "operatingExpenses": "410473000", "investmentIncomeNet": "-1455000", "netInterestIncome": "-50102000", "interestIncome": "None", "interestExpense": "50102000", "nonInterestIncome": "505252000", "otherNonOperatingIncome": "45213000", "depreciation": "141439000", "depreciationAndAmortization": "141439000", "incomeBeforeTax": "165283000", "incomeTaxExpense": "58000", "interestAndDebtExpense": "74264000", "netIncomeFromContinuingOperations": "165194000", "comprehensiveIncomeNetOfTax": "150848000", "ebit": "358410000", "ebitda": "356824000", "netIncome": "165225000"}, {"fiscalDateEnding": "2017-03-31", "reportedCurrency": "USD", "grossProfit": "372339000", "totalRevenue": "522326000", "costOfRevenue": "149987000", "costofGoodsAndServicesSold": "124365000", "operatingIncome": "355869000", "sellingGeneralAndAdministrative": "13206000", "researchAndDevelopment": "None", "operatingExpenses": "391512000", "investmentIncomeNet": "-1321000", "netInterestIncome": "-49295000", "interestIncome": "None", "interestExpense": "49295000", "nonInterestIncome": "550573000", "otherNonOperatingIncome": "104987000", "depreciation": "140621000", "depreciationAndAmortization": "140621000", "incomeBeforeTax": "235895000", "incomeTaxExpense": "20000", "interestAndDebtExpense": "49295000", "netIncomeFromContinuingOperations": "235781000", "comprehensiveIncomeNetOfTax": "237772000", "ebit": "355869000", "ebitda": "425811000", "netIncome": "235875000"}, {"fiscalDateEnding": "2016-12-31", "reportedCurrency": "USD", "grossProfit": "518240000", "totalRevenue": "518240000", "costOfRevenue": "110480000", "costofGoodsAndServicesSold": "119396000", "operatingIncome": "283472000", "sellingGeneralAndAdministrative": "10428000", "researchAndDevelopment": "None", "operatingExpenses": "375374000", "investmentIncomeNet": "None", "netInterestIncome": "-49648000", "interestIncome": "None", "interestExpense": "49648000", "nonInterestIncome": "528830000", "otherNonOperatingIncome": "-202757000", "depreciation": "140020000", "depreciationAndAmortization": "140020000", "incomeBeforeTax": "242445000", "incomeTaxExpense": "210000", "interestAndDebtExpense": "54262000", "netIncomeFromContinuingOperations": "518240000", "comprehensiveIncomeNetOfTax": "312256000", "ebit": "283472000", "ebitda": "432113000", "netIncome": "242235000"}]}