{"symbol": "BAX", "annualReports": [{"fiscalDateEnding": "2020-12-31", "reportedCurrency": "USD", "grossProfit": "4587000000", "totalRevenue": "23192000000", "costOfRevenue": "10557000000", "costofGoodsAndServicesSold": "7086000000", "operatingIncome": "1616000000", "sellingGeneralAndAdministrative": "2469000000", "researchAndDevelopment": "521000000", "operatingExpenses": "3965000000", "investmentIncomeNet": "19000000", "netInterestIncome": "-134000000", "interestIncome": "19000000", "interestExpense": "153000000", "nonInterestIncome": "23187000000", "otherNonOperatingIncome": "-190000000", "depreciation": "601000000", "depreciationAndAmortization": "828000000", "incomeBeforeTax": "1284000000", "incomeTaxExpense": "182000000", "interestAndDebtExpense": "263000000", "netIncomeFromContinuingOperations": "1102000000", "comprehensiveIncomeNetOfTax": "1498000000", "ebit": "1437000000", "ebitda": "2265000000", "netIncome": "1102000000"}, {"fiscalDateEnding": "2019-12-31", "reportedCurrency": "USD", "grossProfit": "4761000000", "totalRevenue": "22616000000", "costOfRevenue": "10845000000", "costofGoodsAndServicesSold": "6601000000", "operatingIncome": "1772000000", "sellingGeneralAndAdministrative": "2535000000", "researchAndDevelopment": "595000000", "operatingExpenses": "4801000000", "investmentIncomeNet": "40000000", "netInterestIncome": "-71000000", "interestIncome": "40000000", "interestExpense": "111000000", "nonInterestIncome": "22687000000", "otherNonOperatingIncome": "-731000000", "depreciation": "606000000", "depreciationAndAmortization": "789000000", "incomeBeforeTax": "960000000", "incomeTaxExpense": "-41000000", "interestAndDebtExpense": "111000000", "netIncomeFromContinuingOperations": "1001000000", "comprehensiveIncomeNetOfTax": "1275000000", "ebit": "1071000000", "ebitda": "1860000000", "netIncome": "1001000000"}, {"fiscalDateEnding": "2018-12-31", "reportedCurrency": "USD", "grossProfit": "4759000000", "totalRevenue": "11245000000", "costOfRevenue": "9862000000", "costofGoodsAndServicesSold": "6340000000", "operatingIncome": "1584000000", "sellingGeneralAndAdministrative": "2620000000", "researchAndDevelopment": "654000000", "operatingExpenses": "4165000000", "investmentIncomeNet": "48000000", "netInterestIncome": "-45000000", "interestIncome": "48000000", "interestExpense": "93000000", "nonInterestIncome": "11200000000", "otherNonOperatingIncome": "78000000", "depreciation": "602000000", "depreciationAndAmortization": "782000000", "incomeBeforeTax": "1611000000", "incomeTaxExpense": "65000000", "interestAndDebtExpense": "93000000", "netIncomeFromContinuingOperations": "1552000000", "comprehensiveIncomeNetOfTax": "1265000000", "ebit": "1704000000", "ebitda": "2486000000", "netIncome": "1546000000"}, {"fiscalDateEnding": "2017-12-31", "reportedCurrency": "USD", "grossProfit": "4474000000", "totalRevenue": "10556000000", "costOfRevenue": "9517000000", "costofGoodsAndServicesSold": "6110000000", "operatingIncome": "1288000000", "sellingGeneralAndAdministrative": "2627000000", "researchAndDevelopment": "615000000", "operatingExpenses": "4032000000", "investmentIncomeNet": "30000000", "netInterestIncome": "-55000000", "interestIncome": "30000000", "interestExpense": "85000000", "nonInterestIncome": "50000000", "otherNonOperatingIncome": "-133000000", "depreciation": "596000000", "depreciationAndAmortization": "761000000", "incomeBeforeTax": "1093000000", "incomeTaxExpense": "491000000", "interestAndDebtExpense": "85000000", "netIncomeFromContinuingOperations": "609000000", "comprehensiveIncomeNetOfTax": "1324000000", "ebit": "1178000000", "ebitda": "1939000000", "netIncome": "602000000"}, {"fiscalDateEnding": "2016-12-31", "reportedCurrency": "USD", "grossProfit": "4116000000", "totalRevenue": "9978000000", "costOfRevenue": "9903000000", "costofGoodsAndServicesSold": "6047000000", "operatingIncome": "745000000", "sellingGeneralAndAdministrative": "2725000000", "researchAndDevelopment": "646000000", "operatingExpenses": "4494000000", "investmentIncomeNet": "23000000", "netInterestIncome": "-66000000", "interestIncome": "23000000", "interestExpense": "89000000", "nonInterestIncome": "-119000000", "otherNonOperatingIncome": "4275000000", "depreciation": "632000000", "depreciationAndAmortization": "800000000", "incomeBeforeTax": "4953000000", "incomeTaxExpense": "-12000000", "interestAndDebtExpense": "242000000", "netIncomeFromContinuingOperations": "4966000000", "comprehensiveIncomeNetOfTax": "185000000", "ebit": "5042000000", "ebitda": "5842000000", "netIncome": "4965000000"}], "quarterlyReports": [{"fiscalDateEnding": "2021-09-30", "reportedCurrency": "USD", "grossProfit": "1321000000", "totalRevenue": "3200000000", "costOfRevenue": "2685000000", "costofGoodsAndServicesSold": "1905000000", "operatingIncome": "513000000", "sellingGeneralAndAdministrative": "680000000", "researchAndDevelopment": "129000000", "operatingExpenses": "908000000", "investmentIncomeNet": "4000000", "netInterestIncome": "-50000000", "interestIncome": "4000000", "interestExpense": "54000000", "nonInterestIncome": "3226000000", "otherNonOperatingIncome": "-12000000", "depreciation": "None", "depreciationAndAmortization": "68000000", "incomeBeforeTax": "449000000", "incomeTaxExpense": "-1000000", "interestAndDebtExpense": "54000000", "netIncomeFromContinuingOperations": "452000000", "comprehensiveIncomeNetOfTax": "344000000", "ebit": "503000000", "ebitda": "571000000", "netIncome": "450000000"}, {"fiscalDateEnding": "2021-06-30", "reportedCurrency": "USD", "grossProfit": "1233000000", "totalRevenue": "3101000000", "costOfRevenue": "2617000000", "costofGoodsAndServicesSold": "1865000000", "operatingIncome": "424000000", "sellingGeneralAndAdministrative": "675000000", "researchAndDevelopment": "139000000", "operatingExpenses": "877000000", "investmentIncomeNet": "3000000", "netInterestIncome": "-34000000", "interestIncome": "3000000", "interestExpense": "37000000", "nonInterestIncome": "3090000000", "otherNonOperatingIncome": "2000000", "depreciation": "None", "depreciationAndAmortization": "67000000", "incomeBeforeTax": "389000000", "incomeTaxExpense": "91000000", "interestAndDebtExpense": "37000000", "netIncomeFromContinuingOperations": "301000000", "comprehensiveIncomeNetOfTax": "402000000", "ebit": "426000000", "ebitda": "493000000", "netIncome": "298000000"}, {"fiscalDateEnding": "2021-03-31", "reportedCurrency": "USD", "grossProfit": "1145000000", "totalRevenue": "2955000000", "costOfRevenue": "2517000000", "costofGoodsAndServicesSold": "1801000000", "operatingIncome": "390000000", "sellingGeneralAndAdministrative": "627000000", "researchAndDevelopment": "128000000", "operatingExpenses": "839000000", "investmentIncomeNet": "3000000", "netInterestIncome": "-34000000", "interestIncome": "3000000", "interestExpense": "37000000", "nonInterestIncome": "2949000000", "otherNonOperatingIncome": "-5000000", "depreciation": "None", "depreciationAndAmortization": "64000000", "incomeBeforeTax": "349000000", "incomeTaxExpense": "51000000", "interestAndDebtExpense": "37000000", "netIncomeFromContinuingOperations": "300000000", "comprehensiveIncomeNetOfTax": "132000000", "ebit": "386000000", "ebitda": "450000000", "netIncome": "298000000"}, {"fiscalDateEnding": "2020-12-31", "reportedCurrency": "USD", "grossProfit": "1191000000", "totalRevenue": "3071000000", "costOfRevenue": "72000000", "costofGoodsAndServicesSold": "1990000000", "operatingIncome": "406000000", "sellingGeneralAndAdministrative": "650000000", "researchAndDevelopment": "135000000", "operatingExpenses": "72000000", "investmentIncomeNet": "3000000", "netInterestIncome": "-38000000", "interestIncome": "3000000", "interestExpense": "41000000", "nonInterestIncome": "3071000000", "otherNonOperatingIncome": "-158000000", "depreciation": "None", "depreciationAndAmortization": "663000000", "incomeBeforeTax": "207000000", "incomeTaxExpense": "39000000", "interestAndDebtExpense": "110000000", "netIncomeFromContinuingOperations": "163000000", "comprehensiveIncomeNetOfTax": "693000000", "ebit": "248000000", "ebitda": "911000000", "netIncome": "168000000"}, {"fiscalDateEnding": "2020-09-30", "reportedCurrency": "USD", "grossProfit": "1195000000", "totalRevenue": "2937000000", "costOfRevenue": "2461000000", "costofGoodsAndServicesSold": "1777000000", "operatingIncome": "470000000", "sellingGeneralAndAdministrative": "601000000", "researchAndDevelopment": "123000000", "operatingExpenses": "799000000", "investmentIncomeNet": "3000000", "netInterestIncome": "-39000000", "interestIncome": "3000000", "interestExpense": "42000000", "nonInterestIncome": "2949000000", "otherNonOperatingIncome": "-16000000", "depreciation": "None", "depreciationAndAmortization": "57000000", "incomeBeforeTax": "412000000", "incomeTaxExpense": "56000000", "interestAndDebtExpense": "42000000", "netIncomeFromContinuingOperations": "359000000", "comprehensiveIncomeNetOfTax": "505000000", "ebit": "454000000", "ebitda": "511000000", "netIncome": "356000000"}, {"fiscalDateEnding": "2020-06-30", "reportedCurrency": "USD", "grossProfit": "1038000000", "totalRevenue": "2696000000", "costOfRevenue": "2350000000", "costofGoodsAndServicesSold": "1680000000", "operatingIncome": "331000000", "sellingGeneralAndAdministrative": "590000000", "researchAndDevelopment": "117000000", "operatingExpenses": "782000000", "investmentIncomeNet": "4000000", "netInterestIncome": "-36000000", "interestIncome": "4000000", "interestExpense": "40000000", "nonInterestIncome": "2708000000", "otherNonOperatingIncome": "-6000000", "depreciation": "None", "depreciationAndAmortization": "56000000", "incomeBeforeTax": "288000000", "incomeTaxExpense": "42000000", "interestAndDebtExpense": "40000000", "netIncomeFromContinuingOperations": "247000000", "comprehensiveIncomeNetOfTax": "435000000", "ebit": "328000000", "ebitda": "384000000", "netIncome": "246000000"}, {"fiscalDateEnding": "2020-03-31", "reportedCurrency": "USD", "grossProfit": "1163000000", "totalRevenue": "2787000000", "costOfRevenue": "2344000000", "costofGoodsAndServicesSold": "1639000000", "operatingIncome": "409000000", "sellingGeneralAndAdministrative": "628000000", "researchAndDevelopment": "146000000", "operatingExpenses": "858000000", "investmentIncomeNet": "9000000", "netInterestIncome": "-21000000", "interestIncome": "9000000", "interestExpense": "30000000", "nonInterestIncome": "2791000000", "otherNonOperatingIncome": "-10000000", "depreciation": "None", "depreciationAndAmortization": "52000000", "incomeBeforeTax": "377000000", "incomeTaxExpense": "45000000", "interestAndDebtExpense": "30000000", "netIncomeFromContinuingOperations": "333000000", "comprehensiveIncomeNetOfTax": "-135000000", "ebit": "407000000", "ebitda": "459000000", "netIncome": "332000000"}, {"fiscalDateEnding": "2019-12-31", "reportedCurrency": "USD", "grossProfit": "1298000000", "totalRevenue": "3039000000", "costOfRevenue": "-755000000", "costofGoodsAndServicesSold": "1741000000", "operatingIncome": "536000000", "sellingGeneralAndAdministrative": "666000000", "researchAndDevelopment": "156000000", "operatingExpenses": "-755000000", "investmentIncomeNet": "10000000", "netInterestIncome": "-20000000", "interestIncome": "10000000", "interestExpense": "30000000", "nonInterestIncome": "3039000000", "otherNonOperatingIncome": "-739000000", "depreciation": "None", "depreciationAndAmortization": "653000000", "incomeBeforeTax": "-227000000", "incomeTaxExpense": "-204000000", "interestAndDebtExpense": "30000000", "netIncomeFromContinuingOperations": "-29000000", "comprehensiveIncomeNetOfTax": "555000000", "ebit": "-197000000", "ebitda": "456000000", "netIncome": "-23000000"}, {"fiscalDateEnding": "2019-09-30", "reportedCurrency": "USD", "grossProfit": "1230000000", "totalRevenue": "2808000000", "costOfRevenue": "2313000000", "costofGoodsAndServicesSold": "1621000000", "operatingIncome": "503000000", "sellingGeneralAndAdministrative": "627000000", "researchAndDevelopment": "144000000", "operatingExpenses": "836000000", "investmentIncomeNet": "15000000", "netInterestIncome": "-13000000", "interestIncome": "15000000", "interestExpense": "28000000", "nonInterestIncome": "2821000000", "otherNonOperatingIncome": "-9000000", "depreciation": "None", "depreciationAndAmortization": "48000000", "incomeBeforeTax": "475000000", "incomeTaxExpense": "106000000", "interestAndDebtExpense": "28000000", "netIncomeFromContinuingOperations": "375000000", "comprehensiveIncomeNetOfTax": "167000000", "ebit": "503000000", "ebitda": "551000000", "netIncome": "369000000"}, {"fiscalDateEnding": "2019-06-30", "reportedCurrency": "USD", "grossProfit": "1153000000", "totalRevenue": "2841000000", "costOfRevenue": "2420000000", "costofGoodsAndServicesSold": "1681000000", "operatingIncome": "350000000", "sellingGeneralAndAdministrative": "641000000", "researchAndDevelopment": "166000000", "operatingExpenses": "905000000", "investmentIncomeNet": "8000000", "netInterestIncome": "-20000000", "interestIncome": "8000000", "interestExpense": "28000000", "nonInterestIncome": "2857000000", "otherNonOperatingIncome": "-4000000", "depreciation": "None", "depreciationAndAmortization": "45000000", "incomeBeforeTax": "326000000", "incomeTaxExpense": "13000000", "interestAndDebtExpense": "28000000", "netIncomeFromContinuingOperations": "343000000", "comprehensiveIncomeNetOfTax": "309000000", "ebit": "354000000", "ebitda": "399000000", "netIncome": "313000000"}, {"fiscalDateEnding": "2019-03-31", "reportedCurrency": "USD", "grossProfit": "1080000000", "totalRevenue": "2652000000", "costOfRevenue": "2220000000", "costofGoodsAndServicesSold": "1558000000", "operatingIncome": "383000000", "sellingGeneralAndAdministrative": "601000000", "researchAndDevelopment": "129000000", "operatingExpenses": "764000000", "investmentIncomeNet": "7000000", "netInterestIncome": "-18000000", "interestIncome": "7000000", "interestExpense": "25000000", "nonInterestIncome": "2637000000", "otherNonOperatingIncome": "21000000", "depreciation": "None", "depreciationAndAmortization": "43000000", "incomeBeforeTax": "386000000", "incomeTaxExpense": "44000000", "interestAndDebtExpense": "25000000", "netIncomeFromContinuingOperations": "347000000", "comprehensiveIncomeNetOfTax": "244000000", "ebit": "411000000", "ebitda": "454000000", "netIncome": "342000000"}, {"fiscalDateEnding": "2018-12-31", "reportedCurrency": "USD", "grossProfit": "1183000000", "totalRevenue": "2841000000", "costOfRevenue": "2277000000", "costofGoodsAndServicesSold": "1650000000", "operatingIncome": "391000000", "sellingGeneralAndAdministrative": "627000000", "researchAndDevelopment": "175000000", "operatingExpenses": "802000000", "investmentIncomeNet": "12000000", "netInterestIncome": "-11000000", "interestIncome": "12000000", "interestExpense": "23000000", "nonInterestIncome": "2841000000", "otherNonOperatingIncome": "33000000", "depreciation": "None", "depreciationAndAmortization": "655000000", "incomeBeforeTax": "407000000", "incomeTaxExpense": "102000000", "interestAndDebtExpense": "23000000", "netIncomeFromContinuingOperations": "311000000", "comprehensiveIncomeNetOfTax": "236000000", "ebit": "430000000", "ebitda": "1085000000", "netIncome": "305000000"}, {"fiscalDateEnding": "2018-09-30", "reportedCurrency": "USD", "grossProfit": "1232000000", "totalRevenue": "2776000000", "costOfRevenue": "2321000000", "costofGoodsAndServicesSold": "1529000000", "operatingIncome": "382000000", "sellingGeneralAndAdministrative": "684000000", "researchAndDevelopment": "166000000", "operatingExpenses": "956000000", "investmentIncomeNet": "13000000", "netInterestIncome": "-11000000", "interestIncome": "13000000", "interestExpense": "24000000", "nonInterestIncome": "2787000000", "otherNonOperatingIncome": "1000000", "depreciation": "None", "depreciationAndAmortization": "42000000", "incomeBeforeTax": "372000000", "incomeTaxExpense": "-146000000", "interestAndDebtExpense": "24000000", "netIncomeFromContinuingOperations": "518000000", "comprehensiveIncomeNetOfTax": "520000000", "ebit": "396000000", "ebitda": "438000000", "netIncome": "518000000"}, {"fiscalDateEnding": "2018-06-30", "reportedCurrency": "USD", "grossProfit": "1223000000", "totalRevenue": "2849000000", "costOfRevenue": "2349000000", "costofGoodsAndServicesSold": "1590000000", "operatingIncome": "377000000", "sellingGeneralAndAdministrative": "676000000", "researchAndDevelopment": "172000000", "operatingExpenses": "920000000", "investmentIncomeNet": "13000000", "netInterestIncome": "-11000000", "interestIncome": "13000000", "interestExpense": "24000000", "nonInterestIncome": "2860000000", "otherNonOperatingIncome": "38000000", "depreciation": "None", "depreciationAndAmortization": "44000000", "incomeBeforeTax": "404000000", "incomeTaxExpense": "63000000", "interestAndDebtExpense": "24000000", "netIncomeFromContinuingOperations": "341000000", "comprehensiveIncomeNetOfTax": "20000000", "ebit": "428000000", "ebitda": "472000000", "netIncome": "341000000"}, {"fiscalDateEnding": "2018-03-31", "reportedCurrency": "USD", "grossProfit": "1121000000", "totalRevenue": "2680000000", "costOfRevenue": "2238000000", "costofGoodsAndServicesSold": "1571000000", "operatingIncome": "434000000", "sellingGeneralAndAdministrative": "633000000", "researchAndDevelopment": "141000000", "operatingExpenses": "815000000", "investmentIncomeNet": "10000000", "netInterestIncome": "-12000000", "interestIncome": "10000000", "interestExpense": "22000000", "nonInterestIncome": "15000000", "otherNonOperatingIncome": "6000000", "depreciation": "None", "depreciationAndAmortization": "41000000", "incomeBeforeTax": "428000000", "incomeTaxExpense": "46000000", "interestAndDebtExpense": "22000000", "netIncomeFromContinuingOperations": "382000000", "comprehensiveIncomeNetOfTax": "517000000", "ebit": "450000000", "ebitda": "491000000", "netIncome": "382000000"}, {"fiscalDateEnding": "2017-12-31", "reportedCurrency": "USD", "grossProfit": "1164000000", "totalRevenue": "2774000000", "costOfRevenue": "2528000000", "costofGoodsAndServicesSold": "1629000000", "operatingIncome": "288000000", "sellingGeneralAndAdministrative": "753000000", "researchAndDevelopment": "183000000", "operatingExpenses": "1095000000", "investmentIncomeNet": "9000000", "netInterestIncome": "-14000000", "interestIncome": "9000000", "interestExpense": "23000000", "nonInterestIncome": "2774000000", "otherNonOperatingIncome": "-98000000", "depreciation": "None", "depreciationAndAmortization": "199000000", "incomeBeforeTax": "281000000", "incomeTaxExpense": "352000000", "interestAndDebtExpense": "23000000", "netIncomeFromContinuingOperations": "-61000000", "comprehensiveIncomeNetOfTax": "-26000000", "ebit": "304000000", "ebitda": "503000000", "netIncome": "-71000000"}, {"fiscalDateEnding": "2017-09-30", "reportedCurrency": "USD", "grossProfit": "1130000000", "totalRevenue": "2705000000", "costOfRevenue": "2479000000", "costofGoodsAndServicesSold": "1577000000", "operatingIncome": "300000000", "sellingGeneralAndAdministrative": "680000000", "researchAndDevelopment": "150000000", "operatingExpenses": "1051000000", "investmentIncomeNet": "8000000", "netInterestIncome": "-14000000", "interestIncome": "8000000", "interestExpense": "22000000", "nonInterestIncome": "12000000", "otherNonOperatingIncome": "4000000", "depreciation": "None", "depreciationAndAmortization": "184000000", "incomeBeforeTax": "293000000", "incomeTaxExpense": "42000000", "interestAndDebtExpense": "22000000", "netIncomeFromContinuingOperations": "248000000", "comprehensiveIncomeNetOfTax": "433000000", "ebit": "315000000", "ebitda": "499000000", "netIncome": "251000000"}, {"fiscalDateEnding": "2017-06-30", "reportedCurrency": "USD", "grossProfit": "1132000000", "totalRevenue": "2607000000", "costOfRevenue": "2310000000", "costofGoodsAndServicesSold": "1473000000", "operatingIncome": "347000000", "sellingGeneralAndAdministrative": "630000000", "researchAndDevelopment": "155000000", "operatingExpenses": "991000000", "investmentIncomeNet": "8000000", "netInterestIncome": "-13000000", "interestIncome": "8000000", "interestExpense": "21000000", "nonInterestIncome": "15000000", "otherNonOperatingIncome": "-28000000", "depreciation": "None", "depreciationAndAmortization": "184000000", "incomeBeforeTax": "307000000", "incomeTaxExpense": "42000000", "interestAndDebtExpense": "21000000", "netIncomeFromContinuingOperations": "264000000", "comprehensiveIncomeNetOfTax": "507000000", "ebit": "328000000", "ebitda": "512000000", "netIncome": "265000000"}, {"fiscalDateEnding": "2017-03-31", "reportedCurrency": "USD", "grossProfit": "1044000000", "totalRevenue": "2469000000", "costOfRevenue": "2200000000", "costofGoodsAndServicesSold": "1431000000", "operatingIncome": "353000000", "sellingGeneralAndAdministrative": "564000000", "researchAndDevelopment": "127000000", "operatingExpenses": "895000000", "investmentIncomeNet": "6000000", "netInterestIncome": "-14000000", "interestIncome": "6000000", "interestExpense": "20000000", "nonInterestIncome": "8000000", "otherNonOperatingIncome": "-11000000", "depreciation": "None", "depreciationAndAmortization": "194000000", "incomeBeforeTax": "327000000", "incomeTaxExpense": "55000000", "interestAndDebtExpense": "20000000", "netIncomeFromContinuingOperations": "273000000", "comprehensiveIncomeNetOfTax": "410000000", "ebit": "347000000", "ebitda": "541000000", "netIncome": "272000000"}, {"fiscalDateEnding": "2016-12-31", "reportedCurrency": "USD", "grossProfit": "1102000000", "totalRevenue": "2645000000", "costOfRevenue": "2462000000", "costofGoodsAndServicesSold": "1537000000", "operatingIncome": "303000000", "sellingGeneralAndAdministrative": "649000000", "researchAndDevelopment": "156000000", "operatingExpenses": "1073000000", "investmentIncomeNet": "7000000", "netInterestIncome": "-13000000", "interestIncome": "7000000", "interestExpense": "20000000", "nonInterestIncome": "7000000", "otherNonOperatingIncome": "-11000000", "depreciation": "None", "depreciationAndAmortization": "201000000", "incomeBeforeTax": "282000000", "incomeTaxExpense": "39000000", "interestAndDebtExpense": "20000000", "netIncomeFromContinuingOperations": "240000000", "comprehensiveIncomeNetOfTax": "1105000000", "ebit": "302000000", "ebitda": "503000000", "netIncome": "243000000"}]}