{"symbol": "BBWI", "annualReports": [{"fiscalDateEnding": "2021-01-30", "reportedCurrency": "USD", "grossProfit": "4667000000", "totalRevenue": "11356000000", "costOfRevenue": "10524000000", "costofGoodsAndServicesSold": "7180000000", "operatingIncome": "1580000000", "sellingGeneralAndAdministrative": "3087000000", "researchAndDevelopment": "None", "operatingExpenses": "3305000000", "investmentIncomeNet": "None", "netInterestIncome": "-438000000", "interestIncome": "None", "interestExpense": "438000000", "nonInterestIncome": "11794000000", "otherNonOperatingIncome": "-50000000", "depreciation": "521000000", "depreciationAndAmortization": "521000000", "incomeBeforeTax": "1092000000", "incomeTaxExpense": "248000000", "interestAndDebtExpense": "491000000", "netIncomeFromContinuingOperations": "844000000", "comprehensiveIncomeNetOfTax": "875000000", "ebit": "1530000000", "ebitda": "2051000000", "netIncome": "844000000"}, {"fiscalDateEnding": "2020-02-01", "reportedCurrency": "USD", "grossProfit": "4450000000", "totalRevenue": "12496000000", "costOfRevenue": "12919000000", "costofGoodsAndServicesSold": "8464000000", "operatingIncome": "258000000", "sellingGeneralAndAdministrative": "3472000000", "researchAndDevelopment": "None", "operatingExpenses": "4455000000", "investmentIncomeNet": "None", "netInterestIncome": "-378000000", "interestIncome": "None", "interestExpense": "378000000", "nonInterestIncome": "12874000000", "otherNonOperatingIncome": "-61000000", "depreciation": "588000000", "depreciationAndAmortization": "588000000", "incomeBeforeTax": "-181000000", "incomeTaxExpense": "185000000", "interestAndDebtExpense": "418000000", "netIncomeFromContinuingOperations": "-366000000", "comprehensiveIncomeNetOfTax": "-373000000", "ebit": "197000000", "ebitda": "785000000", "netIncome": "-366000000"}, {"fiscalDateEnding": "2019-02-02", "reportedCurrency": "USD", "grossProfit": "4899000000", "totalRevenue": "12852000000", "costOfRevenue": "12002000000", "costofGoodsAndServicesSold": "8338000000", "operatingIncome": "1237000000", "sellingGeneralAndAdministrative": "3563000000", "researchAndDevelopment": "None", "operatingExpenses": "3664000000", "investmentIncomeNet": "None", "netInterestIncome": "-385000000", "interestIncome": "None", "interestExpense": "385000000", "nonInterestIncome": "13237000000", "otherNonOperatingIncome": "5000000", "depreciation": "590000000", "depreciationAndAmortization": "590000000", "incomeBeforeTax": "857000000", "incomeTaxExpense": "213000000", "interestAndDebtExpense": "385000000", "netIncomeFromContinuingOperations": "644000000", "comprehensiveIncomeNetOfTax": "681000000", "ebit": "1242000000", "ebitda": "1832000000", "netIncome": "644000000"}, {"fiscalDateEnding": "2018-02-03", "reportedCurrency": "USD", "grossProfit": "4959000000", "totalRevenue": "12183000000", "costOfRevenue": "10904000000", "costofGoodsAndServicesSold": "7673000000", "operatingIncome": "1728000000", "sellingGeneralAndAdministrative": "3231000000", "researchAndDevelopment": "None", "operatingExpenses": "3231000000", "investmentIncomeNet": "None", "netInterestIncome": "-406000000", "interestIncome": "None", "interestExpense": "406000000", "nonInterestIncome": "-43000000", "otherNonOperatingIncome": "-10000000", "depreciation": "571000000", "depreciationAndAmortization": "571000000", "incomeBeforeTax": "1312000000", "incomeTaxExpense": "329000000", "interestAndDebtExpense": "451000000", "netIncomeFromContinuingOperations": "983000000", "comprehensiveIncomeNetOfTax": "995000000", "ebit": "1718000000", "ebitda": "2289000000", "netIncome": "983000000"}, {"fiscalDateEnding": "2017-01-28", "reportedCurrency": "USD", "grossProfit": "5125000000", "totalRevenue": "12146000000", "costOfRevenue": "10571000000", "costofGoodsAndServicesSold": "7449000000", "operatingIncome": "2003000000", "sellingGeneralAndAdministrative": "3122000000", "researchAndDevelopment": "None", "operatingExpenses": "3122000000", "investmentIncomeNet": "None", "netInterestIncome": "-394000000", "interestIncome": "None", "interestExpense": "394000000", "nonInterestIncome": "-34000000", "otherNonOperatingIncome": "87000000", "depreciation": "518000000", "depreciationAndAmortization": "518000000", "incomeBeforeTax": "1696000000", "incomeTaxExpense": "538000000", "interestAndDebtExpense": "430000000", "netIncomeFromContinuingOperations": "1158000000", "comprehensiveIncomeNetOfTax": "1130000000", "ebit": "2090000000", "ebitda": "2608000000", "netIncome": "1158000000"}], "quarterlyReports": [{"fiscalDateEnding": "2021-07-31", "reportedCurrency": "USD", "grossProfit": "1498000000", "totalRevenue": "3219000000", "costOfRevenue": "2719000000", "costofGoodsAndServicesSold": "1820000000", "operatingIncome": "599000000", "sellingGeneralAndAdministrative": "899000000", "researchAndDevelopment": "None", "operatingExpenses": "899000000", "investmentIncomeNet": "None", "netInterestIncome": "-99000000", "interestIncome": "None", "interestExpense": "99000000", "nonInterestIncome": "3318000000", "otherNonOperatingIncome": "-1000000", "depreciation": "129000000", "depreciationAndAmortization": "129000000", "incomeBeforeTax": "499000000", "incomeTaxExpense": "125000000", "interestAndDebtExpense": "99000000", "netIncomeFromContinuingOperations": "473000000", "comprehensiveIncomeNetOfTax": "375000000", "ebit": "598000000", "ebitda": "726940000", "netIncome": "374000000"}, {"fiscalDateEnding": "2021-05-01", "reportedCurrency": "USD", "grossProfit": "1414000000", "totalRevenue": "2805000000", "costOfRevenue": "2452000000", "costofGoodsAndServicesSold": "1610000000", "operatingIncome": "572000000", "sellingGeneralAndAdministrative": "842000000", "researchAndDevelopment": "None", "operatingExpenses": "842000000", "investmentIncomeNet": "None", "netInterestIncome": "-114000000", "interestIncome": "None", "interestExpense": "114000000", "nonInterestIncome": "2919000000", "otherNonOperatingIncome": "-105000000", "depreciation": "129000000", "depreciationAndAmortization": "129000000", "incomeBeforeTax": "353000000", "incomeTaxExpense": "76000000", "interestAndDebtExpense": "219000000", "netIncomeFromContinuingOperations": "391000000", "comprehensiveIncomeNetOfTax": "280000000", "ebit": "467000000", "ebitda": "596000000", "netIncome": "277000000"}, {"fiscalDateEnding": "2021-01-30", "reportedCurrency": "USD", "grossProfit": "2309000000", "totalRevenue": "4819000000", "costOfRevenue": "3588000000", "costofGoodsAndServicesSold": "2511000000", "operatingIncome": "1273000000", "sellingGeneralAndAdministrative": "1034000000", "researchAndDevelopment": "None", "operatingExpenses": "1077000000", "investmentIncomeNet": "None", "netInterestIncome": "-116000000", "interestIncome": "None", "interestExpense": "116000000", "nonInterestIncome": "4819000000", "otherNonOperatingIncome": "-2000000", "depreciation": "128000000", "depreciationAndAmortization": "128000000", "incomeBeforeTax": "1154000000", "incomeTaxExpense": "295000000", "interestAndDebtExpense": "116000000", "netIncomeFromContinuingOperations": "1154000000", "comprehensiveIncomeNetOfTax": "895000000", "ebit": "1270000000", "ebitda": "1399000000", "netIncome": "859000000"}, {"fiscalDateEnding": "2020-10-31", "reportedCurrency": "USD", "grossProfit": "1359000000", "totalRevenue": "2934000000", "costOfRevenue": "2474000000", "costofGoodsAndServicesSold": "1696000000", "operatingIncome": "581000000", "sellingGeneralAndAdministrative": "778000000", "researchAndDevelopment": "None", "operatingExpenses": "778000000", "investmentIncomeNet": "None", "netInterestIncome": "-121000000", "interestIncome": "None", "interestExpense": "121000000", "nonInterestIncome": "3055000000", "otherNonOperatingIncome": "-50000000", "depreciation": "127000000", "depreciationAndAmortization": "127000000", "incomeBeforeTax": "410000000", "incomeTaxExpense": "79000000", "interestAndDebtExpense": "121000000", "netIncomeFromContinuingOperations": "452000000", "comprehensiveIncomeNetOfTax": "330000000", "ebit": "531000000", "ebitda": "658000000", "netIncome": "331000000"}, {"fiscalDateEnding": "2020-08-01", "reportedCurrency": "USD", "grossProfit": "711000000", "totalRevenue": "2319000000", "costOfRevenue": "2275000000", "costofGoodsAndServicesSold": "1608000000", "operatingIncome": "44000000", "sellingGeneralAndAdministrative": "667000000", "researchAndDevelopment": "None", "operatingExpenses": "-39000000", "investmentIncomeNet": "None", "netInterestIncome": "-104000000", "interestIncome": "None", "interestExpense": "104000000", "nonInterestIncome": "2319000000", "otherNonOperatingIncome": "0", "depreciation": "127000000", "depreciationAndAmortization": "127000000", "incomeBeforeTax": "-60000000", "incomeTaxExpense": "-11000000", "interestAndDebtExpense": "104000000", "netIncomeFromContinuingOperations": "39000000", "comprehensiveIncomeNetOfTax": "-51000000", "ebit": "44000000", "ebitda": "171000000", "netIncome": "-49000000"}, {"fiscalDateEnding": "2020-05-02", "reportedCurrency": "USD", "grossProfit": "288000000", "totalRevenue": "1654000000", "costOfRevenue": "2069000000", "costofGoodsAndServicesSold": "1366000000", "operatingIncome": "-318000000", "sellingGeneralAndAdministrative": "606000000", "researchAndDevelopment": "None", "operatingExpenses": "703000000", "investmentIncomeNet": "None", "netInterestIncome": "-97000000", "interestIncome": "None", "interestExpense": "97000000", "nonInterestIncome": "1654000000", "otherNonOperatingIncome": "3000000", "depreciation": "139000000", "depreciationAndAmortization": "139000000", "incomeBeforeTax": "-412000000", "incomeTaxExpense": "-115000000", "interestAndDebtExpense": "97000000", "netIncomeFromContinuingOperations": "50000000", "comprehensiveIncomeNetOfTax": "-298000000", "ebit": "-315000000", "ebitda": "-176000000", "netIncome": "-297000000"}, {"fiscalDateEnding": "2020-02-01", "reportedCurrency": "USD", "grossProfit": "1794000000", "totalRevenue": "4707000000", "costOfRevenue": "4641000000", "costofGoodsAndServicesSold": "2914000000", "operatingIncome": "82000000", "sellingGeneralAndAdministrative": "992000000", "researchAndDevelopment": "None", "operatingExpenses": "1727000000", "investmentIncomeNet": "None", "netInterestIncome": "-92000000", "interestIncome": "None", "interestExpense": "92000000", "nonInterestIncome": "4707000000", "otherNonOperatingIncome": "5000000", "depreciation": "145000000", "depreciationAndAmortization": "145000000", "incomeBeforeTax": "-6000000", "incomeTaxExpense": "186000000", "interestAndDebtExpense": "92000000", "netIncomeFromContinuingOperations": "-7000000", "comprehensiveIncomeNetOfTax": "-193000000", "ebit": "86000000", "ebitda": "231000000", "netIncome": "-192000000"}, {"fiscalDateEnding": "2019-11-02", "reportedCurrency": "USD", "grossProfit": "741000000", "totalRevenue": "2677000000", "costOfRevenue": "255000000", "costofGoodsAndServicesSold": "1936000000", "operatingIncome": "-151000000", "sellingGeneralAndAdministrative": "892000000", "researchAndDevelopment": "None", "operatingExpenses": "255000000", "investmentIncomeNet": "None", "netInterestIncome": "-92000000", "interestIncome": "None", "interestExpense": "92000000", "nonInterestIncome": "2677000000", "otherNonOperatingIncome": "-34000000", "depreciation": "148000000", "depreciationAndAmortization": "148000000", "incomeBeforeTax": "-277000000", "incomeTaxExpense": "-25000000", "interestAndDebtExpense": "92000000", "netIncomeFromContinuingOperations": "-277000000", "comprehensiveIncomeNetOfTax": "-248000000", "ebit": "-185000000", "ebitda": "-37000000", "netIncome": "-252000000"}, {"fiscalDateEnding": "2019-08-03", "reportedCurrency": "USD", "grossProfit": "983000000", "totalRevenue": "40000000", "costOfRevenue": "2727000000", "costofGoodsAndServicesSold": "1919000000", "operatingIncome": "175000000", "sellingGeneralAndAdministrative": "808000000", "researchAndDevelopment": "None", "operatingExpenses": "808000000", "investmentIncomeNet": "None", "netInterestIncome": "-95000000", "interestIncome": "None", "interestExpense": "95000000", "nonInterestIncome": "40000000", "otherNonOperatingIncome": "-38000000", "depreciation": "150000000", "depreciationAndAmortization": "150000000", "incomeBeforeTax": "42000000", "incomeTaxExpense": "4000000", "interestAndDebtExpense": "-40000000", "netIncomeFromContinuingOperations": "40000000", "comprehensiveIncomeNetOfTax": "32000000", "ebit": "137000000", "ebitda": "287000000", "netIncome": "38000000"}, {"fiscalDateEnding": "2019-05-04", "reportedCurrency": "USD", "grossProfit": "934000000", "totalRevenue": "2629000000", "costOfRevenue": "2476000000", "costofGoodsAndServicesSold": "1695000000", "operatingIncome": "153000000", "sellingGeneralAndAdministrative": "781000000", "researchAndDevelopment": "None", "operatingExpenses": "781000000", "investmentIncomeNet": "None", "netInterestIncome": "-99000000", "interestIncome": "None", "interestExpense": "99000000", "nonInterestIncome": "2629000000", "otherNonOperatingIncome": "6000000", "depreciation": "145000000", "depreciationAndAmortization": "145000000", "incomeBeforeTax": "60000000", "incomeTaxExpense": "20000000", "interestAndDebtExpense": "99000000", "netIncomeFromContinuingOperations": "60000000", "comprehensiveIncomeNetOfTax": "36000000", "ebit": "159000000", "ebitda": "304000000", "netIncome": "40000000"}, {"fiscalDateEnding": "2019-02-02", "reportedCurrency": "USD", "grossProfit": "1968000000", "totalRevenue": "4852000000", "costOfRevenue": "3000000", "costofGoodsAndServicesSold": "2884000000", "operatingIncome": "800000000", "sellingGeneralAndAdministrative": "1069000000", "researchAndDevelopment": "None", "operatingExpenses": "3000000", "investmentIncomeNet": "None", "netInterestIncome": "-93000000", "interestIncome": "None", "interestExpense": "93000000", "nonInterestIncome": "4852000000", "otherNonOperatingIncome": "4000000", "depreciation": "146000000", "depreciationAndAmortization": "146000000", "incomeBeforeTax": "711000000", "incomeTaxExpense": "171000000", "interestAndDebtExpense": "93000000", "netIncomeFromContinuingOperations": "-105000000", "comprehensiveIncomeNetOfTax": "588000000", "ebit": "804000000", "ebitda": "950000000", "netIncome": "540000000"}, {"fiscalDateEnding": "2018-11-03", "reportedCurrency": "USD", "grossProfit": "928000000", "totalRevenue": "2775000000", "costOfRevenue": "101000000", "costofGoodsAndServicesSold": "1847000000", "operatingIncome": "54000000", "sellingGeneralAndAdministrative": "874000000", "researchAndDevelopment": "None", "operatingExpenses": "101000000", "investmentIncomeNet": "None", "netInterestIncome": "-96000000", "interestIncome": "None", "interestExpense": "96000000", "nonInterestIncome": "2775000000", "otherNonOperatingIncome": "1000000", "depreciation": "148000000", "depreciationAndAmortization": "148000000", "incomeBeforeTax": "-41000000", "incomeTaxExpense": "2000000", "interestAndDebtExpense": "96000000", "netIncomeFromContinuingOperations": "-41000000", "comprehensiveIncomeNetOfTax": "-44000000", "ebit": "55000000", "ebitda": "203000000", "netIncome": "-43000000"}, {"fiscalDateEnding": "2018-08-04", "reportedCurrency": "USD", "grossProfit": "1059000000", "totalRevenue": "2984000000", "costOfRevenue": "2756000000", "costofGoodsAndServicesSold": "1925000000", "operatingIncome": "228000000", "sellingGeneralAndAdministrative": "831000000", "researchAndDevelopment": "None", "operatingExpenses": "831000000", "investmentIncomeNet": "None", "netInterestIncome": "-98000000", "interestIncome": "None", "interestExpense": "98000000", "nonInterestIncome": "2984000000", "otherNonOperatingIncome": "-1000000", "depreciation": "148000000", "depreciationAndAmortization": "148000000", "incomeBeforeTax": "129000000", "incomeTaxExpense": "30000000", "interestAndDebtExpense": "98000000", "netIncomeFromContinuingOperations": "129000000", "comprehensiveIncomeNetOfTax": "94000000", "ebit": "227000000", "ebitda": "375000000", "netIncome": "99000000"}, {"fiscalDateEnding": "2018-05-05", "reportedCurrency": "USD", "grossProfit": "944000000", "totalRevenue": "2626000000", "costOfRevenue": "2471000000", "costofGoodsAndServicesSold": "1682000000", "operatingIncome": "155000000", "sellingGeneralAndAdministrative": "789000000", "researchAndDevelopment": "None", "operatingExpenses": "789000000", "investmentIncomeNet": "None", "netInterestIncome": "-98000000", "interestIncome": "None", "interestExpense": "98000000", "nonInterestIncome": "2626000000", "otherNonOperatingIncome": "2000000", "depreciation": "148000000", "depreciationAndAmortization": "148000000", "incomeBeforeTax": "59000000", "incomeTaxExpense": "11000000", "interestAndDebtExpense": "98000000", "netIncomeFromContinuingOperations": "59000000", "comprehensiveIncomeNetOfTax": "43000000", "ebit": "157000000", "ebitda": "305000000", "netIncome": "48000000"}, {"fiscalDateEnding": "2018-02-03", "reportedCurrency": "USD", "grossProfit": "2040000000", "totalRevenue": "4823000000", "costOfRevenue": "3837000000", "costofGoodsAndServicesSold": "2783000000", "operatingIncome": "987000000", "sellingGeneralAndAdministrative": "1054000000", "researchAndDevelopment": "None", "operatingExpenses": "1054000000", "investmentIncomeNet": "None", "netInterestIncome": "-106000000", "interestIncome": "None", "interestExpense": "106000000", "nonInterestIncome": "-43000000", "otherNonOperatingIncome": "-38000000", "depreciation": "145000000", "depreciationAndAmortization": "145000000", "incomeBeforeTax": "842000000", "incomeTaxExpense": "178000000", "interestAndDebtExpense": "151000000", "netIncomeFromContinuingOperations": "842000000", "comprehensiveIncomeNetOfTax": "673000000", "ebit": "948000000", "ebitda": "1093000000", "netIncome": "664000000"}, {"fiscalDateEnding": "2017-10-28", "reportedCurrency": "USD", "grossProfit": "989000000", "totalRevenue": "2519000000", "costOfRevenue": "2386000000", "costofGoodsAndServicesSold": "1629000000", "operatingIncome": "232000000", "sellingGeneralAndAdministrative": "757000000", "researchAndDevelopment": "None", "operatingExpenses": "757000000", "investmentIncomeNet": "None", "netInterestIncome": "-99000000", "interestIncome": "None", "interestExpense": "99000000", "nonInterestIncome": "0", "otherNonOperatingIncome": "2000000", "depreciation": "144000000", "depreciationAndAmortization": "144000000", "incomeBeforeTax": "135000000", "incomeTaxExpense": "49000000", "interestAndDebtExpense": "99000000", "netIncomeFromContinuingOperations": "86000000", "comprehensiveIncomeNetOfTax": "90000000", "ebit": "234000000", "ebitda": "378000000", "netIncome": "86000000"}, {"fiscalDateEnding": "2017-07-29", "reportedCurrency": "USD", "grossProfit": "1028000000", "totalRevenue": "2654000000", "costOfRevenue": "2454000000", "costofGoodsAndServicesSold": "1727000000", "operatingIncome": "301000000", "sellingGeneralAndAdministrative": "727000000", "researchAndDevelopment": "None", "operatingExpenses": "727000000", "investmentIncomeNet": "None", "netInterestIncome": "-101000000", "interestIncome": "None", "interestExpense": "101000000", "nonInterestIncome": "None", "otherNonOperatingIncome": "17000000", "depreciation": "140000000", "depreciationAndAmortization": "140000000", "incomeBeforeTax": "217000000", "incomeTaxExpense": "78000000", "interestAndDebtExpense": "101000000", "netIncomeFromContinuingOperations": "139000000", "comprehensiveIncomeNetOfTax": "132000000", "ebit": "318000000", "ebitda": "458000000", "netIncome": "139000000"}, {"fiscalDateEnding": "2017-04-29", "reportedCurrency": "USD", "grossProfit": "903000000", "totalRevenue": "2336000000", "costOfRevenue": "2228000000", "costofGoodsAndServicesSold": "1534000000", "operatingIncome": "209000000", "sellingGeneralAndAdministrative": "694000000", "researchAndDevelopment": "None", "operatingExpenses": "694000000", "investmentIncomeNet": "None", "netInterestIncome": "-101000000", "interestIncome": "None", "interestExpense": "101000000", "nonInterestIncome": "None", "otherNonOperatingIncome": "10000000", "depreciation": "142000000", "depreciationAndAmortization": "142000000", "incomeBeforeTax": "118000000", "incomeTaxExpense": "24000000", "interestAndDebtExpense": "101000000", "netIncomeFromContinuingOperations": "94000000", "comprehensiveIncomeNetOfTax": "100000000", "ebit": "219000000", "ebitda": "361000000", "netIncome": "94000000"}, {"fiscalDateEnding": "2017-01-28", "reportedCurrency": "USD", "grossProfit": "1944000000", "totalRevenue": "4489000000", "costOfRevenue": "3123000000", "costofGoodsAndServicesSold": "2545000000", "operatingIncome": "988000000", "sellingGeneralAndAdministrative": "956000000", "researchAndDevelopment": "None", "operatingExpenses": "578000000", "investmentIncomeNet": "None", "netInterestIncome": "-99000000", "interestIncome": "None", "interestExpense": "99000000", "nonInterestIncome": "2000000", "otherNonOperatingIncome": "4000000", "depreciation": "140000000", "depreciationAndAmortization": "140000000", "incomeBeforeTax": "893000000", "incomeTaxExpense": "261000000", "interestAndDebtExpense": "99000000", "netIncomeFromContinuingOperations": "851000000", "comprehensiveIncomeNetOfTax": "632000000", "ebit": "992000000", "ebitda": "1132000000", "netIncome": "632000000"}, {"fiscalDateEnding": "2016-10-29", "reportedCurrency": "USD", "grossProfit": "1025000000", "totalRevenue": "2484000000", "costOfRevenue": "2297000000", "costofGoodsAndServicesSold": "1556000000", "operatingIncome": "284000000", "sellingGeneralAndAdministrative": "741000000", "researchAndDevelopment": "None", "operatingExpenses": "741000000", "investmentIncomeNet": "None", "netInterestIncome": "-97000000", "interestIncome": "None", "interestExpense": "97000000", "nonInterestIncome": "0", "otherNonOperatingIncome": "3000000", "depreciation": "133000000", "depreciationAndAmortization": "133000000", "incomeBeforeTax": "190000000", "incomeTaxExpense": "68000000", "interestAndDebtExpense": "97000000", "netIncomeFromContinuingOperations": "122000000", "comprehensiveIncomeNetOfTax": "112000000", "ebit": "287000000", "ebitda": "420000000", "netIncome": "122000000"}]}