{"symbol": "BDX", "annualReports": [{"fiscalDateEnding": "2020-09-30", "reportedCurrency": "USD", "grossProfit": "7577000000", "totalRevenue": "17117000000", "costOfRevenue": "9540000000", "costofGoodsAndServicesSold": "9540000000", "operatingIncome": "1484000000", "sellingGeneralAndAdministrative": "4325000000", "researchAndDevelopment": "1096000000", "operatingExpenses": "7049000000", "investmentIncomeNet": "7000000", "netInterestIncome": "-528000000", "interestIncome": "-501000000", "interestExpense": "528000000", "nonInterestIncome": "-17000000", "otherNonOperatingIncome": "23000000", "depreciation": "646000000", "depreciationAndAmortization": "1384000000", "incomeBeforeTax": "985000000", "incomeTaxExpense": "111000000", "interestAndDebtExpense": "528000000", "netIncomeFromContinuingOperations": "887000000", "comprehensiveIncomeNetOfTax": "609000000", "ebit": "1513000000", "ebitda": "2897000000", "netIncome": "874000000"}, {"fiscalDateEnding": "2019-09-30", "reportedCurrency": "USD", "grossProfit": "8288000000", "totalRevenue": "17290000000", "costOfRevenue": "9002000000", "costofGoodsAndServicesSold": "9002000000", "operatingIncome": "1760000000", "sellingGeneralAndAdministrative": "4332000000", "researchAndDevelopment": "1062000000", "operatingExpenses": "6595000000", "investmentIncomeNet": "12000000", "netInterestIncome": "-639000000", "interestIncome": "-626000000", "interestExpense": "639000000", "nonInterestIncome": "313000000", "otherNonOperatingIncome": "43000000", "depreciation": "633000000", "depreciationAndAmortization": "1497000000", "incomeBeforeTax": "1176000000", "incomeTaxExpense": "-57000000", "interestAndDebtExpense": "639000000", "netIncomeFromContinuingOperations": "1251000000", "comprehensiveIncomeNetOfTax": "859000000", "ebit": "1815000000", "ebitda": "3312000000", "netIncome": "1233000000"}, {"fiscalDateEnding": "2018-09-30", "reportedCurrency": "USD", "grossProfit": "7269000000", "totalRevenue": "15983000000", "costOfRevenue": "8714000000", "costofGoodsAndServicesSold": "8714000000", "operatingIncome": "1509000000", "sellingGeneralAndAdministrative": "4016000000", "researchAndDevelopment": "1004000000", "operatingExpenses": "6276000000", "investmentIncomeNet": "65000000", "netInterestIncome": "-706000000", "interestIncome": "65000000", "interestExpense": "706000000", "nonInterestIncome": "-14000000", "otherNonOperatingIncome": "305000000", "depreciation": "600000000", "depreciationAndAmortization": "1255000000", "incomeBeforeTax": "1173000000", "incomeTaxExpense": "862000000", "interestAndDebtExpense": "706000000", "netIncomeFromContinuingOperations": "319000000", "comprehensiveIncomeNetOfTax": "125000000", "ebit": "1879000000", "ebitda": "3134000000", "netIncome": "311000000"}, {"fiscalDateEnding": "2017-09-30", "reportedCurrency": "USD", "grossProfit": "5942000000", "totalRevenue": "12093000000", "costOfRevenue": "6151000000", "costofGoodsAndServicesSold": "6128000000", "operatingIncome": "1522000000", "sellingGeneralAndAdministrative": "2909000000", "researchAndDevelopment": "770000000", "operatingExpenses": "4593000000", "investmentIncomeNet": "76000000", "netInterestIncome": "-521000000", "interestIncome": "76000000", "interestExpense": "521000000", "nonInterestIncome": "-11000000", "otherNonOperatingIncome": "-101000000", "depreciation": "406000000", "depreciationAndAmortization": "533000000", "incomeBeforeTax": "976000000", "incomeTaxExpense": "-124000000", "interestAndDebtExpense": "521000000", "netIncomeFromContinuingOperations": "1103000000", "comprehensiveIncomeNetOfTax": "1306000000", "ebit": "1497000000", "ebitda": "2030000000", "netIncome": "1100000000"}, {"fiscalDateEnding": "2016-09-30", "reportedCurrency": "USD", "grossProfit": "5991000000", "totalRevenue": "12483000000", "costOfRevenue": "6492000000", "costofGoodsAndServicesSold": "6492000000", "operatingIncome": "1430000000", "sellingGeneralAndAdministrative": "3005000000", "researchAndDevelopment": "828000000", "operatingExpenses": "4911000000", "investmentIncomeNet": "21000000", "netInterestIncome": "-388000000", "interestIncome": "None", "interestExpense": "388000000", "nonInterestIncome": "-3000000", "otherNonOperatingIncome": "11000000", "depreciation": "452000000", "depreciationAndAmortization": "552000000", "incomeBeforeTax": "1073000000", "incomeTaxExpense": "97000000", "interestAndDebtExpense": "388000000", "netIncomeFromContinuingOperations": "985000000", "comprehensiveIncomeNetOfTax": "786000000", "ebit": "1461000000", "ebitda": "2013000000", "netIncome": "976000000"}], "quarterlyReports": [{"fiscalDateEnding": "2021-06-30", "reportedCurrency": "USD", "grossProfit": "573000000", "totalRevenue": "4890000000", "costOfRevenue": "4317000000", "costofGoodsAndServicesSold": "2729000000", "operatingIncome": "628000000", "sellingGeneralAndAdministrative": "1237000000", "researchAndDevelopment": "344000000", "operatingExpenses": "1932000000", "investmentIncomeNet": "2000000", "netInterestIncome": "-115000000", "interestIncome": "2000000", "interestExpense": "115000000", "nonInterestIncome": "None", "otherNonOperatingIncome": "-1000000", "depreciation": "None", "depreciationAndAmortization": "351000000", "incomeBeforeTax": "514000000", "incomeTaxExpense": "-11000000", "interestAndDebtExpense": "115000000", "netIncomeFromContinuingOperations": "525000000", "comprehensiveIncomeNetOfTax": "524000000", "ebit": "629000000", "ebitda": "980000000", "netIncome": "525000000"}, {"fiscalDateEnding": "2021-03-31", "reportedCurrency": "USD", "grossProfit": "714000000", "totalRevenue": "4907000000", "costOfRevenue": "4193000000", "costofGoodsAndServicesSold": "2661000000", "operatingIncome": "434000000", "sellingGeneralAndAdministrative": "1148000000", "researchAndDevelopment": "317000000", "operatingExpenses": "1849000000", "investmentIncomeNet": "2000000", "netInterestIncome": "-124000000", "interestIncome": "2000000", "interestExpense": "124000000", "nonInterestIncome": "None", "otherNonOperatingIncome": "-8000000", "depreciation": "None", "depreciationAndAmortization": "350000000", "incomeBeforeTax": "305000000", "incomeTaxExpense": "6000000", "interestAndDebtExpense": "124000000", "netIncomeFromContinuingOperations": "299000000", "comprehensiveIncomeNetOfTax": "384000000", "ebit": "429000000", "ebitda": "779000000", "netIncome": "299000000"}, {"fiscalDateEnding": "2020-12-31", "reportedCurrency": "USD", "grossProfit": "1201000000", "totalRevenue": "5315000000", "costOfRevenue": "4114000000", "costofGoodsAndServicesSold": "2583000000", "operatingIncome": "1241000000", "sellingGeneralAndAdministrative": "1149000000", "researchAndDevelopment": "291000000", "operatingExpenses": "1822000000", "investmentIncomeNet": "2000000", "netInterestIncome": "-118000000", "interestIncome": "2000000", "interestExpense": "118000000", "nonInterestIncome": "None", "otherNonOperatingIncome": "32000000", "depreciation": "None", "depreciationAndAmortization": "348000000", "incomeBeforeTax": "1157000000", "incomeTaxExpense": "154000000", "interestAndDebtExpense": "118000000", "netIncomeFromContinuingOperations": "1003000000", "comprehensiveIncomeNetOfTax": "1138000000", "ebit": "1275000000", "ebitda": "1623000000", "netIncome": "1003000000"}, {"fiscalDateEnding": "2020-09-30", "reportedCurrency": "USD", "grossProfit": "2206000000", "totalRevenue": "4784000000", "costOfRevenue": "2578000000", "costofGoodsAndServicesSold": "2578000000", "operatingIncome": "255000000", "sellingGeneralAndAdministrative": "1199000000", "researchAndDevelopment": "299000000", "operatingExpenses": "2089000000", "investmentIncomeNet": "2000000", "netInterestIncome": "-123000000", "interestIncome": "-121000000", "interestExpense": "123000000", "nonInterestIncome": "-17000000", "otherNonOperatingIncome": "11000000", "depreciation": "None", "depreciationAndAmortization": "347000000", "incomeBeforeTax": "143000000", "incomeTaxExpense": "15000000", "interestAndDebtExpense": "123000000", "netIncomeFromContinuingOperations": "2206000000", "comprehensiveIncomeNetOfTax": "-54000000", "ebit": "266000000", "ebitda": "613000000", "netIncome": "128000000"}, {"fiscalDateEnding": "2020-06-30", "reportedCurrency": "USD", "grossProfit": "1659000000", "totalRevenue": "3855000000", "costOfRevenue": "2196000000", "costofGoodsAndServicesSold": "2195000000", "operatingIncome": "358000000", "sellingGeneralAndAdministrative": "980000000", "researchAndDevelopment": "262000000", "operatingExpenses": "1587000000", "investmentIncomeNet": "2000000", "netInterestIncome": "-135000000", "interestIncome": "2000000", "interestExpense": "135000000", "nonInterestIncome": "0", "otherNonOperatingIncome": "23000000", "depreciation": "None", "depreciationAndAmortization": "345000000", "incomeBeforeTax": "248000000", "incomeTaxExpense": "-38000000", "interestAndDebtExpense": "135000000", "netIncomeFromContinuingOperations": "286000000", "comprehensiveIncomeNetOfTax": "338000000", "ebit": "383000000", "ebitda": "728000000", "netIncome": "286000000"}, {"fiscalDateEnding": "2020-03-31", "reportedCurrency": "USD", "grossProfit": "1734000000", "totalRevenue": "4253000000", "costOfRevenue": "2519000000", "costofGoodsAndServicesSold": "2520000000", "operatingIncome": "370000000", "sellingGeneralAndAdministrative": "1025000000", "researchAndDevelopment": "264000000", "operatingExpenses": "1835000000", "investmentIncomeNet": "2000000", "netInterestIncome": "-134000000", "interestIncome": "2000000", "interestExpense": "134000000", "nonInterestIncome": "0", "otherNonOperatingIncome": "-38000000", "depreciation": "None", "depreciationAndAmortization": "347000000", "incomeBeforeTax": "200000000", "incomeTaxExpense": "17000000", "interestAndDebtExpense": "134000000", "netIncomeFromContinuingOperations": "183000000", "comprehensiveIncomeNetOfTax": "-35000000", "ebit": "334000000", "ebitda": "681000000", "netIncome": "183000000"}, {"fiscalDateEnding": "2019-12-31", "reportedCurrency": "USD", "grossProfit": "1978000000", "totalRevenue": "4225000000", "costOfRevenue": "2247000000", "costofGoodsAndServicesSold": "2247000000", "operatingIncome": "501000000", "sellingGeneralAndAdministrative": "1121000000", "researchAndDevelopment": "270000000", "operatingExpenses": "1795000000", "investmentIncomeNet": "1000000", "netInterestIncome": "-136000000", "interestIncome": "1000000", "interestExpense": "136000000", "nonInterestIncome": "0", "otherNonOperatingIncome": "27000000", "depreciation": "None", "depreciationAndAmortization": "345000000", "incomeBeforeTax": "395000000", "incomeTaxExpense": "117000000", "interestAndDebtExpense": "136000000", "netIncomeFromContinuingOperations": "277000000", "comprehensiveIncomeNetOfTax": "359000000", "ebit": "531000000", "ebitda": "876000000", "netIncome": "278000000"}, {"fiscalDateEnding": "2019-09-30", "reportedCurrency": "USD", "grossProfit": "2266000000", "totalRevenue": "4584000000", "costOfRevenue": "2318000000", "costofGoodsAndServicesSold": "2318000000", "operatingIncome": "111000000", "sellingGeneralAndAdministrative": "1094000000", "researchAndDevelopment": "270000000", "operatingExpenses": "1704000000", "investmentIncomeNet": "4000000", "netInterestIncome": "-141000000", "interestIncome": "-137000000", "interestExpense": "141000000", "nonInterestIncome": "-23000000", "otherNonOperatingIncome": "24000000", "depreciation": "None", "depreciationAndAmortization": "365000000", "incomeBeforeTax": "-1000000", "incomeTaxExpense": "-164000000", "interestAndDebtExpense": "141000000", "netIncomeFromContinuingOperations": "2266000000", "comprehensiveIncomeNetOfTax": "-223000000", "ebit": "140000000", "ebitda": "505000000", "netIncome": "163000000"}, {"fiscalDateEnding": "2019-06-30", "reportedCurrency": "USD", "grossProfit": "2074000000", "totalRevenue": "4350000000", "costOfRevenue": "2276000000", "costofGoodsAndServicesSold": "2276000000", "operatingIncome": "626000000", "sellingGeneralAndAdministrative": "1076000000", "researchAndDevelopment": "282000000", "operatingExpenses": "1736000000", "investmentIncomeNet": "2000000", "netInterestIncome": "-156000000", "interestIncome": "2000000", "interestExpense": "156000000", "nonInterestIncome": "1000000", "otherNonOperatingIncome": "-11000000", "depreciation": "None", "depreciationAndAmortization": "378000000", "incomeBeforeTax": "460000000", "incomeTaxExpense": "9000000", "interestAndDebtExpense": "156000000", "netIncomeFromContinuingOperations": "451000000", "comprehensiveIncomeNetOfTax": "393000000", "ebit": "616000000", "ebitda": "994000000", "netIncome": "451000000"}, {"fiscalDateEnding": "2019-03-31", "reportedCurrency": "USD", "grossProfit": "1974000000", "totalRevenue": "4195000000", "costOfRevenue": "2221000000", "costofGoodsAndServicesSold": "2221000000", "operatingIncome": "136000000", "sellingGeneralAndAdministrative": "1089000000", "researchAndDevelopment": "252000000", "operatingExpenses": "1782000000", "investmentIncomeNet": "18000000", "netInterestIncome": "-171000000", "interestIncome": "-153000000", "interestExpense": "171000000", "nonInterestIncome": "0", "otherNonOperatingIncome": "20000000", "depreciation": "None", "depreciationAndAmortization": "376000000", "incomeBeforeTax": "3000000", "incomeTaxExpense": "-17000000", "interestAndDebtExpense": "171000000", "netIncomeFromContinuingOperations": "20000000", "comprehensiveIncomeNetOfTax": "108000000", "ebit": "174000000", "ebitda": "550000000", "netIncome": "20000000"}, {"fiscalDateEnding": "2018-12-31", "reportedCurrency": "USD", "grossProfit": "1974000000", "totalRevenue": "4160000000", "costOfRevenue": "2186000000", "costofGoodsAndServicesSold": "2187000000", "operatingIncome": "888000000", "sellingGeneralAndAdministrative": "1073000000", "researchAndDevelopment": "258000000", "operatingExpenses": "1709000000", "investmentIncomeNet": "-12000000", "netInterestIncome": "-171000000", "interestIncome": "None", "interestExpense": "171000000", "nonInterestIncome": "335000000", "otherNonOperatingIncome": "10000000", "depreciation": "None", "depreciationAndAmortization": "378000000", "incomeBeforeTax": "714000000", "incomeTaxExpense": "115000000", "interestAndDebtExpense": "171000000", "netIncomeFromContinuingOperations": "599000000", "comprehensiveIncomeNetOfTax": "581000000", "ebit": "885000000", "ebitda": "1263000000", "netIncome": "599000000"}, {"fiscalDateEnding": "2018-09-30", "reportedCurrency": "USD", "grossProfit": "2094000000", "totalRevenue": "4402000000", "costOfRevenue": "2308000000", "costofGoodsAndServicesSold": "2309000000", "operatingIncome": "576000000", "sellingGeneralAndAdministrative": "1101000000", "researchAndDevelopment": "277000000", "operatingExpenses": "1757000000", "investmentIncomeNet": "10000000", "netInterestIncome": "-181000000", "interestIncome": "None", "interestExpense": "181000000", "nonInterestIncome": "-14000000", "otherNonOperatingIncome": "10000000", "depreciation": "None", "depreciationAndAmortization": "376000000", "incomeBeforeTax": "414000000", "incomeTaxExpense": "549000000", "interestAndDebtExpense": "181000000", "netIncomeFromContinuingOperations": "2091000000", "comprehensiveIncomeNetOfTax": "-142000000", "ebit": "595000000", "ebitda": "971000000", "netIncome": "-135000000"}, {"fiscalDateEnding": "2018-06-30", "reportedCurrency": "USD", "grossProfit": "2017000000", "totalRevenue": "4278000000", "costOfRevenue": "2261000000", "costofGoodsAndServicesSold": "2262000000", "operatingIncome": "512000000", "sellingGeneralAndAdministrative": "1086000000", "researchAndDevelopment": "277000000", "operatingExpenses": "1733000000", "investmentIncomeNet": "8000000", "netInterestIncome": "-182000000", "interestIncome": "None", "interestExpense": "182000000", "nonInterestIncome": "None", "otherNonOperatingIncome": "310000000", "depreciation": "None", "depreciationAndAmortization": "375000000", "incomeBeforeTax": "647000000", "incomeTaxExpense": "53000000", "interestAndDebtExpense": "182000000", "netIncomeFromContinuingOperations": "594000000", "comprehensiveIncomeNetOfTax": "397000000", "ebit": "829000000", "ebitda": "1204000000", "netIncome": "594000000"}, {"fiscalDateEnding": "2018-03-31", "reportedCurrency": "USD", "grossProfit": "1606000000", "totalRevenue": "4222000000", "costOfRevenue": "2616000000", "costofGoodsAndServicesSold": "2616000000", "operatingIncome": "186000000", "sellingGeneralAndAdministrative": "1056000000", "researchAndDevelopment": "259000000", "operatingExpenses": "1687000000", "investmentIncomeNet": "4000000", "netInterestIncome": "-185000000", "interestIncome": "None", "interestExpense": "185000000", "nonInterestIncome": "None", "otherNonOperatingIncome": "1000000", "depreciation": "None", "depreciationAndAmortization": "370000000", "incomeBeforeTax": "6000000", "incomeTaxExpense": "18000000", "interestAndDebtExpense": "185000000", "netIncomeFromContinuingOperations": "-12000000", "comprehensiveIncomeNetOfTax": "24000000", "ebit": "191000000", "ebitda": "561000000", "netIncome": "-12000000"}, {"fiscalDateEnding": "2017-12-31", "reportedCurrency": "USD", "grossProfit": "1553000000", "totalRevenue": "3080000000", "costOfRevenue": "1527000000", "costofGoodsAndServicesSold": "1527000000", "operatingIncome": "235000000", "sellingGeneralAndAdministrative": "773000000", "researchAndDevelopment": "191000000", "operatingExpenses": "1101000000", "investmentIncomeNet": "44000000", "netInterestIncome": "-158000000", "interestIncome": "None", "interestExpense": "158000000", "nonInterestIncome": "None", "otherNonOperatingIncome": "-16000000", "depreciation": "None", "depreciationAndAmortization": "135000000", "incomeBeforeTax": "105000000", "incomeTaxExpense": "241000000", "interestAndDebtExpense": "158000000", "netIncomeFromContinuingOperations": "-136000000", "comprehensiveIncomeNetOfTax": "-154000000", "ebit": "263000000", "ebitda": "398000000", "netIncome": "-136000000"}, {"fiscalDateEnding": "2017-09-30", "reportedCurrency": "USD", "grossProfit": "1554000000", "totalRevenue": "3166000000", "costOfRevenue": "1612000000", "costofGoodsAndServicesSold": "1589000000", "operatingIncome": "487000000", "sellingGeneralAndAdministrative": "758000000", "researchAndDevelopment": "216000000", "operatingExpenses": "1434000000", "investmentIncomeNet": "45000000", "netInterestIncome": "-157000000", "interestIncome": "None", "interestExpense": "157000000", "nonInterestIncome": "None", "otherNonOperatingIncome": "-50000000", "depreciation": "None", "depreciationAndAmortization": "133000000", "incomeBeforeTax": "326000000", "incomeTaxExpense": "-1000000", "interestAndDebtExpense": "157000000", "netIncomeFromContinuingOperations": "1554000000", "comprehensiveIncomeNetOfTax": "526000000", "ebit": "483000000", "ebitda": "616000000", "netIncome": "327000000"}, {"fiscalDateEnding": "2017-06-30", "reportedCurrency": "USD", "grossProfit": "1504000000", "totalRevenue": "3035000000", "costOfRevenue": "1531000000", "costofGoodsAndServicesSold": "1532000000", "operatingIncome": "-223000000", "sellingGeneralAndAdministrative": "719000000", "researchAndDevelopment": "186000000", "operatingExpenses": "1037000000", "investmentIncomeNet": "19000000", "netInterestIncome": "-184000000", "interestIncome": "None", "interestExpense": "184000000", "nonInterestIncome": "None", "otherNonOperatingIncome": "-16000000", "depreciation": "None", "depreciationAndAmortization": "132000000", "incomeBeforeTax": "-403000000", "incomeTaxExpense": "-271000000", "interestAndDebtExpense": "184000000", "netIncomeFromContinuingOperations": "-133000000", "comprehensiveIncomeNetOfTax": "-46000000", "ebit": "-219000000", "ebitda": "-87000000", "netIncome": "-132000000"}, {"fiscalDateEnding": "2017-03-31", "reportedCurrency": "USD", "grossProfit": "1432000000", "totalRevenue": "2969000000", "costOfRevenue": "1537000000", "costofGoodsAndServicesSold": "1537000000", "operatingIncome": "446000000", "sellingGeneralAndAdministrative": "724000000", "researchAndDevelopment": "187000000", "operatingExpenses": "1042000000", "investmentIncomeNet": "7000000", "netInterestIncome": "-86000000", "interestIncome": "None", "interestExpense": "86000000", "nonInterestIncome": "None", "otherNonOperatingIncome": "-5000000", "depreciation": "None", "depreciationAndAmortization": "131000000", "incomeBeforeTax": "362000000", "incomeTaxExpense": "18000000", "interestAndDebtExpense": "86000000", "netIncomeFromContinuingOperations": "344000000", "comprehensiveIncomeNetOfTax": "497000000", "ebit": "448000000", "ebitda": "579000000", "netIncome": "344000000"}, {"fiscalDateEnding": "2016-12-31", "reportedCurrency": "USD", "grossProfit": "1452000000", "totalRevenue": "2922000000", "costOfRevenue": "1470000000", "costofGoodsAndServicesSold": "1470000000", "operatingIncome": "811000000", "sellingGeneralAndAdministrative": "709000000", "researchAndDevelopment": "182000000", "operatingExpenses": "1063000000", "investmentIncomeNet": "5000000", "netInterestIncome": "-95000000", "interestIncome": "None", "interestExpense": "95000000", "nonInterestIncome": "None", "otherNonOperatingIncome": "-29000000", "depreciation": "None", "depreciationAndAmortization": "137000000", "incomeBeforeTax": "693000000", "incomeTaxExpense": "131000000", "interestAndDebtExpense": "95000000", "netIncomeFromContinuingOperations": "561000000", "comprehensiveIncomeNetOfTax": "329000000", "ebit": "788000000", "ebitda": "925000000", "netIncome": "562000000"}, {"fiscalDateEnding": "2016-09-30", "reportedCurrency": "USD", "grossProfit": "1552000000", "totalRevenue": "3524000000", "costOfRevenue": "2932000000", "costofGoodsAndServicesSold": "1679000000", "operatingIncome": "96000000", "sellingGeneralAndAdministrative": "796000000", "researchAndDevelopment": "253000000", "operatingExpenses": "1506000000", "investmentIncomeNet": "7000000", "netInterestIncome": "-95000000", "interestIncome": "None", "interestExpense": "95000000", "nonInterestIncome": "None", "otherNonOperatingIncome": "1000000", "depreciation": "None", "depreciationAndAmortization": "130000000", "incomeBeforeTax": "9000000", "incomeTaxExpense": "-10000000", "interestAndDebtExpense": "95000000", "netIncomeFromContinuingOperations": "1552000000", "comprehensiveIncomeNetOfTax": "-305000000", "ebit": "104000000", "ebitda": "234000000", "netIncome": "19000000"}]}