{"symbol": "BEN", "annualReports": [{"fiscalDateEnding": "2021-09-30", "reportedCurrency": "USD", "grossProfit": "2614100000", "totalRevenue": "8352800000", "costOfRevenue": "5738700000", "costofGoodsAndServicesSold": "5077100000", "operatingIncome": "1875000000", "sellingGeneralAndAdministrative": "2643000000", "researchAndDevelopment": "None", "operatingExpenses": "6550500000", "investmentIncomeNet": "17600000", "netInterestIncome": "-85400000", "interestIncome": "563400000", "interestExpense": "85400000", "nonInterestIncome": "8413600000", "otherNonOperatingIncome": "264700000", "depreciation": "None", "depreciationAndAmortization": "124400000", "incomeBeforeTax": "2180800000", "incomeTaxExpense": "349600000", "interestAndDebtExpense": "85400000", "netIncomeFromContinuingOperations": "2094600000", "comprehensiveIncomeNetOfTax": "1861200000", "ebit": "2266200000", "ebitda": "2390600000", "netIncome": "1831200000"}, {"fiscalDateEnding": "2020-09-30", "reportedCurrency": "USD", "grossProfit": "1392500000", "totalRevenue": "5515000000", "costOfRevenue": "4122500000", "costofGoodsAndServicesSold": "3577000000", "operatingIncome": "1048900000", "sellingGeneralAndAdministrative": "2153400000", "researchAndDevelopment": "None", "operatingExpenses": "4517600000", "investmentIncomeNet": "63200000", "netInterestIncome": "-33400000", "interestIncome": "-37200000", "interestExpense": "33400000", "nonInterestIncome": "5544200000", "otherNonOperatingIncome": "-38400000", "depreciation": "None", "depreciationAndAmortization": "95200000", "incomeBeforeTax": "1029700000", "incomeTaxExpense": "230800000", "interestAndDebtExpense": "33400000", "netIncomeFromContinuingOperations": "787100000", "comprehensiveIncomeNetOfTax": "822900000", "ebit": "1063100000", "ebitda": "1158300000", "netIncome": "798900000"}, {"fiscalDateEnding": "2019-09-30", "reportedCurrency": "USD", "grossProfit": "1849300000", "totalRevenue": "5774500000", "costOfRevenue": "3925200000", "costofGoodsAndServicesSold": "3404300000", "operatingIncome": "1466900000", "sellingGeneralAndAdministrative": "2240300000", "researchAndDevelopment": "None", "operatingExpenses": "4202500000", "investmentIncomeNet": "128000000", "netInterestIncome": "-24700000", "interestIncome": "-2300000", "interestExpense": "22400000", "nonInterestIncome": "13400000", "otherNonOperatingIncome": "141400000", "depreciation": "None", "depreciationAndAmortization": "83200000", "incomeBeforeTax": "1638000000", "incomeTaxExpense": "442300000", "interestAndDebtExpense": "24700000", "netIncomeFromContinuingOperations": "1205500000", "comprehensiveIncomeNetOfTax": "1142700000", "ebit": "1660400000", "ebitda": "1743600000", "netIncome": "1195700000"}, {"fiscalDateEnding": "2018-09-30", "reportedCurrency": "USD", "grossProfit": "3798700000", "totalRevenue": "6319100000", "costOfRevenue": "2520400000", "costofGoodsAndServicesSold": "3430300000", "operatingIncome": "2028200000", "sellingGeneralAndAdministrative": "2437400000", "researchAndDevelopment": "None", "operatingExpenses": "4176300000", "investmentIncomeNet": "127600000", "netInterestIncome": "-48700000", "interestIncome": "-2400000", "interestExpense": "46300000", "nonInterestIncome": "4591300000", "otherNonOperatingIncome": "200300000", "depreciation": "None", "depreciationAndAmortization": "78900000", "incomeBeforeTax": "2236900000", "incomeTaxExpense": "1472500000", "interestAndDebtExpense": "48700000", "netIncomeFromContinuingOperations": "742700000", "comprehensiveIncomeNetOfTax": "678700000", "ebit": "2283200000", "ebitda": "2362100000", "netIncome": "764400000"}, {"fiscalDateEnding": "2017-09-30", "reportedCurrency": "USD", "grossProfit": "3849200000", "totalRevenue": "6392200000", "costOfRevenue": "2543000000", "costofGoodsAndServicesSold": "3464600000", "operatingIncome": "2264300000", "sellingGeneralAndAdministrative": "2453100000", "researchAndDevelopment": "None", "operatingExpenses": "4127900000", "investmentIncomeNet": "88800000", "netInterestIncome": "-51500000", "interestIncome": "74900000", "interestExpense": "51500000", "nonInterestIncome": "4581500000", "otherNonOperatingIncome": "336300000", "depreciation": "None", "depreciationAndAmortization": "80300000", "incomeBeforeTax": "2456100000", "incomeTaxExpense": "759400000", "interestAndDebtExpense": "51500000", "netIncomeFromContinuingOperations": "1789700000", "comprehensiveIncomeNetOfTax": "1766400000", "ebit": "2507600000", "ebitda": "2587900000", "netIncome": "1696700000"}], "quarterlyReports": [{"fiscalDateEnding": "2021-09-30", "reportedCurrency": "USD", "grossProfit": "898000000", "totalRevenue": "2196800000", "costOfRevenue": "1298800000", "costofGoodsAndServicesSold": "1268600000", "operatingIncome": "531500000", "sellingGeneralAndAdministrative": "665200000", "researchAndDevelopment": "None", "operatingExpenses": "1649500000", "investmentIncomeNet": "5200000", "netInterestIncome": "-14100000", "interestIncome": "201400000", "interestExpense": "14100000", "nonInterestIncome": "2186300000", "otherNonOperatingIncome": "67500000", "depreciation": "None", "depreciationAndAmortization": "-108500000", "incomeBeforeTax": "660900000", "incomeTaxExpense": "-4800000", "interestAndDebtExpense": "14100000", "netIncomeFromContinuingOperations": "742800000", "comprehensiveIncomeNetOfTax": "614200000", "ebit": "675000000", "ebitda": "566500000", "netIncome": "665700000"}, {"fiscalDateEnding": "2021-06-30", "reportedCurrency": "USD", "grossProfit": "621600000", "totalRevenue": "2140000000", "costOfRevenue": "1518400000", "costofGoodsAndServicesSold": "1302400000", "operatingIncome": "478100000", "sellingGeneralAndAdministrative": "689000000", "researchAndDevelopment": "None", "operatingExpenses": "1694800000", "investmentIncomeNet": "3400000", "netInterestIncome": "-25700000", "interestIncome": "79100000", "interestExpense": "25700000", "nonInterestIncome": "2165700000", "otherNonOperatingIncome": "52900000", "depreciation": "None", "depreciationAndAmortization": "58000000", "incomeBeforeTax": "522200000", "incomeTaxExpense": "83800000", "interestAndDebtExpense": "25700000", "netIncomeFromContinuingOperations": "471600000", "comprehensiveIncomeNetOfTax": "460800000", "ebit": "547900000", "ebitda": "605900000", "netIncome": "438400000"}, {"fiscalDateEnding": "2021-03-31", "reportedCurrency": "USD", "grossProfit": "618200000", "totalRevenue": "2067100000", "costOfRevenue": "1448900000", "costofGoodsAndServicesSold": "1274100000", "operatingIncome": "456300000", "sellingGeneralAndAdministrative": "658700000", "researchAndDevelopment": "None", "operatingExpenses": "1620200000", "investmentIncomeNet": "3900000", "netInterestIncome": "-15900000", "interestIncome": "155700000", "interestExpense": "15900000", "nonInterestIncome": "2083000000", "otherNonOperatingIncome": "67100000", "depreciation": "None", "depreciationAndAmortization": "57900000", "incomeBeforeTax": "509900000", "incomeTaxExpense": "128100000", "interestAndDebtExpense": "15900000", "netIncomeFromContinuingOperations": "485400000", "comprehensiveIncomeNetOfTax": "348000000", "ebit": "525800000", "ebitda": "583700000", "netIncome": "381800000"}, {"fiscalDateEnding": "2020-12-31", "reportedCurrency": "USD", "grossProfit": "516100000", "totalRevenue": "1948900000", "costOfRevenue": "1432800000", "costofGoodsAndServicesSold": "1232000000", "operatingIncome": "409100000", "sellingGeneralAndAdministrative": "630100000", "researchAndDevelopment": "None", "operatingExpenses": "1586000000", "investmentIncomeNet": "5100000", "netInterestIncome": "-29700000", "interestIncome": "137200000", "interestExpense": "29700000", "nonInterestIncome": "1978600000", "otherNonOperatingIncome": "77200000", "depreciation": "None", "depreciationAndAmortization": "77200000", "incomeBeforeTax": "487800000", "incomeTaxExpense": "142500000", "interestAndDebtExpense": "29700000", "netIncomeFromContinuingOperations": "394800000", "comprehensiveIncomeNetOfTax": "438200000", "ebit": "517500000", "ebitda": "594700000", "netIncome": "345300000"}, {"fiscalDateEnding": "2020-09-30", "reportedCurrency": "USD", "grossProfit": "163300000", "totalRevenue": "1575900000", "costOfRevenue": "1412600000", "costofGoodsAndServicesSold": "1199000000", "operatingIncome": "46400000", "sellingGeneralAndAdministrative": "645200000", "researchAndDevelopment": "None", "operatingExpenses": "1581000000", "investmentIncomeNet": "7700000", "netInterestIncome": "-15700000", "interestIncome": "2700000", "interestExpense": "15700000", "nonInterestIncome": "5555700000", "otherNonOperatingIncome": "128100000", "depreciation": "None", "depreciationAndAmortization": "35100000", "incomeBeforeTax": "152000000", "incomeTaxExpense": "73100000", "interestAndDebtExpense": "15700000", "netIncomeFromContinuingOperations": "126500000", "comprehensiveIncomeNetOfTax": "121400000", "ebit": "167700000", "ebitda": "202800000", "netIncome": "78900000"}, {"fiscalDateEnding": "2020-06-30", "reportedCurrency": "USD", "grossProfit": "347300000", "totalRevenue": "1188100000", "costOfRevenue": "840800000", "costofGoodsAndServicesSold": "755100000", "operatingIncome": "232500000", "sellingGeneralAndAdministrative": "454300000", "researchAndDevelopment": "None", "operatingExpenses": "928600000", "investmentIncomeNet": "7800000", "netInterestIncome": "-6800000", "interestIncome": "-1600000", "interestExpense": "5200000", "nonInterestIncome": "-600000", "otherNonOperatingIncome": "49600000", "depreciation": "None", "depreciationAndAmortization": "18600000", "incomeBeforeTax": "306500000", "incomeTaxExpense": "16100000", "interestAndDebtExpense": "6800000", "netIncomeFromContinuingOperations": "253700000", "comprehensiveIncomeNetOfTax": "316400000", "ebit": "313300000", "ebitda": "331900000", "netIncome": "290400000"}, {"fiscalDateEnding": "2020-03-31", "reportedCurrency": "USD", "grossProfit": "452300000", "totalRevenue": "1338300000", "costOfRevenue": "886000000", "costofGoodsAndServicesSold": "789600000", "operatingIncome": "339900000", "sellingGeneralAndAdministrative": "520300000", "researchAndDevelopment": "None", "operatingExpenses": "971300000", "investmentIncomeNet": "23700000", "netInterestIncome": "-4200000", "interestIncome": "-500000", "interestExpense": "3700000", "nonInterestIncome": "-2400000", "otherNonOperatingIncome": "-181000000", "depreciation": "None", "depreciationAndAmortization": "4400000", "incomeBeforeTax": "123200000", "incomeTaxExpense": "44100000", "interestAndDebtExpense": "4200000", "netIncomeFromContinuingOperations": "58800000", "comprehensiveIncomeNetOfTax": "-20800000", "ebit": "126900000", "ebitda": "131300000", "netIncome": "79100000"}, {"fiscalDateEnding": "2019-12-31", "reportedCurrency": "USD", "grossProfit": "462900000", "totalRevenue": "1412700000", "costOfRevenue": "949800000", "costofGoodsAndServicesSold": "833300000", "operatingIncome": "372900000", "sellingGeneralAndAdministrative": "533600000", "researchAndDevelopment": "None", "operatingExpenses": "1016300000", "investmentIncomeNet": "24000000", "netInterestIncome": "-6700000", "interestIncome": "-600000", "interestExpense": "6100000", "nonInterestIncome": "-8500000", "otherNonOperatingIncome": "67900000", "depreciation": "None", "depreciationAndAmortization": "26800000", "incomeBeforeTax": "448000000", "incomeTaxExpense": "97500000", "interestAndDebtExpense": "6700000", "netIncomeFromContinuingOperations": "348100000", "comprehensiveIncomeNetOfTax": "405900000", "ebit": "454100000", "ebitda": "480900000", "netIncome": "350500000"}, {"fiscalDateEnding": "2019-09-30", "reportedCurrency": "USD", "grossProfit": "474100000", "totalRevenue": "1452500000", "costOfRevenue": "978400000", "costofGoodsAndServicesSold": "845700000", "operatingIncome": "301000000", "sellingGeneralAndAdministrative": "570000000", "researchAndDevelopment": "None", "operatingExpenses": "1046400000", "investmentIncomeNet": "29300000", "netInterestIncome": "-7000000", "interestIncome": "-2300000", "interestExpense": "4700000", "nonInterestIncome": "6100000", "otherNonOperatingIncome": "37600000", "depreciation": "None", "depreciationAndAmortization": "15800000", "incomeBeforeTax": "392900000", "incomeTaxExpense": "86500000", "interestAndDebtExpense": "7000000", "netIncomeFromContinuingOperations": "309300000", "comprehensiveIncomeNetOfTax": "255700000", "ebit": "397600000", "ebitda": "413400000", "netIncome": "306400000"}, {"fiscalDateEnding": "2019-06-30", "reportedCurrency": "USD", "grossProfit": "468700000", "totalRevenue": "1476700000", "costOfRevenue": "1008000000", "costofGoodsAndServicesSold": "900100000", "operatingIncome": "374900000", "sellingGeneralAndAdministrative": "566200000", "researchAndDevelopment": "None", "operatingExpenses": "1101800000", "investmentIncomeNet": "31400000", "netInterestIncome": "-5600000", "interestIncome": "7200000", "interestExpense": "5600000", "nonInterestIncome": "100000", "otherNonOperatingIncome": "44200000", "depreciation": "None", "depreciationAndAmortization": "25600000", "incomeBeforeTax": "404800000", "incomeTaxExpense": "158900000", "interestAndDebtExpense": "5600000", "netIncomeFromContinuingOperations": "254600000", "comprehensiveIncomeNetOfTax": "251500000", "ebit": "410400000", "ebitda": "436000000", "netIncome": "245900000"}, {"fiscalDateEnding": "2019-03-31", "reportedCurrency": "USD", "grossProfit": "473000000", "totalRevenue": "1433800000", "costOfRevenue": "960800000", "costofGoodsAndServicesSold": "859000000", "operatingIncome": "379500000", "sellingGeneralAndAdministrative": "551200000", "researchAndDevelopment": "None", "operatingExpenses": "1054300000", "investmentIncomeNet": "32700000", "netInterestIncome": "-5700000", "interestIncome": "8500000", "interestExpense": "5700000", "nonInterestIncome": "2500000", "otherNonOperatingIncome": "118700000", "depreciation": "None", "depreciationAndAmortization": "21500000", "incomeBeforeTax": "478400000", "incomeTaxExpense": "110900000", "interestAndDebtExpense": "5700000", "netIncomeFromContinuingOperations": "381600000", "comprehensiveIncomeNetOfTax": "374600000", "ebit": "484100000", "ebitda": "505600000", "netIncome": "367500000"}, {"fiscalDateEnding": "2018-12-31", "reportedCurrency": "USD", "grossProfit": "838300000", "totalRevenue": "1411500000", "costOfRevenue": "573200000", "costofGoodsAndServicesSold": "799500000", "operatingIncome": "411500000", "sellingGeneralAndAdministrative": "552900000", "researchAndDevelopment": "None", "operatingExpenses": "1000000000", "investmentIncomeNet": "34600000", "netInterestIncome": "-6400000", "interestIncome": "None", "interestExpense": "6400000", "nonInterestIncome": "1031600000", "otherNonOperatingIncome": "-59100000", "depreciation": "None", "depreciationAndAmortization": "20300000", "incomeBeforeTax": "361900000", "incomeTaxExpense": "86000000", "interestAndDebtExpense": "6400000", "netIncomeFromContinuingOperations": "260000000", "comprehensiveIncomeNetOfTax": "260900000", "ebit": "368300000", "ebitda": "388600000", "netIncome": "275900000"}, {"fiscalDateEnding": "2018-09-30", "reportedCurrency": "USD", "grossProfit": "902400000", "totalRevenue": "1527200000", "costOfRevenue": "624800000", "costofGoodsAndServicesSold": "834800000", "operatingIncome": "388300000", "sellingGeneralAndAdministrative": "600500000", "researchAndDevelopment": "None", "operatingExpenses": "1024300000", "investmentIncomeNet": "32700000", "netInterestIncome": "-5800000", "interestIncome": "-2400000", "interestExpense": "3400000", "nonInterestIncome": "1117400000", "otherNonOperatingIncome": "65400000", "depreciation": "None", "depreciationAndAmortization": "20200000", "incomeBeforeTax": "509500000", "incomeTaxExpense": "7000000", "interestAndDebtExpense": "5800000", "netIncomeFromContinuingOperations": "476300000", "comprehensiveIncomeNetOfTax": "474800000", "ebit": "512900000", "ebitda": "533100000", "netIncome": "502500000"}, {"fiscalDateEnding": "2018-06-30", "reportedCurrency": "USD", "grossProfit": "953600000", "totalRevenue": "1558600000", "costOfRevenue": "605000000", "costofGoodsAndServicesSold": "857300000", "operatingIncome": "503100000", "sellingGeneralAndAdministrative": "605000000", "researchAndDevelopment": "None", "operatingExpenses": "1055500000", "investmentIncomeNet": "32000000", "netInterestIncome": "-22100000", "interestIncome": "None", "interestExpense": "22100000", "nonInterestIncome": "1135200000", "otherNonOperatingIncome": "-33800000", "depreciation": "None", "depreciationAndAmortization": "20400000", "incomeBeforeTax": "493800000", "incomeTaxExpense": "91800000", "interestAndDebtExpense": "22100000", "netIncomeFromContinuingOperations": "355400000", "comprehensiveIncomeNetOfTax": "318800000", "ebit": "515900000", "ebitda": "536300000", "netIncome": "402000000"}, {"fiscalDateEnding": "2018-03-31", "reportedCurrency": "USD", "grossProfit": "1003400000", "totalRevenue": "1617800000", "costOfRevenue": "614400000", "costofGoodsAndServicesSold": "877000000", "operatingIncome": "555700000", "sellingGeneralAndAdministrative": "614400000", "researchAndDevelopment": "None", "operatingExpenses": "1062100000", "investmentIncomeNet": "34400000", "netInterestIncome": "-10000000", "interestIncome": "None", "interestExpense": "10000000", "nonInterestIncome": "1172400000", "otherNonOperatingIncome": "87400000", "depreciation": "None", "depreciationAndAmortization": "17400000", "incomeBeforeTax": "593400000", "incomeTaxExpense": "150200000", "interestAndDebtExpense": "10000000", "netIncomeFromContinuingOperations": "482900000", "comprehensiveIncomeNetOfTax": "450200000", "ebit": "603400000", "ebitda": "620800000", "netIncome": "443200000"}, {"fiscalDateEnding": "2017-12-31", "reportedCurrency": "USD", "grossProfit": "977100000", "totalRevenue": "1615500000", "costOfRevenue": "638400000", "costofGoodsAndServicesSold": "861200000", "operatingIncome": "581100000", "sellingGeneralAndAdministrative": "617500000", "researchAndDevelopment": "None", "operatingExpenses": "1034400000", "investmentIncomeNet": "28500000", "netInterestIncome": "-10800000", "interestIncome": "None", "interestExpense": "10800000", "nonInterestIncome": "1166300000", "otherNonOperatingIncome": "81300000", "depreciation": "None", "depreciationAndAmortization": "20900000", "incomeBeforeTax": "640200000", "incomeTaxExpense": "1223500000", "interestAndDebtExpense": "10800000", "netIncomeFromContinuingOperations": "-571900000", "comprehensiveIncomeNetOfTax": "-565100000", "ebit": "651000000", "ebitda": "671900000", "netIncome": "-583300000"}, {"fiscalDateEnding": "2017-09-30", "reportedCurrency": "USD", "grossProfit": "963800000", "totalRevenue": "1616900000", "costOfRevenue": "653100000", "costofGoodsAndServicesSold": "871000000", "operatingIncome": "557700000", "sellingGeneralAndAdministrative": "630100000", "researchAndDevelopment": "None", "operatingExpenses": "1059200000", "investmentIncomeNet": "30500000", "netInterestIncome": "-12700000", "interestIncome": "None", "interestExpense": "12700000", "nonInterestIncome": "1156500000", "otherNonOperatingIncome": "113400000", "depreciation": "None", "depreciationAndAmortization": "18000000", "incomeBeforeTax": "607100000", "incomeTaxExpense": "181900000", "interestAndDebtExpense": "12700000", "netIncomeFromContinuingOperations": "476500000", "comprehensiveIncomeNetOfTax": "461400000", "ebit": "619800000", "ebitda": "637800000", "netIncome": "425200000"}, {"fiscalDateEnding": "2017-06-30", "reportedCurrency": "USD", "grossProfit": "991200000", "totalRevenue": "1613900000", "costOfRevenue": "622700000", "costofGoodsAndServicesSold": "883900000", "operatingIncome": "564200000", "sellingGeneralAndAdministrative": "622700000", "researchAndDevelopment": "None", "operatingExpenses": "1049700000", "investmentIncomeNet": "23600000", "netInterestIncome": "-12900000", "interestIncome": "None", "interestExpense": "12900000", "nonInterestIncome": "1135600000", "otherNonOperatingIncome": "92200000", "depreciation": "None", "depreciationAndAmortization": "21800000", "incomeBeforeTax": "594700000", "incomeTaxExpense": "184100000", "interestAndDebtExpense": "12900000", "netIncomeFromContinuingOperations": "459400000", "comprehensiveIncomeNetOfTax": "462800000", "ebit": "607600000", "ebitda": "629400000", "netIncome": "410600000"}, {"fiscalDateEnding": "2017-03-31", "reportedCurrency": "USD", "grossProfit": "981900000", "totalRevenue": "1600600000", "costOfRevenue": "618700000", "costofGoodsAndServicesSold": "877900000", "operatingIncome": "555500000", "sellingGeneralAndAdministrative": "618700000", "researchAndDevelopment": "None", "operatingExpenses": "1045100000", "investmentIncomeNet": "18700000", "netInterestIncome": "-12600000", "interestIncome": "None", "interestExpense": "12600000", "nonInterestIncome": "1147800000", "otherNonOperatingIncome": "84600000", "depreciation": "None", "depreciationAndAmortization": "20600000", "incomeBeforeTax": "613200000", "incomeTaxExpense": "192500000", "interestAndDebtExpense": "12600000", "netIncomeFromContinuingOperations": "435000000", "comprehensiveIncomeNetOfTax": "465300000", "ebit": "625800000", "ebitda": "646400000", "netIncome": "420700000"}, {"fiscalDateEnding": "2016-12-31", "reportedCurrency": "USD", "grossProfit": "959300000", "totalRevenue": "1560800000", "costOfRevenue": "601500000", "costofGoodsAndServicesSold": "831500000", "operatingIncome": "586900000", "sellingGeneralAndAdministrative": "581600000", "researchAndDevelopment": "None", "operatingExpenses": "973900000", "investmentIncomeNet": "16000000", "netInterestIncome": "-13300000", "interestIncome": "None", "interestExpense": "13300000", "nonInterestIncome": "1141600000", "otherNonOperatingIncome": "46100000", "depreciation": "None", "depreciationAndAmortization": "19900000", "incomeBeforeTax": "641100000", "incomeTaxExpense": "200900000", "interestAndDebtExpense": "13300000", "netIncomeFromContinuingOperations": "418800000", "comprehensiveIncomeNetOfTax": "376900000", "ebit": "654400000", "ebitda": "674300000", "netIncome": "440200000"}]}