{"symbol": "BF-B", "annualReports": [{"fiscalDateEnding": "2021-04-30", "reportedCurrency": "USD", "grossProfit": "2094000000", "totalRevenue": "7906000000", "costOfRevenue": "2121000000", "costofGoodsAndServicesSold": "1367000000", "operatingIncome": "1166000000", "sellingGeneralAndAdministrative": "671000000", "researchAndDevelopment": "None", "operatingExpenses": "748000000", "investmentIncomeNet": "2000000", "netInterestIncome": "-81000000", "interestIncome": "2000000", "interestExpense": "81000000", "nonInterestIncome": "7987000000", "otherNonOperatingIncome": "2000000", "depreciation": "None", "depreciationAndAmortization": "77000000", "incomeBeforeTax": "1081000000", "incomeTaxExpense": "178000000", "interestAndDebtExpense": "81000000", "netIncomeFromContinuingOperations": "903000000", "comprehensiveIncomeNetOfTax": "1028000000", "ebit": "1162000000", "ebitda": "1239000000", "netIncome": "903000000"}, {"fiscalDateEnding": "2020-04-30", "reportedCurrency": "USD", "grossProfit": "2127000000", "totalRevenue": "7587000000", "costOfRevenue": "1970000000", "costofGoodsAndServicesSold": "1236000000", "operatingIncome": "1091000000", "sellingGeneralAndAdministrative": "642000000", "researchAndDevelopment": "None", "operatingExpenses": "729000000", "investmentIncomeNet": "5000000", "netInterestIncome": "-82000000", "interestIncome": "5000000", "interestExpense": "82000000", "nonInterestIncome": "7669000000", "otherNonOperatingIncome": "None", "depreciation": "None", "depreciationAndAmortization": "74000000", "incomeBeforeTax": "1009000000", "incomeTaxExpense": "182000000", "interestAndDebtExpense": "82000000", "netIncomeFromContinuingOperations": "827000000", "comprehensiveIncomeNetOfTax": "686000000", "ebit": "1091000000", "ebitda": "1165000000", "netIncome": "827000000"}, {"fiscalDateEnding": "2019-04-30", "reportedCurrency": "USD", "grossProfit": "2166000000", "totalRevenue": "7512000000", "costOfRevenue": "1893000000", "costofGoodsAndServicesSold": "1158000000", "operatingIncome": "1144000000", "sellingGeneralAndAdministrative": "641000000", "researchAndDevelopment": "None", "operatingExpenses": "713000000", "investmentIncomeNet": "8000000", "netInterestIncome": "-88000000", "interestIncome": "8000000", "interestExpense": "88000000", "nonInterestIncome": "7600000000", "otherNonOperatingIncome": "None", "depreciation": "None", "depreciationAndAmortization": "72000000", "incomeBeforeTax": "1042000000", "incomeTaxExpense": "207000000", "interestAndDebtExpense": "88000000", "netIncomeFromContinuingOperations": "835000000", "comprehensiveIncomeNetOfTax": "850000000", "ebit": "1130000000", "ebitda": "1202000000", "netIncome": "835000000"}, {"fiscalDateEnding": "2018-04-30", "reportedCurrency": "USD", "grossProfit": "2202000000", "totalRevenue": "4133000000", "costOfRevenue": "2830000000", "costofGoodsAndServicesSold": "1046000000", "operatingIncome": "1048000000", "sellingGeneralAndAdministrative": "765000000", "researchAndDevelopment": "None", "operatingExpenses": "831000000", "investmentIncomeNet": "6000000", "netInterestIncome": "-68000000", "interestIncome": "6000000", "interestExpense": "68000000", "nonInterestIncome": "7449000000", "otherNonOperatingIncome": "None", "depreciation": "None", "depreciationAndAmortization": "64000000", "incomeBeforeTax": "977000000", "incomeTaxExpense": "260000000", "interestAndDebtExpense": "68000000", "netIncomeFromContinuingOperations": "717000000", "comprehensiveIncomeNetOfTax": "729000000", "ebit": "1045000000", "ebitda": "1109000000", "netIncome": "717000000"}, {"fiscalDateEnding": "2017-04-30", "reportedCurrency": "USD", "grossProfit": "2021000000", "totalRevenue": "3798000000", "costOfRevenue": "2561000000", "costofGoodsAndServicesSold": "973000000", "operatingIncome": "1010000000", "sellingGeneralAndAdministrative": "657000000", "researchAndDevelopment": "None", "operatingExpenses": "725000000", "investmentIncomeNet": "3000000", "netInterestIncome": "-59000000", "interestIncome": "3000000", "interestExpense": "59000000", "nonInterestIncome": "6851000000", "otherNonOperatingIncome": "None", "depreciation": "None", "depreciationAndAmortization": "58000000", "incomeBeforeTax": "933000000", "incomeTaxExpense": "264000000", "interestAndDebtExpense": "59000000", "netIncomeFromContinuingOperations": "669000000", "comprehensiveIncomeNetOfTax": "629000000", "ebit": "992000000", "ebitda": "1050000000", "netIncome": "669000000"}], "quarterlyReports": [{"fiscalDateEnding": "2021-07-31", "reportedCurrency": "USD", "grossProfit": "553000000", "totalRevenue": "2068000000", "costOfRevenue": "546000000", "costofGoodsAndServicesSold": "353000000", "operatingIncome": "289000000", "sellingGeneralAndAdministrative": "168000000", "researchAndDevelopment": "None", "operatingExpenses": "193000000", "investmentIncomeNet": "1000000", "netInterestIncome": "-21000000", "interestIncome": "1000000", "interestExpense": "21000000", "nonInterestIncome": "2089000000", "otherNonOperatingIncome": "1000000", "depreciation": "None", "depreciationAndAmortization": "19000000", "incomeBeforeTax": "269000000", "incomeTaxExpense": "77000000", "interestAndDebtExpense": "21000000", "netIncomeFromContinuingOperations": "192000000", "comprehensiveIncomeNetOfTax": "200000000", "ebit": "290000000", "ebitda": "309000000", "netIncome": "192000000"}, {"fiscalDateEnding": "2021-04-30", "reportedCurrency": "USD", "grossProfit": "498000000", "totalRevenue": "1837000000", "costOfRevenue": "546000000", "costofGoodsAndServicesSold": "314000000", "operatingIncome": "168000000", "sellingGeneralAndAdministrative": "211000000", "researchAndDevelopment": "None", "operatingExpenses": "230000000", "investmentIncomeNet": "1000000", "netInterestIncome": "-20000000", "interestIncome": "1000000", "interestExpense": "20000000", "nonInterestIncome": "1857000000", "otherNonOperatingIncome": "None", "depreciation": "None", "depreciationAndAmortization": "19000000", "incomeBeforeTax": "147000000", "incomeTaxExpense": "27000000", "interestAndDebtExpense": "20000000", "netIncomeFromContinuingOperations": "120000000", "comprehensiveIncomeNetOfTax": "187000000", "ebit": "167000000", "ebitda": "186000000", "netIncome": "120000000"}, {"fiscalDateEnding": "2021-01-31", "reportedCurrency": "USD", "grossProfit": "550000000", "totalRevenue": "2112000000", "costOfRevenue": "519000000", "costofGoodsAndServicesSold": "361000000", "operatingIncome": "281000000", "sellingGeneralAndAdministrative": "157000000", "researchAndDevelopment": "None", "operatingExpenses": "157000000", "investmentIncomeNet": "0", "netInterestIncome": "-21000000", "interestIncome": "None", "interestExpense": "21000000", "nonInterestIncome": "2133000000", "otherNonOperatingIncome": "None", "depreciation": "None", "depreciationAndAmortization": "19000000", "incomeBeforeTax": "259000000", "incomeTaxExpense": "40000000", "interestAndDebtExpense": "21000000", "netIncomeFromContinuingOperations": "219000000", "comprehensiveIncomeNetOfTax": "238000000", "ebit": "280000000", "ebitda": "299000000", "netIncome": "219000000"}, {"fiscalDateEnding": "2020-10-31", "reportedCurrency": "USD", "grossProfit": "581000000", "totalRevenue": "2237000000", "costOfRevenue": "561000000", "costofGoodsAndServicesSold": "404000000", "operatingIncome": "330000000", "sellingGeneralAndAdministrative": "155000000", "researchAndDevelopment": "None", "operatingExpenses": "155000000", "investmentIncomeNet": "1000000", "netInterestIncome": "-20000000", "interestIncome": "1000000", "interestExpense": "20000000", "nonInterestIncome": "2257000000", "otherNonOperatingIncome": "None", "depreciation": "None", "depreciationAndAmortization": "20000000", "incomeBeforeTax": "309000000", "incomeTaxExpense": "69000000", "interestAndDebtExpense": "20000000", "netIncomeFromContinuingOperations": "240000000", "comprehensiveIncomeNetOfTax": "255000000", "ebit": "329000000", "ebitda": "349000000", "netIncome": "240000000"}, {"fiscalDateEnding": "2020-07-31", "reportedCurrency": "USD", "grossProfit": "465000000", "totalRevenue": "1720000000", "costOfRevenue": "456000000", "costofGoodsAndServicesSold": "288000000", "operatingIncome": "387000000", "sellingGeneralAndAdministrative": "148000000", "researchAndDevelopment": "None", "operatingExpenses": "167000000", "investmentIncomeNet": "0", "netInterestIncome": "-20000000", "interestIncome": "None", "interestExpense": "20000000", "nonInterestIncome": "1740000000", "otherNonOperatingIncome": "None", "depreciation": "None", "depreciationAndAmortization": "19000000", "incomeBeforeTax": "366000000", "incomeTaxExpense": "42000000", "interestAndDebtExpense": "20000000", "netIncomeFromContinuingOperations": "324000000", "comprehensiveIncomeNetOfTax": "348000000", "ebit": "386000000", "ebitda": "405000000", "netIncome": "324000000"}, {"fiscalDateEnding": "2020-04-30", "reportedCurrency": "USD", "grossProfit": "453000000", "totalRevenue": "1591000000", "costOfRevenue": "457000000", "costofGoodsAndServicesSold": "256000000", "operatingIncome": "187000000", "sellingGeneralAndAdministrative": "167000000", "researchAndDevelopment": "None", "operatingExpenses": "199000000", "investmentIncomeNet": "1000000", "netInterestIncome": "-20000000", "interestIncome": "1000000", "interestExpense": "20000000", "nonInterestIncome": "1611000000", "otherNonOperatingIncome": "None", "depreciation": "None", "depreciationAndAmortization": "19000000", "incomeBeforeTax": "166000000", "incomeTaxExpense": "38000000", "interestAndDebtExpense": "20000000", "netIncomeFromContinuingOperations": "128000000", "comprehensiveIncomeNetOfTax": "-27000000", "ebit": "186000000", "ebitda": "205000000", "netIncome": "128000000"}, {"fiscalDateEnding": "2020-01-31", "reportedCurrency": "USD", "grossProfit": "557000000", "totalRevenue": "2057000000", "costOfRevenue": "496000000", "costofGoodsAndServicesSold": "342000000", "operatingIncome": "304000000", "sellingGeneralAndAdministrative": "153000000", "researchAndDevelopment": "None", "operatingExpenses": "153000000", "investmentIncomeNet": "1000000", "netInterestIncome": "-20000000", "interestIncome": "1000000", "interestExpense": "20000000", "nonInterestIncome": "2077000000", "otherNonOperatingIncome": "None", "depreciation": "None", "depreciationAndAmortization": "19000000", "incomeBeforeTax": "284000000", "incomeTaxExpense": "53000000", "interestAndDebtExpense": "20000000", "netIncomeFromContinuingOperations": "231000000", "comprehensiveIncomeNetOfTax": "239000000", "ebit": "304000000", "ebitda": "323000000", "netIncome": "231000000"}, {"fiscalDateEnding": "2019-10-31", "reportedCurrency": "USD", "grossProfit": "619000000", "totalRevenue": "2216000000", "costOfRevenue": "529000000", "costofGoodsAndServicesSold": "370000000", "operatingIncome": "352000000", "sellingGeneralAndAdministrative": "158000000", "researchAndDevelopment": "None", "operatingExpenses": "158000000", "investmentIncomeNet": "1000000", "netInterestIncome": "-21000000", "interestIncome": "1000000", "interestExpense": "21000000", "nonInterestIncome": "2237000000", "otherNonOperatingIncome": "None", "depreciation": "None", "depreciationAndAmortization": "18000000", "incomeBeforeTax": "331000000", "incomeTaxExpense": "49000000", "interestAndDebtExpense": "21000000", "netIncomeFromContinuingOperations": "282000000", "comprehensiveIncomeNetOfTax": "289000000", "ebit": "352000000", "ebitda": "370000000", "netIncome": "282000000"}, {"fiscalDateEnding": "2019-07-31", "reportedCurrency": "USD", "grossProfit": "498000000", "totalRevenue": "1723000000", "costOfRevenue": "451000000", "costofGoodsAndServicesSold": "268000000", "operatingIncome": "248000000", "sellingGeneralAndAdministrative": "164000000", "researchAndDevelopment": "None", "operatingExpenses": "182000000", "investmentIncomeNet": "2000000", "netInterestIncome": "-21000000", "interestIncome": "2000000", "interestExpense": "21000000", "nonInterestIncome": "1744000000", "otherNonOperatingIncome": "None", "depreciation": "None", "depreciationAndAmortization": "18000000", "incomeBeforeTax": "228000000", "incomeTaxExpense": "42000000", "interestAndDebtExpense": "21000000", "netIncomeFromContinuingOperations": "186000000", "comprehensiveIncomeNetOfTax": "185000000", "ebit": "249000000", "ebitda": "267000000", "netIncome": "186000000"}, {"fiscalDateEnding": "2019-04-30", "reportedCurrency": "USD", "grossProfit": "482000000", "totalRevenue": "1670000000", "costOfRevenue": "448000000", "costofGoodsAndServicesSold": "262000000", "operatingIncome": "228000000", "sellingGeneralAndAdministrative": "163000000", "researchAndDevelopment": "None", "operatingExpenses": "183000000", "investmentIncomeNet": "2000000", "netInterestIncome": "-21000000", "interestIncome": "2000000", "interestExpense": "21000000", "nonInterestIncome": "1691000000", "otherNonOperatingIncome": "None", "depreciation": "None", "depreciationAndAmortization": "20000000", "incomeBeforeTax": "206000000", "incomeTaxExpense": "47000000", "interestAndDebtExpense": "21000000", "netIncomeFromContinuingOperations": "159000000", "comprehensiveIncomeNetOfTax": "156000000", "ebit": "227000000", "ebitda": "247000000", "netIncome": "159000000"}, {"fiscalDateEnding": "2019-01-31", "reportedCurrency": "USD", "grossProfit": "571000000", "totalRevenue": "2062000000", "costOfRevenue": "497000000", "costofGoodsAndServicesSold": "333000000", "operatingIncome": "320000000", "sellingGeneralAndAdministrative": "149000000", "researchAndDevelopment": "None", "operatingExpenses": "149000000", "investmentIncomeNet": "2000000", "netInterestIncome": "-23000000", "interestIncome": "None", "interestExpense": "23000000", "nonInterestIncome": "2085000000", "otherNonOperatingIncome": "None", "depreciation": "None", "depreciationAndAmortization": "16000000", "incomeBeforeTax": "284000000", "incomeTaxExpense": "57000000", "interestAndDebtExpense": "23000000", "netIncomeFromContinuingOperations": "227000000", "comprehensiveIncomeNetOfTax": "232000000", "ebit": "307000000", "ebitda": "323000000", "netIncome": "227000000"}, {"fiscalDateEnding": "2018-10-31", "reportedCurrency": "USD", "grossProfit": "590000000", "totalRevenue": "2049000000", "costOfRevenue": "483000000", "costofGoodsAndServicesSold": "320000000", "operatingIncome": "332000000", "sellingGeneralAndAdministrative": "161000000", "researchAndDevelopment": "None", "operatingExpenses": "161000000", "investmentIncomeNet": "2000000", "netInterestIncome": "-22000000", "interestIncome": "None", "interestExpense": "22000000", "nonInterestIncome": "2071000000", "otherNonOperatingIncome": "None", "depreciation": "None", "depreciationAndAmortization": "18000000", "incomeBeforeTax": "310000000", "incomeTaxExpense": "61000000", "interestAndDebtExpense": "22000000", "netIncomeFromContinuingOperations": "249000000", "comprehensiveIncomeNetOfTax": "248000000", "ebit": "332000000", "ebitda": "350000000", "netIncome": "249000000"}, {"fiscalDateEnding": "2018-07-31", "reportedCurrency": "USD", "grossProfit": "523000000", "totalRevenue": "1731000000", "costOfRevenue": "431000000", "costofGoodsAndServicesSold": "243000000", "operatingIncome": "264000000", "sellingGeneralAndAdministrative": "168000000", "researchAndDevelopment": "None", "operatingExpenses": "186000000", "investmentIncomeNet": "2000000", "netInterestIncome": "-22000000", "interestIncome": "None", "interestExpense": "22000000", "nonInterestIncome": "1753000000", "otherNonOperatingIncome": "None", "depreciation": "None", "depreciationAndAmortization": "18000000", "incomeBeforeTax": "242000000", "incomeTaxExpense": "42000000", "interestAndDebtExpense": "22000000", "netIncomeFromContinuingOperations": "200000000", "comprehensiveIncomeNetOfTax": "214000000", "ebit": "264000000", "ebitda": "282000000", "netIncome": "200000000"}, {"fiscalDateEnding": "2018-04-30", "reportedCurrency": "USD", "grossProfit": "512000000", "totalRevenue": "931000000", "costOfRevenue": "724000000", "costofGoodsAndServicesSold": "221000000", "operatingIncome": "147000000", "sellingGeneralAndAdministrative": "269000000", "researchAndDevelopment": "None", "operatingExpenses": "286000000", "investmentIncomeNet": "2000000", "netInterestIncome": "-19000000", "interestIncome": "None", "interestExpense": "19000000", "nonInterestIncome": "1683000000", "otherNonOperatingIncome": "None", "depreciation": "None", "depreciationAndAmortization": "16000000", "incomeBeforeTax": "128000000", "incomeTaxExpense": "18000000", "interestAndDebtExpense": "19000000", "netIncomeFromContinuingOperations": "110000000", "comprehensiveIncomeNetOfTax": "114000000", "ebit": "147000000", "ebitda": "163000000", "netIncome": "110000000"}, {"fiscalDateEnding": "2018-01-31", "reportedCurrency": "USD", "grossProfit": "587000000", "totalRevenue": "1139000000", "costOfRevenue": "742000000", "costofGoodsAndServicesSold": "291000000", "operatingIncome": "306000000", "sellingGeneralAndAdministrative": "173000000", "researchAndDevelopment": "None", "operatingExpenses": "173000000", "investmentIncomeNet": "2000000", "netInterestIncome": "-17000000", "interestIncome": "None", "interestExpense": "17000000", "nonInterestIncome": "2034000000", "otherNonOperatingIncome": "None", "depreciation": "None", "depreciationAndAmortization": "17000000", "incomeBeforeTax": "289000000", "incomeTaxExpense": "99000000", "interestAndDebtExpense": "17000000", "netIncomeFromContinuingOperations": "190000000", "comprehensiveIncomeNetOfTax": "199000000", "ebit": "306000000", "ebitda": "323000000", "netIncome": "190000000"}, {"fiscalDateEnding": "2017-10-31", "reportedCurrency": "USD", "grossProfit": "610000000", "totalRevenue": "1150000000", "costOfRevenue": "719000000", "costofGoodsAndServicesSold": "304000000", "operatingIncome": "349000000", "sellingGeneralAndAdministrative": "162000000", "researchAndDevelopment": "None", "operatingExpenses": "163000000", "investmentIncomeNet": "1000000", "netInterestIncome": "-16000000", "interestIncome": "None", "interestExpense": "16000000", "nonInterestIncome": "2080000000", "otherNonOperatingIncome": "None", "depreciation": "None", "depreciationAndAmortization": "16000000", "incomeBeforeTax": "331000000", "incomeTaxExpense": "92000000", "interestAndDebtExpense": "16000000", "netIncomeFromContinuingOperations": "239000000", "comprehensiveIncomeNetOfTax": "224000000", "ebit": "347000000", "ebitda": "363000000", "netIncome": "239000000"}, {"fiscalDateEnding": "2017-07-31", "reportedCurrency": "USD", "grossProfit": "493000000", "totalRevenue": "913000000", "costOfRevenue": "612000000", "costofGoodsAndServicesSold": "230000000", "operatingIncome": "246000000", "sellingGeneralAndAdministrative": "161000000", "researchAndDevelopment": "None", "operatingExpenses": "176000000", "investmentIncomeNet": "1000000", "netInterestIncome": "-16000000", "interestIncome": "None", "interestExpense": "16000000", "nonInterestIncome": "1652000000", "otherNonOperatingIncome": "None", "depreciation": "None", "depreciationAndAmortization": "15000000", "incomeBeforeTax": "229000000", "incomeTaxExpense": "51000000", "interestAndDebtExpense": "16000000", "netIncomeFromContinuingOperations": "178000000", "comprehensiveIncomeNetOfTax": "192000000", "ebit": "245000000", "ebitda": "260000000", "netIncome": "178000000"}, {"fiscalDateEnding": "2017-04-30", "reportedCurrency": "USD", "grossProfit": "480000000", "totalRevenue": "873000000", "costOfRevenue": "603000000", "costofGoodsAndServicesSold": "-455000000", "operatingIncome": "232000000", "sellingGeneralAndAdministrative": "169000000", "researchAndDevelopment": "None", "operatingExpenses": "195000000", "investmentIncomeNet": "1000000", "netInterestIncome": "-15000000", "interestIncome": "None", "interestExpense": "15000000", "nonInterestIncome": "None", "otherNonOperatingIncome": "None", "depreciation": "None", "depreciationAndAmortization": "16000000", "incomeBeforeTax": "197000000", "incomeTaxExpense": "52000000", "interestAndDebtExpense": "15000000", "netIncomeFromContinuingOperations": "145000000", "comprehensiveIncomeNetOfTax": "188000000", "ebit": "212000000", "ebitda": "228000000", "netIncome": "145000000"}, {"fiscalDateEnding": "2017-01-31", "reportedCurrency": "USD", "grossProfit": "536000000", "totalRevenue": "1043000000", "costOfRevenue": "685000000", "costofGoodsAndServicesSold": "523000000", "operatingIncome": "273000000", "sellingGeneralAndAdministrative": "162000000", "researchAndDevelopment": "None", "operatingExpenses": "162000000", "investmentIncomeNet": "1000000", "netInterestIncome": "-16000000", "interestIncome": "None", "interestExpense": "16000000", "nonInterestIncome": "None", "otherNonOperatingIncome": "None", "depreciation": "None", "depreciationAndAmortization": "14000000", "incomeBeforeTax": "258000000", "incomeTaxExpense": "76000000", "interestAndDebtExpense": "16000000", "netIncomeFromContinuingOperations": "182000000", "comprehensiveIncomeNetOfTax": "156000000", "ebit": "274000000", "ebitda": "288000000", "netIncome": "182000000"}, {"fiscalDateEnding": "2016-10-31", "reportedCurrency": "USD", "grossProfit": "552000000", "totalRevenue": "1039000000", "costOfRevenue": "666000000", "costofGoodsAndServicesSold": "503000000", "operatingIncome": "291000000", "sellingGeneralAndAdministrative": "163000000", "researchAndDevelopment": "None", "operatingExpenses": "163000000", "investmentIncomeNet": "1000000", "netInterestIncome": "-16000000", "interestIncome": "None", "interestExpense": "16000000", "nonInterestIncome": "None", "otherNonOperatingIncome": "None", "depreciation": "None", "depreciationAndAmortization": "13000000", "incomeBeforeTax": "276000000", "incomeTaxExpense": "79000000", "interestAndDebtExpense": "16000000", "netIncomeFromContinuingOperations": "197000000", "comprehensiveIncomeNetOfTax": "192000000", "ebit": "292000000", "ebitda": "305000000", "netIncome": "197000000"}]}