{"symbol": "BIIB", "annualReports": [{"fiscalDateEnding": "2020-12-31", "reportedCurrency": "USD", "grossProfit": "11639400000", "totalRevenue": "13444600000", "costOfRevenue": "1805200000", "costofGoodsAndServicesSold": "1805200000", "operatingIncome": "4550100000", "sellingGeneralAndAdministrative": "2504500000", "researchAndDevelopment": "4065900000", "operatingExpenses": "6942700000", "investmentIncomeNet": "42000000", "netInterestIncome": "-222500000", "interestIncome": "42000000", "interestExpense": "222500000", "nonInterestIncome": "1400000", "otherNonOperatingIncome": "2900000", "depreciation": "201900000", "depreciationAndAmortization": "255100000", "incomeBeforeTax": "4992900000", "incomeTaxExpense": "992300000", "interestAndDebtExpense": "222500000", "netIncomeFromContinuingOperations": "4058500000", "comprehensiveIncomeNetOfTax": "3836800000", "ebit": "5215400000", "ebitda": "5470500000", "netIncome": "4000600000"}, {"fiscalDateEnding": "2019-12-31", "reportedCurrency": "USD", "grossProfit": "12422500000", "totalRevenue": "14377900000", "costOfRevenue": "1955400000", "costofGoodsAndServicesSold": "1955400000", "operatingIncome": "7042600000", "sellingGeneralAndAdministrative": "2374700000", "researchAndDevelopment": "2280600000", "operatingExpenses": "4986100000", "investmentIncomeNet": "120000000", "netInterestIncome": "-187400000", "interestIncome": "120000000", "interestExpense": "187400000", "nonInterestIncome": "-57000000", "otherNonOperatingIncome": "-47000000", "depreciation": "190600000", "depreciationAndAmortization": "274000000", "incomeBeforeTax": "7046500000", "incomeTaxExpense": "1158000000", "interestAndDebtExpense": "187400000", "netIncomeFromContinuingOperations": "5888500000", "comprehensiveIncomeNetOfTax": "5993700000", "ebit": "7233900000", "ebitda": "7507900000", "netIncome": "5888500000"}, {"fiscalDateEnding": "2018-12-31", "reportedCurrency": "USD", "grossProfit": "11636600000", "totalRevenue": "13452900000", "costOfRevenue": "1816300000", "costofGoodsAndServicesSold": "1816300000", "operatingIncome": "5888600000", "sellingGeneralAndAdministrative": "2106300000", "researchAndDevelopment": "2709700000", "operatingExpenses": "5209200000", "investmentIncomeNet": "112500000", "netInterestIncome": "-200600000", "interestIncome": "112500000", "interestExpense": "200600000", "nonInterestIncome": "-9900000", "otherNonOperatingIncome": "-10500000", "depreciation": "269400000", "depreciationAndAmortization": "381200000", "incomeBeforeTax": "5856300000", "incomeTaxExpense": "1425600000", "interestAndDebtExpense": "200600000", "netIncomeFromContinuingOperations": "4474000000", "comprehensiveIncomeNetOfTax": "4507200000", "ebit": "6056900000", "ebitda": "6438100000", "netIncome": "4430700000"}, {"fiscalDateEnding": "2017-12-31", "reportedCurrency": "USD", "grossProfit": "10643900000", "totalRevenue": "12273900000", "costOfRevenue": "1630000000", "costofGoodsAndServicesSold": "1630000000", "operatingIncome": "5345800000", "sellingGeneralAndAdministrative": "1933900000", "researchAndDevelopment": "2373600000", "operatingExpenses": "5124700000", "investmentIncomeNet": "78500000", "netInterestIncome": "-250800000", "interestIncome": "78500000", "interestExpense": "250800000", "nonInterestIncome": "6300000", "otherNonOperatingIncome": "-14700000", "depreciation": "266300000", "depreciationAndAmortization": "814700000", "incomeBeforeTax": "4997800000", "incomeTaxExpense": "2458700000", "interestAndDebtExpense": "250800000", "netIncomeFromContinuingOperations": "2670100000", "comprehensiveIncomeNetOfTax": "2540600000", "ebit": "5248600000", "ebitda": "6063300000", "netIncome": "2539100000"}, {"fiscalDateEnding": "2016-12-31", "reportedCurrency": "USD", "grossProfit": "9970100000", "totalRevenue": "11448800000", "costOfRevenue": "1478700000", "costofGoodsAndServicesSold": "1478700000", "operatingIncome": "5151700000", "sellingGeneralAndAdministrative": "1946600000", "researchAndDevelopment": "1973300000", "operatingExpenses": "3544700000", "investmentIncomeNet": "63400000", "netInterestIncome": "-260000000", "interestIncome": "63400000", "interestExpense": "260000000", "nonInterestIncome": "-9800000", "otherNonOperatingIncome": "-18300000", "depreciation": "309300000", "depreciationAndAmortization": "385600000", "incomeBeforeTax": "4940100000", "incomeTaxExpense": "1237300000", "interestAndDebtExpense": "260000000", "netIncomeFromContinuingOperations": "3695700000", "comprehensiveIncomeNetOfTax": "3606900000", "ebit": "5200100000", "ebitda": "5585700000", "netIncome": "3702800000"}], "quarterlyReports": [{"fiscalDateEnding": "2021-09-30", "reportedCurrency": "USD", "grossProfit": "1613000000", "totalRevenue": "2778900000", "costOfRevenue": "1165900000", "costofGoodsAndServicesSold": "511800000", "operatingIncome": "794000000", "sellingGeneralAndAdministrative": "654100000", "researchAndDevelopment": "702400000", "operatingExpenses": "1356500000", "investmentIncomeNet": "2600000", "netInterestIncome": "-66300000", "interestIncome": "2600000", "interestExpense": "66300000", "nonInterestIncome": "-11000000", "otherNonOperatingIncome": "-1000000", "depreciation": "65100000", "depreciationAndAmortization": "133200000", "incomeBeforeTax": "303300000", "incomeTaxExpense": "-25900000", "interestAndDebtExpense": "66300000", "netIncomeFromContinuingOperations": "317000000", "comprehensiveIncomeNetOfTax": "364400000", "ebit": "369600000", "ebitda": "502800000", "netIncome": "329200000"}, {"fiscalDateEnding": "2021-06-30", "reportedCurrency": "USD", "grossProfit": "1678000000", "totalRevenue": "2775000000", "costOfRevenue": "1097000000", "costofGoodsAndServicesSold": "459700000", "operatingIncome": "485700000", "sellingGeneralAndAdministrative": "637300000", "researchAndDevelopment": "603100000", "operatingExpenses": "1240400000", "investmentIncomeNet": "2700000", "netInterestIncome": "-56400000", "interestIncome": "2700000", "interestExpense": "56400000", "nonInterestIncome": "-400000", "otherNonOperatingIncome": "-3000000", "depreciation": "54700000", "depreciationAndAmortization": "72900000", "incomeBeforeTax": "39400000", "incomeTaxExpense": "-409100000", "interestAndDebtExpense": "56400000", "netIncomeFromContinuingOperations": "991200000", "comprehensiveIncomeNetOfTax": "451000000", "ebit": "95800000", "ebitda": "168700000", "netIncome": "448500000"}, {"fiscalDateEnding": "2021-03-31", "reportedCurrency": "USD", "grossProfit": "1620900000", "totalRevenue": "2694000000", "costOfRevenue": "1073100000", "costofGoodsAndServicesSold": "478100000", "operatingIncome": "973900000", "sellingGeneralAndAdministrative": "595000000", "researchAndDevelopment": "514200000", "operatingExpenses": "1109200000", "investmentIncomeNet": "2900000", "netInterestIncome": "-64700000", "interestIncome": "2900000", "interestExpense": "64700000", "nonInterestIncome": "-2400000", "otherNonOperatingIncome": "100000", "depreciation": "48800000", "depreciationAndAmortization": "146900000", "incomeBeforeTax": "454400000", "incomeTaxExpense": "44200000", "interestAndDebtExpense": "64700000", "netIncomeFromContinuingOperations": "404600000", "comprehensiveIncomeNetOfTax": "534900000", "ebit": "519100000", "ebitda": "666000000", "netIncome": "410200000"}, {"fiscalDateEnding": "2020-12-31", "reportedCurrency": "USD", "grossProfit": "2361900000", "totalRevenue": "2852600000", "costOfRevenue": "490700000", "costofGoodsAndServicesSold": "490600000", "operatingIncome": "-330600000", "sellingGeneralAndAdministrative": "806200000", "researchAndDevelopment": "1726100000", "operatingExpenses": "2708300000", "investmentIncomeNet": "4000000", "netInterestIncome": "-56000000", "interestIncome": "4000000", "interestExpense": "56000000", "nonInterestIncome": "6800000", "otherNonOperatingIncome": "2500000", "depreciation": "50700000", "depreciationAndAmortization": "58800000", "incomeBeforeTax": "371200000", "incomeTaxExpense": "13300000", "interestAndDebtExpense": "56000000", "netIncomeFromContinuingOperations": "2361900000", "comprehensiveIncomeNetOfTax": "284400000", "ebit": "427200000", "ebitda": "486000000", "netIncome": "357900000"}, {"fiscalDateEnding": "2020-09-30", "reportedCurrency": "USD", "grossProfit": "2927000000", "totalRevenue": "3376100000", "costOfRevenue": "449100000", "costofGoodsAndServicesSold": "449100000", "operatingIncome": "1086400000", "sellingGeneralAndAdministrative": "573100000", "researchAndDevelopment": "1140900000", "operatingExpenses": "1777300000", "investmentIncomeNet": "6000000", "netInterestIncome": "-56300000", "interestIncome": "6000000", "interestExpense": "56300000", "nonInterestIncome": "3100000", "otherNonOperatingIncome": "700000", "depreciation": "51500000", "depreciationAndAmortization": "63300000", "incomeBeforeTax": "942300000", "incomeTaxExpense": "240800000", "interestAndDebtExpense": "56300000", "netIncomeFromContinuingOperations": "717000000", "comprehensiveIncomeNetOfTax": "657000000", "ebit": "998600000", "ebitda": "1061900000", "netIncome": "701500000"}, {"fiscalDateEnding": "2020-06-30", "reportedCurrency": "USD", "grossProfit": "3270500000", "totalRevenue": "3681600000", "costOfRevenue": "411100000", "costofGoodsAndServicesSold": "411100000", "operatingIncome": "1974500000", "sellingGeneralAndAdministrative": "555100000", "researchAndDevelopment": "647600000", "operatingExpenses": "1264200000", "investmentIncomeNet": "7600000", "netInterestIncome": "-66000000", "interestIncome": "7600000", "interestExpense": "66000000", "nonInterestIncome": "10400000", "otherNonOperatingIncome": "4200000", "depreciation": "51300000", "depreciationAndAmortization": "61500000", "incomeBeforeTax": "1988200000", "incomeTaxExpense": "446100000", "interestAndDebtExpense": "66000000", "netIncomeFromContinuingOperations": "1606500000", "comprehensiveIncomeNetOfTax": "1510400000", "ebit": "2054200000", "ebitda": "2115700000", "netIncome": "1542100000"}, {"fiscalDateEnding": "2020-03-31", "reportedCurrency": "USD", "grossProfit": "3080000000", "totalRevenue": "3534300000", "costOfRevenue": "454300000", "costofGoodsAndServicesSold": "454300000", "operatingIncome": "1819900000", "sellingGeneralAndAdministrative": "570100000", "researchAndDevelopment": "551300000", "operatingExpenses": "1192900000", "investmentIncomeNet": "24400000", "netInterestIncome": "-44300000", "interestIncome": "24400000", "interestExpense": "44300000", "nonInterestIncome": "-18900000", "otherNonOperatingIncome": "-4400000", "depreciation": "48400000", "depreciationAndAmortization": "71500000", "incomeBeforeTax": "1691100000", "incomeTaxExpense": "292000000", "interestAndDebtExpense": "44300000", "netIncomeFromContinuingOperations": "1392600000", "comprehensiveIncomeNetOfTax": "1385000000", "ebit": "1735400000", "ebitda": "1806900000", "netIncome": "1399100000"}, {"fiscalDateEnding": "2019-12-31", "reportedCurrency": "USD", "grossProfit": "3224200000", "totalRevenue": "3671300000", "costOfRevenue": "447100000", "costofGoodsAndServicesSold": "447100000", "operatingIncome": "1777700000", "sellingGeneralAndAdministrative": "664900000", "researchAndDevelopment": "691700000", "operatingExpenses": "1263700000", "investmentIncomeNet": "29200000", "netInterestIncome": "-46000000", "interestIncome": "29200000", "interestExpense": "46000000", "nonInterestIncome": "-5500000", "otherNonOperatingIncome": "-36000000", "depreciation": "45200000", "depreciationAndAmortization": "-148200000", "incomeBeforeTax": "1715800000", "incomeTaxExpense": "276100000", "interestAndDebtExpense": "46000000", "netIncomeFromContinuingOperations": "3224200000", "comprehensiveIncomeNetOfTax": "1396800000", "ebit": "1761800000", "ebitda": "1613600000", "netIncome": "1439700000"}, {"fiscalDateEnding": "2019-09-30", "reportedCurrency": "USD", "grossProfit": "3170100000", "totalRevenue": "3600100000", "costOfRevenue": "430000000", "costofGoodsAndServicesSold": "430000000", "operatingIncome": "1806300000", "sellingGeneralAndAdministrative": "554500000", "researchAndDevelopment": "540400000", "operatingExpenses": "1361400000", "investmentIncomeNet": "30500000", "netInterestIncome": "-45800000", "interestIncome": "30500000", "interestExpense": "45800000", "nonInterestIncome": "-8600000", "otherNonOperatingIncome": "-3700000", "depreciation": "45500000", "depreciationAndAmortization": "283900000", "incomeBeforeTax": "1757200000", "incomeTaxExpense": "211300000", "interestAndDebtExpense": "45800000", "netIncomeFromContinuingOperations": "1545900000", "comprehensiveIncomeNetOfTax": "1706500000", "ebit": "1803000000", "ebitda": "2086900000", "netIncome": "1545900000"}, {"fiscalDateEnding": "2019-06-30", "reportedCurrency": "USD", "grossProfit": "3140400000", "totalRevenue": "3616700000", "costOfRevenue": "476300000", "costofGoodsAndServicesSold": "476300000", "operatingIncome": "1955900000", "sellingGeneralAndAdministrative": "587600000", "researchAndDevelopment": "484800000", "operatingExpenses": "1141000000", "investmentIncomeNet": "29100000", "netInterestIncome": "-47700000", "interestIncome": "29100000", "interestExpense": "47700000", "nonInterestIncome": "44600000", "otherNonOperatingIncome": "-7100000", "depreciation": "47000000", "depreciationAndAmortization": "70100000", "incomeBeforeTax": "1742200000", "incomeTaxExpense": "248100000", "interestAndDebtExpense": "47700000", "netIncomeFromContinuingOperations": "1494100000", "comprehensiveIncomeNetOfTax": "1461000000", "ebit": "1789900000", "ebitda": "1860000000", "netIncome": "1494100000"}, {"fiscalDateEnding": "2019-03-31", "reportedCurrency": "USD", "grossProfit": "2887800000", "totalRevenue": "3489800000", "costOfRevenue": "602000000", "costofGoodsAndServicesSold": "602000000", "operatingIncome": "1502700000", "sellingGeneralAndAdministrative": "567700000", "researchAndDevelopment": "563700000", "operatingExpenses": "1200000000", "investmentIncomeNet": "31200000", "netInterestIncome": "-47900000", "interestIncome": "31200000", "interestExpense": "47900000", "nonInterestIncome": "-2200000", "otherNonOperatingIncome": "-200000", "depreciation": "52900000", "depreciationAndAmortization": "68200000", "incomeBeforeTax": "1831300000", "incomeTaxExpense": "422500000", "interestAndDebtExpense": "47900000", "netIncomeFromContinuingOperations": "1408800000", "comprehensiveIncomeNetOfTax": "1429400000", "ebit": "1879200000", "ebitda": "1947400000", "netIncome": "1408800000"}, {"fiscalDateEnding": "2018-12-31", "reportedCurrency": "USD", "grossProfit": "3037800000", "totalRevenue": "3526300000", "costOfRevenue": "488500000", "costofGoodsAndServicesSold": "488500000", "operatingIncome": "1443100000", "sellingGeneralAndAdministrative": "591100000", "researchAndDevelopment": "611600000", "operatingExpenses": "1093500000", "investmentIncomeNet": "31100000", "netInterestIncome": "-49400000", "interestIncome": "None", "interestExpense": "49400000", "nonInterestIncome": "3900000", "otherNonOperatingIncome": "-1700000", "depreciation": "75400000", "depreciationAndAmortization": "-112000000", "incomeBeforeTax": "1416400000", "incomeTaxExpense": "469600000", "interestAndDebtExpense": "49400000", "netIncomeFromContinuingOperations": "3037800000", "comprehensiveIncomeNetOfTax": "954700000", "ebit": "1465800000", "ebitda": "1353800000", "netIncome": "946800000"}, {"fiscalDateEnding": "2018-09-30", "reportedCurrency": "USD", "grossProfit": "2978200000", "totalRevenue": "3439000000", "costOfRevenue": "460800000", "costofGoodsAndServicesSold": "460800000", "operatingIncome": "1697600000", "sellingGeneralAndAdministrative": "497700000", "researchAndDevelopment": "535400000", "operatingExpenses": "1321000000", "investmentIncomeNet": "26000000", "netInterestIncome": "-49000000", "interestIncome": "None", "interestExpense": "49000000", "nonInterestIncome": "200000", "otherNonOperatingIncome": "-3200000", "depreciation": "64800000", "depreciationAndAmortization": "281900000", "incomeBeforeTax": "1814200000", "incomeTaxExpense": "369800000", "interestAndDebtExpense": "49000000", "netIncomeFromContinuingOperations": "1442900000", "comprehensiveIncomeNetOfTax": "1457700000", "ebit": "1863200000", "ebitda": "2145100000", "netIncome": "1444400000"}, {"fiscalDateEnding": "2018-06-30", "reportedCurrency": "USD", "grossProfit": "2935500000", "totalRevenue": "3356500000", "costOfRevenue": "421000000", "costofGoodsAndServicesSold": "421000000", "operatingIncome": "1213200000", "sellingGeneralAndAdministrative": "516200000", "researchAndDevelopment": "1056000000", "operatingExpenses": "1681200000", "investmentIncomeNet": "28700000", "netInterestIncome": "-51700000", "interestIncome": "None", "interestExpense": "51700000", "nonInterestIncome": "-13000000", "otherNonOperatingIncome": "-3800000", "depreciation": "64200000", "depreciationAndAmortization": "107400000", "incomeBeforeTax": "1130300000", "incomeTaxExpense": "263700000", "interestAndDebtExpense": "51700000", "netIncomeFromContinuingOperations": "915000000", "comprehensiveIncomeNetOfTax": "908900000", "ebit": "1182000000", "ebitda": "1289400000", "netIncome": "866600000"}, {"fiscalDateEnding": "2018-03-31", "reportedCurrency": "USD", "grossProfit": "2685100000", "totalRevenue": "3131100000", "costOfRevenue": "446000000", "costofGoodsAndServicesSold": "446000000", "operatingIncome": "1534700000", "sellingGeneralAndAdministrative": "501300000", "researchAndDevelopment": "506700000", "operatingExpenses": "1113500000", "investmentIncomeNet": "26700000", "netInterestIncome": "-50500000", "interestIncome": "None", "interestExpense": "50500000", "nonInterestIncome": "-1000000", "otherNonOperatingIncome": "-1800000", "depreciation": "65000000", "depreciationAndAmortization": "103900000", "incomeBeforeTax": "1495400000", "incomeTaxExpense": "322500000", "interestAndDebtExpense": "50500000", "netIncomeFromContinuingOperations": "1171200000", "comprehensiveIncomeNetOfTax": "1185900000", "ebit": "1545900000", "ebitda": "1649800000", "netIncome": "1172900000"}, {"fiscalDateEnding": "2017-12-31", "reportedCurrency": "USD", "grossProfit": "2797800000", "totalRevenue": "3307000000", "costOfRevenue": "509200000", "costofGoodsAndServicesSold": "509200000", "operatingIncome": "1466200000", "sellingGeneralAndAdministrative": "572000000", "researchAndDevelopment": "587600000", "operatingExpenses": "1300700000", "investmentIncomeNet": "24300000", "netInterestIncome": "-62000000", "interestIncome": "None", "interestExpense": "62000000", "nonInterestIncome": "-2100000", "otherNonOperatingIncome": "-5300000", "depreciation": "None", "depreciationAndAmortization": "139800000", "incomeBeforeTax": "1268700000", "incomeTaxExpense": "1566100000", "interestAndDebtExpense": "62000000", "netIncomeFromContinuingOperations": "2797800000", "comprehensiveIncomeNetOfTax": "-286400000", "ebit": "1330700000", "ebitda": "1470500000", "netIncome": "-297400000"}, {"fiscalDateEnding": "2017-09-30", "reportedCurrency": "USD", "grossProfit": "2707800000", "totalRevenue": "3077800000", "costOfRevenue": "370000000", "costofGoodsAndServicesSold": "370000000", "operatingIncome": "1653900000", "sellingGeneralAndAdministrative": "433400000", "researchAndDevelopment": "446400000", "operatingExpenses": "989100000", "investmentIncomeNet": "20600000", "netInterestIncome": "-61800000", "interestIncome": "None", "interestExpense": "61800000", "nonInterestIncome": "6700000", "otherNonOperatingIncome": "-5500000", "depreciation": "None", "depreciationAndAmortization": "108900000", "incomeBeforeTax": "1609900000", "incomeTaxExpense": "383800000", "interestAndDebtExpense": "61800000", "netIncomeFromContinuingOperations": "1226100000", "comprehensiveIncomeNetOfTax": "1235500000", "ebit": "1671700000", "ebitda": "1780600000", "netIncome": "1226100000"}, {"fiscalDateEnding": "2017-06-30", "reportedCurrency": "USD", "grossProfit": "2712200000", "totalRevenue": "3078400000", "costOfRevenue": "366200000", "costofGoodsAndServicesSold": "366200000", "operatingIncome": "1201000000", "sellingGeneralAndAdministrative": "429800000", "researchAndDevelopment": "916200000", "operatingExpenses": "1463900000", "investmentIncomeNet": "16900000", "netInterestIncome": "-63600000", "interestIncome": "None", "interestExpense": "63600000", "nonInterestIncome": "-2300000", "otherNonOperatingIncome": "-6200000", "depreciation": "None", "depreciationAndAmortization": "117500000", "incomeBeforeTax": "1132400000", "incomeTaxExpense": "269600000", "interestAndDebtExpense": "63600000", "netIncomeFromContinuingOperations": "862800000", "comprehensiveIncomeNetOfTax": "849200000", "ebit": "1196000000", "ebitda": "1313500000", "netIncome": "862800000"}, {"fiscalDateEnding": "2017-03-31", "reportedCurrency": "USD", "grossProfit": "2426100000", "totalRevenue": "2810700000", "costOfRevenue": "384600000", "costofGoodsAndServicesSold": "384600000", "operatingIncome": "1024700000", "sellingGeneralAndAdministrative": "498700000", "researchAndDevelopment": "423400000", "operatingExpenses": "121000000", "investmentIncomeNet": "16700000", "netInterestIncome": "-63400000", "interestIncome": "None", "interestExpense": "63400000", "nonInterestIncome": "4000000", "otherNonOperatingIncome": "2300000", "depreciation": "None", "depreciationAndAmortization": "448500000", "incomeBeforeTax": "986800000", "incomeTaxExpense": "239200000", "interestAndDebtExpense": "63400000", "netIncomeFromContinuingOperations": "747500000", "comprehensiveIncomeNetOfTax": "742300000", "ebit": "1050200000", "ebitda": "1498700000", "netIncome": "747600000"}, {"fiscalDateEnding": "2016-12-31", "reportedCurrency": "USD", "grossProfit": "2493500000", "totalRevenue": "2872000000", "costOfRevenue": "378500000", "costofGoodsAndServicesSold": "378500000", "operatingIncome": "887500000", "sellingGeneralAndAdministrative": "494200000", "researchAndDevelopment": "533900000", "operatingExpenses": "454800000", "investmentIncomeNet": "20400000", "netInterestIncome": "-64800000", "interestIncome": "None", "interestExpense": "64800000", "nonInterestIncome": "-7200000", "otherNonOperatingIncome": "-4000000", "depreciation": "None", "depreciationAndAmortization": "104200000", "incomeBeforeTax": "839500000", "incomeTaxExpense": "190300000", "interestAndDebtExpense": "64800000", "netIncomeFromContinuingOperations": "2493500000", "comprehensiveIncomeNetOfTax": "630200000", "ebit": "904300000", "ebitda": "1008500000", "netIncome": "649200000"}]}