{"symbol": "BIO", "annualReports": [{"fiscalDateEnding": "2020-12-31", "reportedCurrency": "USD", "grossProfit": "1437822000", "totalRevenue": "5058794000", "costOfRevenue": "1937471000", "costofGoodsAndServicesSold": "1107804000", "operatingIncome": "410957000", "sellingGeneralAndAdministrative": "800267000", "researchAndDevelopment": "226598000", "operatingExpenses": "1056265000", "investmentIncomeNet": "18200000", "netInterestIncome": "-21861000", "interestIncome": "4491393000", "interestExpense": "21861000", "nonInterestIncome": "5076655000", "otherNonOperatingIncome": "24488000", "depreciation": "None", "depreciationAndAmortization": "28100000", "incomeBeforeTax": "4907638000", "incomeTaxExpense": "1101371000", "interestAndDebtExpense": "21861000", "netIncomeFromContinuingOperations": "3806267000", "comprehensiveIncomeNetOfTax": "4176071000", "ebit": "4929499000", "ebitda": "4957599000", "netIncome": "3806267000"}, {"fiscalDateEnding": "2019-12-31", "reportedCurrency": "USD", "grossProfit": "1256996000", "totalRevenue": "4600998000", "costOfRevenue": "1904288000", "costofGoodsAndServicesSold": "1054663000", "operatingIncome": "229661000", "sellingGeneralAndAdministrative": "824625000", "researchAndDevelopment": "202710000", "operatingExpenses": "1052335000", "investmentIncomeNet": "30500000", "netInterestIncome": "-23416000", "interestIncome": "30500000", "interestExpense": "23416000", "nonInterestIncome": "4619914000", "otherNonOperatingIncome": "26094000", "depreciation": "None", "depreciationAndAmortization": "24100000", "incomeBeforeTax": "2261081000", "incomeTaxExpense": "502406000", "interestAndDebtExpense": "23416000", "netIncomeFromContinuingOperations": "1758675000", "comprehensiveIncomeNetOfTax": "1718285000", "ebit": "2284497000", "ebitda": "2308597000", "netIncome": "1758675000"}, {"fiscalDateEnding": "2018-12-31", "reportedCurrency": "USD", "grossProfit": "1223151000", "totalRevenue": "4551592000", "costOfRevenue": "2221860000", "costofGoodsAndServicesSold": "1066264000", "operatingIncome": "-103341000", "sellingGeneralAndAdministrative": "834783000", "researchAndDevelopment": "199196000", "operatingExpenses": "1350692000", "investmentIncomeNet": "26600000", "netInterestIncome": "-23962000", "interestIncome": "26600000", "interestExpense": "23962000", "nonInterestIncome": "4573954000", "otherNonOperatingIncome": "36593000", "depreciation": "None", "depreciationAndAmortization": "28300000", "incomeBeforeTax": "512659000", "incomeTaxExpense": "147045000", "interestAndDebtExpense": "23962000", "netIncomeFromContinuingOperations": "365659000", "comprehensiveIncomeNetOfTax": "259119000", "ebit": "536621000", "ebitda": "564921000", "netIncome": "365614000"}, {"fiscalDateEnding": "2017-12-31", "reportedCurrency": "USD", "grossProfit": "1187703000", "totalRevenue": "2121211000", "costOfRevenue": "1825196000", "costofGoodsAndServicesSold": "972450000", "operatingIncome": "119250000", "sellingGeneralAndAdministrative": "806790000", "researchAndDevelopment": "250157000", "operatingExpenses": "1110984608", "investmentIncomeNet": "19100000", "netInterestIncome": "-21914000", "interestIncome": "1100000", "interestExpense": "23014000", "nonInterestIncome": "-17128000", "otherNonOperatingIncome": "10697000", "depreciation": "None", "depreciationAndAmortization": "30800000", "incomeBeforeTax": "97805000", "incomeTaxExpense": "-24444000", "interestAndDebtExpense": "21914000", "netIncomeFromContinuingOperations": "122249000", "comprehensiveIncomeNetOfTax": "443277000", "ebit": "120819000", "ebitda": "151619000", "netIncome": "122249000"}, {"fiscalDateEnding": "2016-12-31", "reportedCurrency": "USD", "grossProfit": "1138428000", "totalRevenue": "2042116000", "costOfRevenue": "1856814000", "costofGoodsAndServicesSold": "929744000", "operatingIncome": "55718000", "sellingGeneralAndAdministrative": "814697000", "researchAndDevelopment": "205708000", "operatingExpenses": "1133334608", "investmentIncomeNet": "14700000", "netInterestIncome": "-21942000", "interestIncome": "1438000", "interestExpense": "23380000", "nonInterestIncome": "-4942000", "otherNonOperatingIncome": "13764000", "depreciation": "None", "depreciationAndAmortization": "35200000", "incomeBeforeTax": "41600000", "incomeTaxExpense": "15600000", "interestAndDebtExpense": "21942000", "netIncomeFromContinuingOperations": "28165000", "comprehensiveIncomeNetOfTax": "61628000", "ebit": "64980000", "ebitda": "100180000", "netIncome": "26000000"}], "quarterlyReports": [{"fiscalDateEnding": "2021-09-30", "reportedCurrency": "USD", "grossProfit": "437435000", "totalRevenue": "745042000", "costOfRevenue": "533164000", "costofGoodsAndServicesSold": "309614000", "operatingIncome": "156804000", "sellingGeneralAndAdministrative": "216150000", "researchAndDevelopment": "64481000", "operatingExpenses": "320531000", "investmentIncomeNet": "300000", "netInterestIncome": "-426000", "interestIncome": "4866001000", "interestExpense": "426000", "nonInterestIncome": "744768000", "otherNonOperatingIncome": "-600000", "depreciation": "None", "depreciationAndAmortization": "7400000", "incomeBeforeTax": "5022226000", "incomeTaxExpense": "1094193000", "interestAndDebtExpense": "426000", "netIncomeFromContinuingOperations": "3928007000", "comprehensiveIncomeNetOfTax": "3739826000", "ebit": "5022652000", "ebitda": "5030052000", "netIncome": "3928033000"}, {"fiscalDateEnding": "2021-06-30", "reportedCurrency": "USD", "grossProfit": "401598000", "totalRevenue": "718029000", "costOfRevenue": "535058000", "costofGoodsAndServicesSold": "314333000", "operatingIncome": "124782000", "sellingGeneralAndAdministrative": "213425000", "researchAndDevelopment": "63391000", "operatingExpenses": "284116000", "investmentIncomeNet": "700000", "netInterestIncome": "-363000", "interestIncome": "700000", "interestExpense": "363000", "nonInterestIncome": "717692000", "otherNonOperatingIncome": "-96000", "depreciation": "None", "depreciationAndAmortization": "7300000", "incomeBeforeTax": "1156775000", "incomeTaxExpense": "242661000", "interestAndDebtExpense": "363000", "netIncomeFromContinuingOperations": "914114000", "comprehensiveIncomeNetOfTax": "970846000", "ebit": "1157138000", "ebitda": "1164438000", "netIncome": "914114000"}, {"fiscalDateEnding": "2021-03-31", "reportedCurrency": "USD", "grossProfit": "400627000", "totalRevenue": "726831000", "costOfRevenue": "592822000", "costofGoodsAndServicesSold": "326169000", "operatingIncome": "100862000", "sellingGeneralAndAdministrative": "225853000", "researchAndDevelopment": "73912000", "operatingExpenses": "340865000", "investmentIncomeNet": "18300000", "netInterestIncome": "-398000", "interestIncome": "1197334000", "interestExpense": "398000", "nonInterestIncome": "726429000", "otherNonOperatingIncome": "17407000", "depreciation": "None", "depreciationAndAmortization": "40000000", "incomeBeforeTax": "1297203000", "incomeTaxExpense": "319789000", "interestAndDebtExpense": "398000", "netIncomeFromContinuingOperations": "977414000", "comprehensiveIncomeNetOfTax": "763392000", "ebit": "1297601000", "ebitda": "1337601000", "netIncome": "977414000"}, {"fiscalDateEnding": "2020-12-31", "reportedCurrency": "USD", "grossProfit": "460100000", "totalRevenue": "789800000", "costOfRevenue": "451032000", "costofGoodsAndServicesSold": "329684000", "operatingIncome": "175242000", "sellingGeneralAndAdministrative": "219148000", "researchAndDevelopment": "65765000", "operatingExpenses": "35300000", "investmentIncomeNet": "3600000", "netInterestIncome": "-4703000", "interestIncome": "904320000", "interestExpense": "4703000", "nonInterestIncome": "789800000", "otherNonOperatingIncome": "2971000", "depreciation": "None", "depreciationAndAmortization": "-94500000", "incomeBeforeTax": "1078631000", "incomeTaxExpense": "239431000", "interestAndDebtExpense": "4703000", "netIncomeFromContinuingOperations": "424800000", "comprehensiveIncomeNetOfTax": "1037587000", "ebit": "1083334000", "ebitda": "988834000", "netIncome": "839200000"}, {"fiscalDateEnding": "2020-09-30", "reportedCurrency": "USD", "grossProfit": "367311000", "totalRevenue": "641459000", "costOfRevenue": "485417000", "costofGoodsAndServicesSold": "279952000", "operatingIncome": "109600000", "sellingGeneralAndAdministrative": "198165000", "researchAndDevelopment": "59546000", "operatingExpenses": "265011000", "investmentIncomeNet": "1800000", "netInterestIncome": "-5728000", "interestIncome": "1575646000", "interestExpense": "5728000", "nonInterestIncome": "646487000", "otherNonOperatingIncome": "1000000", "depreciation": "None", "depreciationAndAmortization": "7300000", "incomeBeforeTax": "1684437000", "incomeTaxExpense": "369637000", "interestAndDebtExpense": "5728000", "netIncomeFromContinuingOperations": "1314863000", "comprehensiveIncomeNetOfTax": "1459937000", "ebit": "1690165000", "ebitda": "1697465000", "netIncome": "1314824000"}, {"fiscalDateEnding": "2020-06-30", "reportedCurrency": "USD", "grossProfit": "292988000", "totalRevenue": "542986000", "costOfRevenue": "445054000", "costofGoodsAndServicesSold": "243892000", "operatingIncome": "51742000", "sellingGeneralAndAdministrative": "189262000", "researchAndDevelopment": "51984000", "operatingExpenses": "241446000", "investmentIncomeNet": "10000000", "netInterestIncome": "-5740000", "interestIncome": "10000000", "interestExpense": "5740000", "nonInterestIncome": "547826000", "otherNonOperatingIncome": "17200000", "depreciation": "None", "depreciationAndAmortization": "7300000", "incomeBeforeTax": "1245916000", "incomeTaxExpense": "279516000", "interestAndDebtExpense": "5740000", "netIncomeFromContinuingOperations": "966384000", "comprehensiveIncomeNetOfTax": "1054242000", "ebit": "1251656000", "ebitda": "1258956000", "netIncome": "966429000"}, {"fiscalDateEnding": "2020-03-31", "reportedCurrency": "USD", "grossProfit": "317368000", "totalRevenue": "566026000", "costOfRevenue": "453968000", "costofGoodsAndServicesSold": "254276000", "operatingIncome": "74373000", "sellingGeneralAndAdministrative": "193692000", "researchAndDevelopment": "49303000", "operatingExpenses": "249095000", "investmentIncomeNet": "2800000", "netInterestIncome": "-5690000", "interestIncome": "2800000", "interestExpense": "5690000", "nonInterestIncome": "570616000", "otherNonOperatingIncome": "3300000", "depreciation": "None", "depreciationAndAmortization": "6000000", "incomeBeforeTax": "898699000", "incomeTaxExpense": "212787000", "interestAndDebtExpense": "5690000", "netIncomeFromContinuingOperations": "685913000", "comprehensiveIncomeNetOfTax": "624305000", "ebit": "904389000", "ebitda": "910389000", "netIncome": "685912000"}, {"fiscalDateEnding": "2019-12-31", "reportedCurrency": "USD", "grossProfit": "330400000", "totalRevenue": "624500000", "costOfRevenue": "515554000", "costofGoodsAndServicesSold": "293989000", "operatingIncome": "59205000", "sellingGeneralAndAdministrative": "214165000", "researchAndDevelopment": "57069000", "operatingExpenses": "278634000", "investmentIncomeNet": "3100000", "netInterestIncome": "-6064000", "interestIncome": "3100000", "interestExpense": "6064000", "nonInterestIncome": "624500000", "otherNonOperatingIncome": "-865000", "depreciation": "None", "depreciationAndAmortization": "6500000", "incomeBeforeTax": "699444000", "incomeTaxExpense": "145944000", "interestAndDebtExpense": "6064000", "netIncomeFromContinuingOperations": "330400000", "comprehensiveIncomeNetOfTax": "618251000", "ebit": "705508000", "ebitda": "712008000", "netIncome": "553500000"}, {"fiscalDateEnding": "2019-09-30", "reportedCurrency": "USD", "grossProfit": "307000000", "totalRevenue": "555110000", "costOfRevenue": "461329000", "costofGoodsAndServicesSold": "253607000", "operatingIncome": "57460000", "sellingGeneralAndAdministrative": "201622000", "researchAndDevelopment": "47944000", "operatingExpenses": "255666000", "investmentIncomeNet": "4100000", "netInterestIncome": "-5525000", "interestIncome": "4100000", "interestExpense": "5525000", "nonInterestIncome": "559735000", "otherNonOperatingIncome": "4367000", "depreciation": "None", "depreciationAndAmortization": "6100000", "incomeBeforeTax": "-335200000", "incomeTaxExpense": "-76400000", "interestAndDebtExpense": "5525000", "netIncomeFromContinuingOperations": "-258816000", "comprehensiveIncomeNetOfTax": "-361356000", "ebit": "-329675000", "ebitda": "-323575000", "netIncome": "-258800000"}, {"fiscalDateEnding": "2019-06-30", "reportedCurrency": "USD", "grossProfit": "307800000", "totalRevenue": "566245000", "costOfRevenue": "471907000", "costofGoodsAndServicesSold": "264850000", "operatingIncome": "56390000", "sellingGeneralAndAdministrative": "201257000", "researchAndDevelopment": "50122000", "operatingExpenses": "257179000", "investmentIncomeNet": "3800000", "netInterestIncome": "-5841000", "interestIncome": "3800000", "interestExpense": "5841000", "nonInterestIncome": "571386000", "otherNonOperatingIncome": "3896000", "depreciation": "None", "depreciationAndAmortization": "5800000", "incomeBeforeTax": "769591000", "incomeTaxExpense": "170791000", "interestAndDebtExpense": "5841000", "netIncomeFromContinuingOperations": "598810000", "comprehensiveIncomeNetOfTax": "630202000", "ebit": "775432000", "ebitda": "781232000", "netIncome": "598800000"}, {"fiscalDateEnding": "2019-03-31", "reportedCurrency": "USD", "grossProfit": "311800000", "totalRevenue": "546434000", "costOfRevenue": "455298000", "costofGoodsAndServicesSold": "242217000", "operatingIncome": "56606000", "sellingGeneralAndAdministrative": "207581000", "researchAndDevelopment": "47575000", "operatingExpenses": "260656000", "investmentIncomeNet": "19500000", "netInterestIncome": "-5986000", "interestIncome": "1071464000", "interestExpense": "5986000", "nonInterestIncome": "552420000", "otherNonOperatingIncome": "18696000", "depreciation": "None", "depreciationAndAmortization": "5500000", "incomeBeforeTax": "1127271000", "incomeTaxExpense": "262071000", "interestAndDebtExpense": "5986000", "netIncomeFromContinuingOperations": "865229000", "comprehensiveIncomeNetOfTax": "831188000", "ebit": "1133257000", "ebitda": "1138757000", "netIncome": "865200000"}, {"fiscalDateEnding": "2018-12-31", "reportedCurrency": "USD", "grossProfit": "332600000", "totalRevenue": "616900000", "costOfRevenue": "292500000", "costofGoodsAndServicesSold": "284282000", "operatingIncome": "-227054000", "sellingGeneralAndAdministrative": "214032000", "researchAndDevelopment": "53074000", "operatingExpenses": "292500000", "investmentIncomeNet": "5700000", "netInterestIncome": "-6139000", "interestIncome": "None", "interestExpense": "6139000", "nonInterestIncome": "616900000", "otherNonOperatingIncome": "36793000", "depreciation": "None", "depreciationAndAmortization": "6500000", "incomeBeforeTax": "-1041218000", "incomeTaxExpense": "-212718000", "interestAndDebtExpense": "6139000", "netIncomeFromContinuingOperations": "40100000", "comprehensiveIncomeNetOfTax": "-843188000", "ebit": "-1035079000", "ebitda": "-1028579000", "netIncome": "-828500000"}, {"fiscalDateEnding": "2018-09-30", "reportedCurrency": "USD", "grossProfit": "286700000", "totalRevenue": "538302000", "costOfRevenue": "466618000", "costofGoodsAndServicesSold": "258422000", "operatingIncome": "36275000", "sellingGeneralAndAdministrative": "201196000", "researchAndDevelopment": "49245000", "operatingExpenses": "257441000", "investmentIncomeNet": "2600000", "netInterestIncome": "-6064000", "interestIncome": "None", "interestExpense": "6064000", "nonInterestIncome": "544466000", "otherNonOperatingIncome": "100000", "depreciation": "None", "depreciationAndAmortization": "7000000", "incomeBeforeTax": "350105000", "incomeTaxExpense": "80805000", "interestAndDebtExpense": "6064000", "netIncomeFromContinuingOperations": "269295000", "comprehensiveIncomeNetOfTax": "255737000", "ebit": "356169000", "ebitda": "363169000", "netIncome": "269300000"}, {"fiscalDateEnding": "2018-06-30", "reportedCurrency": "USD", "grossProfit": "301700000", "totalRevenue": "569838000", "costOfRevenue": "492069000", "costofGoodsAndServicesSold": "274244000", "operatingIncome": "43792000", "sellingGeneralAndAdministrative": "210425000", "researchAndDevelopment": "47450000", "operatingExpenses": "265275000", "investmentIncomeNet": "16200000", "netInterestIncome": "-5977000", "interestIncome": "None", "interestExpense": "5977000", "nonInterestIncome": "575915000", "otherNonOperatingIncome": "-200000", "depreciation": "None", "depreciationAndAmortization": "7400000", "incomeBeforeTax": "340043000", "incomeTaxExpense": "72043000", "interestAndDebtExpense": "5977000", "netIncomeFromContinuingOperations": "268057000", "comprehensiveIncomeNetOfTax": "145248000", "ebit": "346020000", "ebitda": "353420000", "netIncome": "268000000"}, {"fiscalDateEnding": "2018-03-31", "reportedCurrency": "USD", "grossProfit": "302200000", "totalRevenue": "543783000", "costOfRevenue": "465846000", "costofGoodsAndServicesSold": "249316000", "operatingIncome": "43646000", "sellingGeneralAndAdministrative": "209130000", "researchAndDevelopment": "49427000", "operatingExpenses": "261857000", "investmentIncomeNet": "2100000", "netInterestIncome": "-5782000", "interestIncome": "None", "interestExpense": "5782000", "nonInterestIncome": "-1854000", "otherNonOperatingIncome": "-100000", "depreciation": "None", "depreciationAndAmortization": "7400000", "incomeBeforeTax": "863715000", "incomeTaxExpense": "206915000", "interestAndDebtExpense": "5782000", "netIncomeFromContinuingOperations": "656774000", "comprehensiveIncomeNetOfTax": "701322000", "ebit": "869497000", "ebitda": "876897000", "netIncome": "656800000"}, {"fiscalDateEnding": "2017-12-31", "reportedCurrency": "USD", "grossProfit": "345200000", "totalRevenue": "621300000", "costOfRevenue": "478400000", "costofGoodsAndServicesSold": "276038000", "operatingIncome": "45900000", "sellingGeneralAndAdministrative": "202300000", "researchAndDevelopment": "76100000", "operatingExpenses": "278400000", "investmentIncomeNet": "4800000", "netInterestIncome": "-5506000", "interestIncome": "275000", "interestExpense": "5781000", "nonInterestIncome": "621300000", "otherNonOperatingIncome": "-3914000", "depreciation": "None", "depreciationAndAmortization": "-75251000", "incomeBeforeTax": "45900000", "incomeTaxExpense": "-36800000", "interestAndDebtExpense": "5506000", "netIncomeFromContinuingOperations": "82700000", "comprehensiveIncomeNetOfTax": "199040000", "ebit": "51681000", "ebitda": "-23570000", "netIncome": "82700000"}, {"fiscalDateEnding": "2017-09-30", "reportedCurrency": "USD", "grossProfit": "299000000", "totalRevenue": "526243000", "costOfRevenue": "435052000", "costofGoodsAndServicesSold": "235133000", "operatingIncome": "38762000", "sellingGeneralAndAdministrative": "198169000", "researchAndDevelopment": "62077000", "operatingExpenses": "265941000", "investmentIncomeNet": "1200000", "netInterestIncome": "-5597000", "interestIncome": "275000", "interestExpense": "5872000", "nonInterestIncome": "-3363000", "otherNonOperatingIncome": "1436000", "depreciation": "None", "depreciationAndAmortization": "35363000", "incomeBeforeTax": "30621000", "incomeTaxExpense": "8521000", "interestAndDebtExpense": "5597000", "netIncomeFromContinuingOperations": "27438000", "comprehensiveIncomeNetOfTax": "33607000", "ebit": "36493000", "ebitda": "71856000", "netIncome": "22100000"}, {"fiscalDateEnding": "2017-06-30", "reportedCurrency": "USD", "grossProfit": "273400000", "totalRevenue": "496180000", "costOfRevenue": "453094000", "costofGoodsAndServicesSold": "231291000", "operatingIncome": "-1701000", "sellingGeneralAndAdministrative": "212489000", "researchAndDevelopment": "62587000", "operatingExpenses": "284350000", "investmentIncomeNet": "12000000", "netInterestIncome": "-5770000", "interestIncome": "275000", "interestExpense": "6045000", "nonInterestIncome": "-2516000", "otherNonOperatingIncome": "11757000", "depreciation": "None", "depreciationAndAmortization": "37026000", "incomeBeforeTax": "1085000", "incomeTaxExpense": "-3915000", "interestAndDebtExpense": "5770000", "netIncomeFromContinuingOperations": "5015000", "comprehensiveIncomeNetOfTax": "99340000", "ebit": "7130000", "ebitda": "44156000", "netIncome": "5000000"}, {"fiscalDateEnding": "2017-03-31", "reportedCurrency": "USD", "grossProfit": "270100000", "totalRevenue": "493647000", "costOfRevenue": "458666000", "costofGoodsAndServicesSold": "229988000", "operatingIncome": "26209000", "sellingGeneralAndAdministrative": "194402000", "researchAndDevelopment": "49452000", "operatingExpenses": "278231608", "investmentIncomeNet": "1100000", "netInterestIncome": "-5041000", "interestIncome": "275000", "interestExpense": "5316000", "nonInterestIncome": "-1663000", "otherNonOperatingIncome": "1418000", "depreciation": "None", "depreciationAndAmortization": "33662000", "incomeBeforeTax": "20134000", "incomeTaxExpense": "7734000", "interestAndDebtExpense": "5041000", "netIncomeFromContinuingOperations": "12366000", "comprehensiveIncomeNetOfTax": "111290000", "ebit": "25450000", "ebitda": "59112000", "netIncome": "12400000"}, {"fiscalDateEnding": "2016-12-31", "reportedCurrency": "USD", "grossProfit": "314400000", "totalRevenue": "571500000", "costOfRevenue": "477100000", "costofGoodsAndServicesSold": "256755000", "operatingIncome": "-28200000", "sellingGeneralAndAdministrative": "220000000", "researchAndDevelopment": "57600000", "operatingExpenses": "277600000", "investmentIncomeNet": "1500000", "netInterestIncome": "-5096000", "interestIncome": "1438000", "interestExpense": "6534000", "nonInterestIncome": "-1459000", "otherNonOperatingIncome": "-36000", "depreciation": "None", "depreciationAndAmortization": "-74956000", "incomeBeforeTax": "-28200000", "incomeTaxExpense": "-9500000", "interestAndDebtExpense": "5096000", "netIncomeFromContinuingOperations": "314400000", "comprehensiveIncomeNetOfTax": "-126332000", "ebit": "-21666000", "ebitda": "-96622000", "netIncome": "-18700000"}]}