{"symbol": "BK", "annualReports": [{"fiscalDateEnding": "2020-12-31", "reportedCurrency": "USD", "grossProfit": "4468000000", "totalRevenue": "15808000000", "costOfRevenue": "11340000000", "costofGoodsAndServicesSold": "None", "operatingIncome": "904000000", "sellingGeneralAndAdministrative": "3459000000", "researchAndDevelopment": "None", "operatingExpenses": "3564000000", "investmentIncomeNet": "84000000", "netInterestIncome": "2977000000", "interestIncome": "4109000000", "interestExpense": "1132000000", "nonInterestIncome": "12747000000", "otherNonOperatingIncome": "84000000", "depreciation": "None", "depreciationAndAmortization": "105000000", "incomeBeforeTax": "4459000000", "incomeTaxExpense": "842000000", "interestAndDebtExpense": "1132000000", "netIncomeFromContinuingOperations": "-10858000000", "comprehensiveIncomeNetOfTax": "5275000000", "ebit": "5591000000", "ebitda": "5696000000", "netIncome": "3617000000"}, {"fiscalDateEnding": "2019-12-31", "reportedCurrency": "USD", "grossProfit": "5587000000", "totalRevenue": "16462000000", "costOfRevenue": "10875000000", "costofGoodsAndServicesSold": "None", "operatingIncome": "2104000000", "sellingGeneralAndAdministrative": "3344000000", "researchAndDevelopment": "None", "operatingExpenses": "3483000000", "investmentIncomeNet": "56000000", "netInterestIncome": "3188000000", "interestIncome": "7548000000", "interestExpense": "4360000000", "nonInterestIncome": "13218000000", "otherNonOperatingIncome": "56000000", "depreciation": "None", "depreciationAndAmortization": "124000000", "incomeBeforeTax": "5561000000", "incomeTaxExpense": "1120000000", "interestAndDebtExpense": "4360000000", "netIncomeFromContinuingOperations": "-9860000000", "comprehensiveIncomeNetOfTax": "5064000000", "ebit": "9921000000", "ebitda": "10045000000", "netIncome": "4441000000"}, {"fiscalDateEnding": "2018-12-31", "reportedCurrency": "USD", "grossProfit": "5216000000", "totalRevenue": "16392000000", "costOfRevenue": "11200000000", "costofGoodsAndServicesSold": "2810000000", "operatingIncome": "1766000000", "sellingGeneralAndAdministrative": "3259000000", "researchAndDevelopment": "None", "operatingExpenses": "3450000000", "investmentIncomeNet": "-13000000", "netInterestIncome": "3611000000", "interestIncome": "6432000000", "interestExpense": "2821000000", "nonInterestIncome": "12794000000", "otherNonOperatingIncome": "-13000000", "depreciation": "None", "depreciationAndAmortization": "180000000", "incomeBeforeTax": "5204000000", "incomeTaxExpense": "938000000", "interestAndDebtExpense": "2821000000", "netIncomeFromContinuingOperations": "4254000000", "comprehensiveIncomeNetOfTax": "3454000000", "ebit": "8025000000", "ebitda": "8205000000", "netIncome": "4266000000"}, {"fiscalDateEnding": "2017-12-31", "reportedCurrency": "USD", "grossProfit": "6117000000", "totalRevenue": "15543000000", "costOfRevenue": "10933000000", "costofGoodsAndServicesSold": "1050000000", "operatingIncome": "-3165000000", "sellingGeneralAndAdministrative": "9073000000", "researchAndDevelopment": "None", "operatingExpenses": "9282000000", "investmentIncomeNet": "70000000", "netInterestIncome": "3308000000", "interestIncome": "4382000000", "interestExpense": "1074000000", "nonInterestIncome": "12165000000", "otherNonOperatingIncome": "70000000", "depreciation": "None", "depreciationAndAmortization": "209000000", "incomeBeforeTax": "4586000000", "incomeTaxExpense": "496000000", "interestAndDebtExpense": "1074000000", "netIncomeFromContinuingOperations": "4114000000", "comprehensiveIncomeNetOfTax": "5498000000", "ebit": "5660000000", "ebitda": "5869000000", "netIncome": "4090000000"}, {"fiscalDateEnding": "2016-12-31", "reportedCurrency": "USD", "grossProfit": "6114000000", "totalRevenue": "16626000000", "costOfRevenue": "10512000000", "costofGoodsAndServicesSold": "426000000", "operatingIncome": "-3111000000", "sellingGeneralAndAdministrative": "8788000000", "researchAndDevelopment": "None", "operatingExpenses": "9225000000", "investmentIncomeNet": "26000000", "netInterestIncome": "3138000000", "interestIncome": "3575000000", "interestExpense": "437000000", "nonInterestIncome": "12073000000", "otherNonOperatingIncome": "26000000", "depreciation": "None", "depreciationAndAmortization": "237000000", "incomeBeforeTax": "4724000000", "incomeTaxExpense": "1177000000", "interestAndDebtExpense": "437000000", "netIncomeFromContinuingOperations": "3548000000", "comprehensiveIncomeNetOfTax": "2382000000", "ebit": "5161000000", "ebitda": "5398000000", "netIncome": "3547000000"}], "quarterlyReports": [{"fiscalDateEnding": "2021-09-30", "reportedCurrency": "USD", "grossProfit": "1336000000", "totalRevenue": "4209000000", "costOfRevenue": "2873000000", "costofGoodsAndServicesSold": "423000000", "operatingIncome": "440000000", "sellingGeneralAndAdministrative": "877000000", "researchAndDevelopment": "None", "operatingExpenses": "896000000", "investmentIncomeNet": "None", "netInterestIncome": "641000000", "interestIncome": "693000000", "interestExpense": "52000000", "nonInterestIncome": "3394000000", "otherNonOperatingIncome": "None", "depreciation": "None", "depreciationAndAmortization": "19000000", "incomeBeforeTax": "1166000000", "incomeTaxExpense": "219000000", "interestAndDebtExpense": "52000000", "netIncomeFromContinuingOperations": "-2693000000", "comprehensiveIncomeNetOfTax": "614000000", "ebit": "1218000000", "ebitda": "1237000000", "netIncome": "947000000"}, {"fiscalDateEnding": "2021-06-30", "reportedCurrency": "USD", "grossProfit": "1445000000", "totalRevenue": "4137000000", "costOfRevenue": "2692000000", "costofGoodsAndServicesSold": "None", "operatingIncome": "553000000", "sellingGeneralAndAdministrative": "872000000", "researchAndDevelopment": "None", "operatingExpenses": "892000000", "investmentIncomeNet": "None", "netInterestIncome": "645000000", "interestIncome": "685000000", "interestExpense": "40000000", "nonInterestIncome": "3315000000", "otherNonOperatingIncome": "None", "depreciation": "None", "depreciationAndAmortization": "20000000", "incomeBeforeTax": "1263000000", "incomeTaxExpense": "241000000", "interestAndDebtExpense": "40000000", "netIncomeFromContinuingOperations": "-2466000000", "comprehensiveIncomeNetOfTax": "1171000000", "ebit": "1303000000", "ebitda": "1323000000", "netIncome": "1022000000"}, {"fiscalDateEnding": "2021-03-31", "reportedCurrency": "USD", "grossProfit": "1245000000", "totalRevenue": "4013000000", "costOfRevenue": "2768000000", "costofGoodsAndServicesSold": "None", "operatingIncome": "374000000", "sellingGeneralAndAdministrative": "847000000", "researchAndDevelopment": "None", "operatingExpenses": "871000000", "investmentIncomeNet": "None", "netInterestIncome": "655000000", "interestIncome": "738000000", "interestExpense": "83000000", "nonInterestIncome": "3266000000", "otherNonOperatingIncome": "None", "depreciation": "None", "depreciationAndAmortization": "24000000", "incomeBeforeTax": "1148000000", "incomeTaxExpense": "221000000", "interestAndDebtExpense": "83000000", "netIncomeFromContinuingOperations": "-2698000000", "comprehensiveIncomeNetOfTax": "93000000", "ebit": "1231000000", "ebitda": "1255000000", "netIncome": "927000000"}, {"fiscalDateEnding": "2020-12-31", "reportedCurrency": "USD", "grossProfit": "937000000", "totalRevenue": "4207000000", "costOfRevenue": "2940000000", "costofGoodsAndServicesSold": "None", "operatingIncome": "-28000000", "sellingGeneralAndAdministrative": "939000000", "researchAndDevelopment": "None", "operatingExpenses": "965000000", "investmentIncomeNet": "41000000", "netInterestIncome": "680000000", "interestIncome": "776000000", "interestExpense": "96000000", "nonInterestIncome": "3163000000", "otherNonOperatingIncome": "41000000", "depreciation": "None", "depreciationAndAmortization": "26000000", "incomeBeforeTax": "898000000", "incomeTaxExpense": "148000000", "interestAndDebtExpense": "96000000", "netIncomeFromContinuingOperations": "-34000000", "comprehensiveIncomeNetOfTax": "1124000000", "ebit": "994000000", "ebitda": "1020000000", "netIncome": "750000000"}, {"fiscalDateEnding": "2020-09-30", "reportedCurrency": "USD", "grossProfit": "1121000000", "totalRevenue": "3811000000", "costOfRevenue": "2690000000", "costofGoodsAndServicesSold": "None", "operatingIncome": "247000000", "sellingGeneralAndAdministrative": "848000000", "researchAndDevelopment": "None", "operatingExpenses": "874000000", "investmentIncomeNet": "27000000", "netInterestIncome": "703000000", "interestIncome": "820000000", "interestExpense": "117000000", "nonInterestIncome": "3144000000", "otherNonOperatingIncome": "27000000", "depreciation": "None", "depreciationAndAmortization": "26000000", "incomeBeforeTax": "1150000000", "incomeTaxExpense": "213000000", "interestAndDebtExpense": "117000000", "netIncomeFromContinuingOperations": "-2620000000", "comprehensiveIncomeNetOfTax": "1521000000", "ebit": "1267000000", "ebitda": "1293000000", "netIncome": "937000000"}, {"fiscalDateEnding": "2020-06-30", "reportedCurrency": "USD", "grossProfit": "984000000", "totalRevenue": "3813000000", "costOfRevenue": "2829000000", "costofGoodsAndServicesSold": "None", "operatingIncome": "119000000", "sellingGeneralAndAdministrative": "839000000", "researchAndDevelopment": "None", "operatingExpenses": "865000000", "investmentIncomeNet": "54000000", "netInterestIncome": "780000000", "interestIncome": "943000000", "interestExpense": "163000000", "nonInterestIncome": "3230000000", "otherNonOperatingIncome": "54000000", "depreciation": "None", "depreciationAndAmortization": "26000000", "incomeBeforeTax": "1166000000", "incomeTaxExpense": "216000000", "interestAndDebtExpense": "163000000", "netIncomeFromContinuingOperations": "-2729000000", "comprehensiveIncomeNetOfTax": "1834000000", "ebit": "1329000000", "ebitda": "1355000000", "netIncome": "950000000"}, {"fiscalDateEnding": "2020-03-31", "reportedCurrency": "USD", "grossProfit": "1096000000", "totalRevenue": "3977000000", "costOfRevenue": "2881000000", "costofGoodsAndServicesSold": "None", "operatingIncome": "237000000", "sellingGeneralAndAdministrative": "833000000", "researchAndDevelopment": "None", "operatingExpenses": "859000000", "investmentIncomeNet": "-38000000", "netInterestIncome": "814000000", "interestIncome": "1570000000", "interestExpense": "756000000", "nonInterestIncome": "3294000000", "otherNonOperatingIncome": "-38000000", "depreciation": "None", "depreciationAndAmortization": "26000000", "incomeBeforeTax": "1245000000", "incomeTaxExpense": "265000000", "interestAndDebtExpense": "756000000", "netIncomeFromContinuingOperations": "-2778000000", "comprehensiveIncomeNetOfTax": "796000000", "ebit": "2001000000", "ebitda": "2027000000", "netIncome": "980000000"}, {"fiscalDateEnding": "2019-12-31", "reportedCurrency": "USD", "grossProfit": "1813000000", "totalRevenue": "4776000000", "costOfRevenue": "2956000000", "costofGoodsAndServicesSold": "None", "operatingIncome": "876000000", "sellingGeneralAndAdministrative": "909000000", "researchAndDevelopment": "None", "operatingExpenses": "937000000", "investmentIncomeNet": "17000000", "netInterestIncome": "815000000", "interestIncome": "1721000000", "interestExpense": "906000000", "nonInterestIncome": "3946000000", "otherNonOperatingIncome": "17000000", "depreciation": "None", "depreciationAndAmortization": "28000000", "incomeBeforeTax": "1813000000", "incomeTaxExpense": "373000000", "interestAndDebtExpense": "906000000", "netIncomeFromContinuingOperations": "-2444000000", "comprehensiveIncomeNetOfTax": "1695000000", "ebit": "2719000000", "ebitda": "2747000000", "netIncome": "1440000000"}, {"fiscalDateEnding": "2019-09-30", "reportedCurrency": "USD", "grossProfit": "1308000000", "totalRevenue": "3882000000", "costOfRevenue": "2574000000", "costofGoodsAndServicesSold": "None", "operatingIncome": "394000000", "sellingGeneralAndAdministrative": "810000000", "researchAndDevelopment": "None", "operatingExpenses": "914000000", "investmentIncomeNet": "3000000", "netInterestIncome": "730000000", "interestIncome": "1942000000", "interestExpense": "1212000000", "nonInterestIncome": "3128000000", "otherNonOperatingIncome": "3000000", "depreciation": "None", "depreciationAndAmortization": "32000000", "incomeBeforeTax": "1284000000", "incomeTaxExpense": "246000000", "interestAndDebtExpense": "1212000000", "netIncomeFromContinuingOperations": "-2439000000", "comprehensiveIncomeNetOfTax": "833000000", "ebit": "2496000000", "ebitda": "2528000000", "netIncome": "1038000000"}, {"fiscalDateEnding": "2019-06-30", "reportedCurrency": "USD", "grossProfit": "1291000000", "totalRevenue": "3930000000", "costOfRevenue": "2639000000", "costofGoodsAndServicesSold": "None", "operatingIncome": "422000000", "sellingGeneralAndAdministrative": "835000000", "researchAndDevelopment": "None", "operatingExpenses": "869000000", "investmentIncomeNet": "10000000", "netInterestIncome": "802000000", "interestIncome": "1965000000", "interestExpense": "1163000000", "nonInterestIncome": "3112000000", "otherNonOperatingIncome": "10000000", "depreciation": "None", "depreciationAndAmortization": "32000000", "incomeBeforeTax": "1281000000", "incomeTaxExpense": "264000000", "interestAndDebtExpense": "1163000000", "netIncomeFromContinuingOperations": "-2479000000", "comprehensiveIncomeNetOfTax": "1319000000", "ebit": "2444000000", "ebitda": "2476000000", "netIncome": "1017000000"}, {"fiscalDateEnding": "2019-03-31", "reportedCurrency": "USD", "grossProfit": "1160000000", "totalRevenue": "3866000000", "costOfRevenue": "2706000000", "costofGoodsAndServicesSold": "None", "operatingIncome": "337000000", "sellingGeneralAndAdministrative": "790000000", "researchAndDevelopment": "None", "operatingExpenses": "823000000", "investmentIncomeNet": "26000000", "netInterestIncome": "841000000", "interestIncome": "1920000000", "interestExpense": "1079000000", "nonInterestIncome": "3032000000", "otherNonOperatingIncome": "26000000", "depreciation": "None", "depreciationAndAmortization": "29000000", "incomeBeforeTax": "1183000000", "incomeTaxExpense": "237000000", "interestAndDebtExpense": "1079000000", "netIncomeFromContinuingOperations": "-2573000000", "comprehensiveIncomeNetOfTax": "1217000000", "ebit": "2262000000", "ebitda": "2291000000", "netIncome": "946000000"}, {"fiscalDateEnding": "2018-12-31", "reportedCurrency": "USD", "grossProfit": "1044000000", "totalRevenue": "2818000000", "costOfRevenue": "2987000000", "costofGoodsAndServicesSold": "979000000", "operatingIncome": "63000000", "sellingGeneralAndAdministrative": "943000000", "researchAndDevelopment": "None", "operatingExpenses": "981000000", "investmentIncomeNet": "-24000000", "netInterestIncome": "885000000", "interestIncome": "1864000000", "interestExpense": "979000000", "nonInterestIncome": "3146000000", "otherNonOperatingIncome": "-24000000", "depreciation": "None", "depreciationAndAmortization": "35000000", "incomeBeforeTax": "1031000000", "incomeTaxExpense": "150000000", "interestAndDebtExpense": "979000000", "netIncomeFromContinuingOperations": "-3098000000", "comprehensiveIncomeNetOfTax": "693000000", "ebit": "2010000000", "ebitda": "2045000000", "netIncome": "881000000"}, {"fiscalDateEnding": "2018-09-30", "reportedCurrency": "USD", "grossProfit": "1710000000", "totalRevenue": "4445000000", "costOfRevenue": "2735000000", "costofGoodsAndServicesSold": "740000000", "operatingIncome": "-529000000", "sellingGeneralAndAdministrative": "2189000000", "researchAndDevelopment": "None", "operatingExpenses": "2239000000", "investmentIncomeNet": "10000000", "netInterestIncome": "891000000", "interestIncome": "1634000000", "interestExpense": "743000000", "nonInterestIncome": "3168000000", "otherNonOperatingIncome": "10000000", "depreciation": "None", "depreciationAndAmortization": "48000000", "incomeBeforeTax": "1331000000", "incomeTaxExpense": "220000000", "interestAndDebtExpense": "743000000", "netIncomeFromContinuingOperations": "-3477000000", "comprehensiveIncomeNetOfTax": "923000000", "ebit": "2074000000", "ebitda": "2122000000", "netIncome": "1111000000"}, {"fiscalDateEnding": "2018-06-30", "reportedCurrency": "USD", "grossProfit": "1777000000", "totalRevenue": "4521000000", "costOfRevenue": "2744000000", "costofGoodsAndServicesSold": "634000000", "operatingIncome": "-502000000", "sellingGeneralAndAdministrative": "2227000000", "researchAndDevelopment": "None", "operatingExpenses": "2279000000", "investmentIncomeNet": "12000000", "netInterestIncome": "916000000", "interestIncome": "1553000000", "interestExpense": "637000000", "nonInterestIncome": "3210000000", "otherNonOperatingIncome": "12000000", "depreciation": "None", "depreciationAndAmortization": "48000000", "incomeBeforeTax": "1389000000", "incomeTaxExpense": "286000000", "interestAndDebtExpense": "637000000", "netIncomeFromContinuingOperations": "-3523000000", "comprehensiveIncomeNetOfTax": "651000000", "ebit": "2026000000", "ebitda": "2074000000", "netIncome": "1103000000"}, {"fiscalDateEnding": "2018-03-31", "reportedCurrency": "USD", "grossProfit": "1874000000", "totalRevenue": "4608000000", "costOfRevenue": "2734000000", "costofGoodsAndServicesSold": "457000000", "operatingIncome": "-407000000", "sellingGeneralAndAdministrative": "2230000000", "researchAndDevelopment": "None", "operatingExpenses": "2281000000", "investmentIncomeNet": "-11000000", "netInterestIncome": "919000000", "interestIncome": "1381000000", "interestExpense": "462000000", "nonInterestIncome": "3270000000", "otherNonOperatingIncome": "-11000000", "depreciation": "None", "depreciationAndAmortization": "49000000", "incomeBeforeTax": "1453000000", "incomeTaxExpense": "282000000", "interestAndDebtExpense": "462000000", "netIncomeFromContinuingOperations": "-3439000000", "comprehensiveIncomeNetOfTax": "1187000000", "ebit": "1915000000", "ebitda": "1964000000", "netIncome": "1171000000"}, {"fiscalDateEnding": "2017-12-31", "reportedCurrency": "USD", "grossProfit": "1117000000", "totalRevenue": "2610000000", "costOfRevenue": "3000000000", "costofGoodsAndServicesSold": "362000000", "operatingIncome": "-1351000000", "sellingGeneralAndAdministrative": "2416000000", "researchAndDevelopment": "None", "operatingExpenses": "2468000000", "investmentIncomeNet": "17000000", "netInterestIncome": "851000000", "interestIncome": "1219000000", "interestExpense": "368000000", "nonInterestIncome": "2860000000", "otherNonOperatingIncome": "-1000000", "depreciation": "None", "depreciationAndAmortization": "52000000", "incomeBeforeTax": "722000000", "incomeTaxExpense": "-453000000", "interestAndDebtExpense": "368000000", "netIncomeFromContinuingOperations": "-3888000000", "comprehensiveIncomeNetOfTax": "1599000000", "ebit": "1090000000", "ebitda": "1142000000", "netIncome": "1175000000"}, {"fiscalDateEnding": "2017-09-30", "reportedCurrency": "USD", "grossProfit": "1747000000", "totalRevenue": "4395000000", "costOfRevenue": "2648000000", "costofGoodsAndServicesSold": "306000000", "operatingIncome": "-444000000", "sellingGeneralAndAdministrative": "2139000000", "researchAndDevelopment": "None", "operatingExpenses": "2191000000", "investmentIncomeNet": "10000000", "netInterestIncome": "839000000", "interestIncome": "1151000000", "interestExpense": "312000000", "nonInterestIncome": "3167000000", "otherNonOperatingIncome": "28000000", "depreciation": "None", "depreciationAndAmortization": "52000000", "incomeBeforeTax": "1366000000", "incomeTaxExpense": "348000000", "interestAndDebtExpense": "312000000", "netIncomeFromContinuingOperations": "-3437000000", "comprehensiveIncomeNetOfTax": "1330000000", "ebit": "1678000000", "ebitda": "1730000000", "netIncome": "1018000000"}, {"fiscalDateEnding": "2017-06-30", "reportedCurrency": "USD", "grossProfit": "1699000000", "totalRevenue": "4347000000", "costOfRevenue": "2648000000", "costofGoodsAndServicesSold": "219000000", "operatingIncome": "-465000000", "sellingGeneralAndAdministrative": "2111000000", "researchAndDevelopment": "None", "operatingExpenses": "2164000000", "investmentIncomeNet": "10000000", "netInterestIncome": "826000000", "interestIncome": "1052000000", "interestExpense": "226000000", "nonInterestIncome": "3120000000", "otherNonOperatingIncome": "10000000", "depreciation": "None", "depreciationAndAmortization": "53000000", "incomeBeforeTax": "1307000000", "incomeTaxExpense": "332000000", "interestAndDebtExpense": "226000000", "netIncomeFromContinuingOperations": "-3443000000", "comprehensiveIncomeNetOfTax": "1406000000", "ebit": "1533000000", "ebitda": "1586000000", "netIncome": "975000000"}, {"fiscalDateEnding": "2017-03-31", "reportedCurrency": "USD", "grossProfit": "1554000000", "totalRevenue": "4191000000", "costOfRevenue": "2637000000", "costofGoodsAndServicesSold": "163000000", "operatingIncome": "-635000000", "sellingGeneralAndAdministrative": "2137000000", "researchAndDevelopment": "None", "operatingExpenses": "2189000000", "investmentIncomeNet": "33000000", "netInterestIncome": "792000000", "interestIncome": "960000000", "interestExpense": "168000000", "nonInterestIncome": "3018000000", "otherNonOperatingIncome": "33000000", "depreciation": "None", "depreciationAndAmortization": "52000000", "incomeBeforeTax": "1191000000", "incomeTaxExpense": "269000000", "interestAndDebtExpense": "168000000", "netIncomeFromContinuingOperations": "-3514000000", "comprehensiveIncomeNetOfTax": "1163000000", "ebit": "1359000000", "ebitda": "1411000000", "netIncome": "922000000"}, {"fiscalDateEnding": "2016-12-31", "reportedCurrency": "USD", "grossProfit": "1495000000", "totalRevenue": "4133000000", "costOfRevenue": "2638000000", "costofGoodsAndServicesSold": "104000000", "operatingIncome": "-686000000", "sellingGeneralAndAdministrative": "2121000000", "researchAndDevelopment": "None", "operatingExpenses": "2181000000", "investmentIncomeNet": "5000000", "netInterestIncome": "831000000", "interestIncome": "928000000", "interestExpense": "97000000", "nonInterestIncome": "2954000000", "otherNonOperatingIncome": "5000000", "depreciation": "None", "depreciationAndAmortization": "60000000", "incomeBeforeTax": "1150000000", "incomeTaxExpense": "280000000", "interestAndDebtExpense": "97000000", "netIncomeFromContinuingOperations": "-3594000000", "comprehensiveIncomeNetOfTax": "-110000000", "ebit": "1247000000", "ebitda": "1307000000", "netIncome": "870000000"}]}