{"symbol": "BKNG", "annualReports": [{"fiscalDateEnding": "2020-12-31", "reportedCurrency": "USD", "grossProfit": "423000000", "totalRevenue": "6796000000", "costOfRevenue": "6373000000", "costofGoodsAndServicesSold": "None", "operatingIncome": "-631000000", "sellingGeneralAndAdministrative": "2760000000", "researchAndDevelopment": "None", "operatingExpenses": "7427000000", "investmentIncomeNet": "54000000", "netInterestIncome": "-356000000", "interestIncome": "54000000", "interestExpense": "356000000", "nonInterestIncome": "-207000000", "otherNonOperatingIncome": "1554000000", "depreciation": "291000000", "depreciationAndAmortization": "458000000", "incomeBeforeTax": "567000000", "incomeTaxExpense": "508000000", "interestAndDebtExpense": "356000000", "netIncomeFromContinuingOperations": "59000000", "comprehensiveIncomeNetOfTax": "132000000", "ebit": "-631000000", "ebitda": "1381000000", "netIncome": "59000000"}, {"fiscalDateEnding": "2019-12-31", "reportedCurrency": "USD", "grossProfit": "11552000000", "totalRevenue": "15066000000", "costOfRevenue": "3514000000", "costofGoodsAndServicesSold": "2248000000", "operatingIncome": "5345000000", "sellingGeneralAndAdministrative": "797000000", "researchAndDevelopment": "285000000", "operatingExpenses": "9721000000", "investmentIncomeNet": "152000000", "netInterestIncome": "-266000000", "interestIncome": "152000000", "interestExpense": "266000000", "nonInterestIncome": "-31000000", "otherNonOperatingIncome": "879000000", "depreciation": "294000000", "depreciationAndAmortization": "469000000", "incomeBeforeTax": "5958000000", "incomeTaxExpense": "1093000000", "interestAndDebtExpense": "266000000", "netIncomeFromContinuingOperations": "4865000000", "comprehensiveIncomeNetOfTax": "4990000000", "ebit": "5345000000", "ebitda": "6693000000", "netIncome": "4865000000"}, {"fiscalDateEnding": "2018-12-31", "reportedCurrency": "USD", "grossProfit": "11355000000", "totalRevenue": "14527000000", "costOfRevenue": "3172000000", "costofGoodsAndServicesSold": "242000000", "operatingIncome": "5341000000", "sellingGeneralAndAdministrative": "699000000", "researchAndDevelopment": "233000000", "operatingExpenses": "9186000000", "investmentIncomeNet": "187000000", "netInterestIncome": "-269000000", "interestIncome": "187000000", "interestExpense": "269000000", "nonInterestIncome": "0", "otherNonOperatingIncome": "-237000000", "depreciation": "248000000", "depreciationAndAmortization": "426000000", "incomeBeforeTax": "4835000000", "incomeTaxExpense": "837000000", "interestAndDebtExpense": "269000000", "netIncomeFromContinuingOperations": "3998000000", "comprehensiveIncomeNetOfTax": "3685000000", "ebit": "5341000000", "ebitda": "5530000000", "netIncome": "3998000000"}, {"fiscalDateEnding": "2017-12-31", "reportedCurrency": "USD", "grossProfit": "12439000000", "totalRevenue": "12681000000", "costOfRevenue": "242000000", "costofGoodsAndServicesSold": "242000000", "operatingIncome": "4538000000", "sellingGeneralAndAdministrative": "1147499000", "researchAndDevelopment": "189344000", "operatingExpenses": "7901000000", "investmentIncomeNet": "157000000", "netInterestIncome": "-253976000", "interestIncome": "24000", "interestExpense": "254000000", "nonInterestIncome": "-2366000", "otherNonOperatingIncome": "114306000", "depreciation": "187231000", "depreciationAndAmortization": "363000000", "incomeBeforeTax": "4398765000", "incomeTaxExpense": "2058000000", "interestAndDebtExpense": "256342000", "netIncomeFromContinuingOperations": "2340765000", "comprehensiveIncomeNetOfTax": "2714000000", "ebit": "4538000000", "ebitda": "5015765000", "netIncome": "2340765000"}, {"fiscalDateEnding": "2016-12-31", "reportedCurrency": "USD", "grossProfit": "10328000000", "totalRevenue": "10743000000", "costOfRevenue": "415000000", "costofGoodsAndServicesSold": "415000000", "operatingIncome": "2906000000", "sellingGeneralAndAdministrative": "891134000", "researchAndDevelopment": "142393000", "operatingExpenses": "7422000000", "investmentIncomeNet": "94946000", "netInterestIncome": "-207900000", "interestIncome": "100000", "interestExpense": "208000000", "nonInterestIncome": "0", "otherNonOperatingIncome": "14825000", "depreciation": "140059000", "depreciationAndAmortization": "309000000", "incomeBeforeTax": "2712987000", "incomeTaxExpense": "578000000", "interestAndDebtExpense": "207900000", "netIncomeFromContinuingOperations": "2134987000", "comprehensiveIncomeNetOfTax": "1755000000", "ebit": "2906000000", "ebitda": "3229987000", "netIncome": "2134987000"}], "quarterlyReports": [{"fiscalDateEnding": "2021-09-30", "reportedCurrency": "USD", "grossProfit": "2426000000", "totalRevenue": "4676000000", "costOfRevenue": "2250000000", "costofGoodsAndServicesSold": "None", "operatingIncome": "2015000000", "sellingGeneralAndAdministrative": "1557000000", "researchAndDevelopment": "None", "operatingExpenses": "2661000000", "investmentIncomeNet": "4000000", "netInterestIncome": "-80000000", "interestIncome": "4000000", "interestExpense": "80000000", "nonInterestIncome": "45000000", "otherNonOperatingIncome": "-967000000", "depreciation": "None", "depreciationAndAmortization": "102000000", "incomeBeforeTax": "968000000", "incomeTaxExpense": "199000000", "interestAndDebtExpense": "80000000", "netIncomeFromContinuingOperations": "769000000", "comprehensiveIncomeNetOfTax": "740000000", "ebit": "2015000000", "ebitda": "1150000000", "netIncome": "769000000"}, {"fiscalDateEnding": "2021-06-30", "reportedCurrency": "USD", "grossProfit": "243000000", "totalRevenue": "2160000000", "costOfRevenue": "1917000000", "costofGoodsAndServicesSold": "None", "operatingIncome": "-56000000", "sellingGeneralAndAdministrative": "1122000000", "researchAndDevelopment": "None", "operatingExpenses": "2216000000", "investmentIncomeNet": "4000000", "netInterestIncome": "-81000000", "interestIncome": "4000000", "interestExpense": "81000000", "nonInterestIncome": "-283000000", "otherNonOperatingIncome": "96000000", "depreciation": "None", "depreciationAndAmortization": "108000000", "incomeBeforeTax": "-41000000", "incomeTaxExpense": "126000000", "interestAndDebtExpense": "323000000", "netIncomeFromContinuingOperations": "-167000000", "comprehensiveIncomeNetOfTax": "-50000000", "ebit": "-56000000", "ebitda": "148000000", "netIncome": "-167000000"}, {"fiscalDateEnding": "2021-03-31", "reportedCurrency": "USD", "grossProfit": "-112000000", "totalRevenue": "1141000000", "costOfRevenue": "1253000000", "costofGoodsAndServicesSold": "None", "operatingIncome": "-311000000", "sellingGeneralAndAdministrative": "580000000", "researchAndDevelopment": "None", "operatingExpenses": "1452000000", "investmentIncomeNet": "4000000", "netInterestIncome": "-98000000", "interestIncome": "4000000", "interestExpense": "98000000", "nonInterestIncome": "88000000", "otherNonOperatingIncome": "131000000", "depreciation": "None", "depreciationAndAmortization": "113000000", "incomeBeforeTax": "-278000000", "incomeTaxExpense": "-223000000", "interestAndDebtExpense": "98000000", "netIncomeFromContinuingOperations": "-55000000", "comprehensiveIncomeNetOfTax": "-97000000", "ebit": "-311000000", "ebitda": "-67000000", "netIncome": "-55000000"}, {"fiscalDateEnding": "2020-12-31", "reportedCurrency": "USD", "grossProfit": "45000000", "totalRevenue": "1238000000", "costOfRevenue": "1193000000", "costofGoodsAndServicesSold": "None", "operatingIncome": "-153000000", "sellingGeneralAndAdministrative": "514000000", "researchAndDevelopment": "None", "operatingExpenses": "1391000000", "investmentIncomeNet": "5000000", "netInterestIncome": "-98000000", "interestIncome": "5000000", "interestExpense": "98000000", "nonInterestIncome": "-59000000", "otherNonOperatingIncome": "496000000", "depreciation": "None", "depreciationAndAmortization": "114000000", "incomeBeforeTax": "245000000", "incomeTaxExpense": "410000000", "interestAndDebtExpense": "98000000", "netIncomeFromContinuingOperations": "-165000000", "comprehensiveIncomeNetOfTax": "-87000000", "ebit": "-153000000", "ebitda": "457000000", "netIncome": "-165000000"}, {"fiscalDateEnding": "2020-09-30", "reportedCurrency": "USD", "grossProfit": "515000000", "totalRevenue": "2640000000", "costOfRevenue": "2125000000", "costofGoodsAndServicesSold": "None", "operatingIncome": "315000000", "sellingGeneralAndAdministrative": "879000000", "researchAndDevelopment": "None", "operatingExpenses": "2325000000", "investmentIncomeNet": "5000000", "netInterestIncome": "-98000000", "interestIncome": "5000000", "interestExpense": "98000000", "nonInterestIncome": "-121000000", "otherNonOperatingIncome": "618000000", "depreciation": "None", "depreciationAndAmortization": "115000000", "incomeBeforeTax": "835000000", "incomeTaxExpense": "34000000", "interestAndDebtExpense": "98000000", "netIncomeFromContinuingOperations": "801000000", "comprehensiveIncomeNetOfTax": "838000000", "ebit": "315000000", "ebitda": "1048000000", "netIncome": "801000000"}, {"fiscalDateEnding": "2020-06-30", "reportedCurrency": "USD", "grossProfit": "-283000000", "totalRevenue": "630000000", "costOfRevenue": "913000000", "costofGoodsAndServicesSold": "None", "operatingIncome": "-484000000", "sellingGeneralAndAdministrative": "315000000", "researchAndDevelopment": "None", "operatingExpenses": "1114000000", "investmentIncomeNet": "12000000", "netInterestIncome": "-96000000", "interestIncome": "12000000", "interestExpense": "96000000", "nonInterestIncome": "-58000000", "otherNonOperatingIncome": "789000000", "depreciation": "None", "depreciationAndAmortization": "112000000", "incomeBeforeTax": "209000000", "incomeTaxExpense": "87000000", "interestAndDebtExpense": "96000000", "netIncomeFromContinuingOperations": "122000000", "comprehensiveIncomeNetOfTax": "231000000", "ebit": "-484000000", "ebitda": "417000000", "netIncome": "122000000"}, {"fiscalDateEnding": "2020-03-31", "reportedCurrency": "USD", "grossProfit": "146000000", "totalRevenue": "2288000000", "costOfRevenue": "2142000000", "costofGoodsAndServicesSold": "None", "operatingIncome": "-309000000", "sellingGeneralAndAdministrative": "1052000000", "researchAndDevelopment": "None", "operatingExpenses": "2597000000", "investmentIncomeNet": "32000000", "netInterestIncome": "-64000000", "interestIncome": "32000000", "interestExpense": "64000000", "nonInterestIncome": "31000000", "otherNonOperatingIncome": "-349000000", "depreciation": "None", "depreciationAndAmortization": "117000000", "incomeBeforeTax": "-722000000", "incomeTaxExpense": "-23000000", "interestAndDebtExpense": "64000000", "netIncomeFromContinuingOperations": "-699000000", "comprehensiveIncomeNetOfTax": "-850000000", "ebit": "-309000000", "ebitda": "-541000000", "netIncome": "-699000000"}, {"fiscalDateEnding": "2019-12-31", "reportedCurrency": "USD", "grossProfit": "3339000000", "totalRevenue": "3339000000", "costOfRevenue": "880000000", "costofGoodsAndServicesSold": "-1686000000", "operatingIncome": "1172000000", "sellingGeneralAndAdministrative": "201000000", "researchAndDevelopment": "79000000", "operatingExpenses": "2167000000", "investmentIncomeNet": "39000000", "netInterestIncome": "-62000000", "interestIncome": "39000000", "interestExpense": "62000000", "nonInterestIncome": "-11758000000", "otherNonOperatingIncome": "310000000", "depreciation": "None", "depreciationAndAmortization": "117000000", "incomeBeforeTax": "3588000000", "incomeTaxExpense": "249000000", "interestAndDebtExpense": "62000000", "netIncomeFromContinuingOperations": "3339000000", "comprehensiveIncomeNetOfTax": "1245000000", "ebit": "1172000000", "ebitda": "3767000000", "netIncome": "3339000000"}, {"fiscalDateEnding": "2019-09-30", "reportedCurrency": "USD", "grossProfit": "4132000000", "totalRevenue": "5040000000", "costOfRevenue": "908000000", "costofGoodsAndServicesSold": "566000000", "operatingIncome": "2370000000", "sellingGeneralAndAdministrative": "225000000", "researchAndDevelopment": "71000000", "operatingExpenses": "2670000000", "investmentIncomeNet": "44000000", "netInterestIncome": "-70000000", "interestIncome": "44000000", "interestExpense": "70000000", "nonInterestIncome": "5040000000", "otherNonOperatingIncome": "63000000", "depreciation": "None", "depreciationAndAmortization": "117000000", "incomeBeforeTax": "2363000000", "incomeTaxExpense": "413000000", "interestAndDebtExpense": "70000000", "netIncomeFromContinuingOperations": "1950000000", "comprehensiveIncomeNetOfTax": "1915000000", "ebit": "2370000000", "ebitda": "2550000000", "netIncome": "1950000000"}, {"fiscalDateEnding": "2019-06-30", "reportedCurrency": "USD", "grossProfit": "2932000000", "totalRevenue": "3850000000", "costOfRevenue": "918000000", "costofGoodsAndServicesSold": "619000000", "operatingIncome": "1247000000", "sellingGeneralAndAdministrative": "180000000", "researchAndDevelopment": "70000000", "operatingExpenses": "2603000000", "investmentIncomeNet": "34000000", "netInterestIncome": "-68000000", "interestIncome": "34000000", "interestExpense": "68000000", "nonInterestIncome": "3850000000", "otherNonOperatingIncome": "28000000", "depreciation": "None", "depreciationAndAmortization": "119000000", "incomeBeforeTax": "1207000000", "incomeTaxExpense": "228000000", "interestAndDebtExpense": "68000000", "netIncomeFromContinuingOperations": "979000000", "comprehensiveIncomeNetOfTax": "918000000", "ebit": "1247000000", "ebitda": "1394000000", "netIncome": "979000000"}, {"fiscalDateEnding": "2019-03-31", "reportedCurrency": "USD", "grossProfit": "2029000000", "totalRevenue": "2837000000", "costOfRevenue": "808000000", "costofGoodsAndServicesSold": "501000000", "operatingIncome": "556000000", "sellingGeneralAndAdministrative": "191000000", "researchAndDevelopment": "65000000", "operatingExpenses": "2281000000", "investmentIncomeNet": "35000000", "netInterestIncome": "-66000000", "interestIncome": "412000000", "interestExpense": "66000000", "nonInterestIncome": "2837000000", "otherNonOperatingIncome": "478000000", "depreciation": "None", "depreciationAndAmortization": "116000000", "incomeBeforeTax": "968000000", "incomeTaxExpense": "203000000", "interestAndDebtExpense": "66000000", "netIncomeFromContinuingOperations": "765000000", "comprehensiveIncomeNetOfTax": "912000000", "ebit": "556000000", "ebitda": "1150000000", "netIncome": "765000000"}, {"fiscalDateEnding": "2018-12-31", "reportedCurrency": "USD", "grossProfit": "3213000000", "totalRevenue": "3213000000", "costOfRevenue": "792611000", "costofGoodsAndServicesSold": "242000000", "operatingIncome": "1143000000", "sellingGeneralAndAdministrative": "194880000", "researchAndDevelopment": "55867000", "operatingExpenses": "2070000000", "investmentIncomeNet": "46000000", "netInterestIncome": "-65758000", "interestIncome": "242000", "interestExpense": "66000000", "nonInterestIncome": "-11314385000", "otherNonOperatingIncome": "-445257000", "depreciation": "65948000", "depreciationAndAmortization": "109000000", "incomeBeforeTax": "3199000000", "incomeTaxExpense": "-14000000", "interestAndDebtExpense": "65758000", "netIncomeFromContinuingOperations": "3213000000", "comprehensiveIncomeNetOfTax": "585000000", "ebit": "1143000000", "ebitda": "3374000000", "netIncome": "3213000000"}, {"fiscalDateEnding": "2018-09-30", "reportedCurrency": "USD", "grossProfit": "4021486000", "totalRevenue": "4849000000", "costOfRevenue": "827604000", "costofGoodsAndServicesSold": "None", "operatingIncome": "2247000000", "sellingGeneralAndAdministrative": "183228000", "researchAndDevelopment": "57742000", "operatingExpenses": "2602000000", "investmentIncomeNet": "48000000", "netInterestIncome": "-68170000", "interestIncome": "-170000", "interestExpense": "68000000", "nonInterestIncome": "4849090000", "otherNonOperatingIncome": "62427000", "depreciation": "64625000", "depreciationAndAmortization": "107000000", "incomeBeforeTax": "2240578000", "incomeTaxExpense": "473000000", "interestAndDebtExpense": "68170000", "netIncomeFromContinuingOperations": "1767578000", "comprehensiveIncomeNetOfTax": "1610000000", "ebit": "2247000000", "ebitda": "2415578000", "netIncome": "1767578000"}, {"fiscalDateEnding": "2018-06-30", "reportedCurrency": "USD", "grossProfit": "2749425000", "totalRevenue": "3537000000", "costOfRevenue": "787669000", "costofGoodsAndServicesSold": "None", "operatingIncome": "1221000000", "sellingGeneralAndAdministrative": "158753000", "researchAndDevelopment": "58950000", "operatingExpenses": "2316000000", "investmentIncomeNet": "46000000", "netInterestIncome": "-64837000", "interestIncome": "163000", "interestExpense": "65000000", "nonInterestIncome": "3537094000", "otherNonOperatingIncome": "52493000", "depreciation": "60887000", "depreciationAndAmortization": "107000000", "incomeBeforeTax": "1209372000", "incomeTaxExpense": "232000000", "interestAndDebtExpense": "64837000", "netIncomeFromContinuingOperations": "977372000", "comprehensiveIncomeNetOfTax": "844000000", "ebit": "1221000000", "ebitda": "1381372000", "netIncome": "977372000"}, {"fiscalDateEnding": "2018-03-31", "reportedCurrency": "USD", "grossProfit": "5520938000", "totalRevenue": "2928000000", "costOfRevenue": "265229000", "costofGoodsAndServicesSold": "None", "operatingIncome": "730000000", "sellingGeneralAndAdministrative": "162139000", "researchAndDevelopment": "60441000", "operatingExpenses": "2198000000", "investmentIncomeNet": "47000000", "netInterestIncome": "-70235000", "interestIncome": "-235000", "interestExpense": "70000000", "nonInterestIncome": "2928201000", "otherNonOperatingIncome": "93337000", "depreciation": "56540000", "depreciationAndAmortization": "103000000", "incomeBeforeTax": "753210000", "incomeTaxExpense": "146000000", "interestAndDebtExpense": "70235000", "netIncomeFromContinuingOperations": "607210000", "comprehensiveIncomeNetOfTax": "668000000", "ebit": "730000000", "ebitda": "926210000", "netIncome": "607210000"}, {"fiscalDateEnding": "2017-12-31", "reportedCurrency": "USD", "grossProfit": "2763000000", "totalRevenue": "2803000000", "costOfRevenue": "40000000", "costofGoodsAndServicesSold": "39993000", "operatingIncome": "986478000", "sellingGeneralAndAdministrative": "316186000", "researchAndDevelopment": "56667000", "operatingExpenses": "1776540000", "investmentIncomeNet": "46704000", "netInterestIncome": "-70979000", "interestIncome": "24000", "interestExpense": "71003000", "nonInterestIncome": "-1273000", "otherNonOperatingIncome": "25259000", "depreciation": "51495000", "depreciationAndAmortization": "97788000", "incomeBeforeTax": "4266594000", "incomeTaxExpense": "1496651000", "interestAndDebtExpense": "72252000", "netIncomeFromContinuingOperations": "2769943000", "comprehensiveIncomeNetOfTax": "-970573000", "ebit": "986478000", "ebitda": "4435385000", "netIncome": "2769943000"}, {"fiscalDateEnding": "2017-09-30", "reportedCurrency": "USD", "grossProfit": "4380000000", "totalRevenue": "4434000000", "costOfRevenue": "54000000", "costofGoodsAndServicesSold": "54181000", "operatingIncome": "2101801000", "sellingGeneralAndAdministrative": "308362000", "researchAndDevelopment": "47901000", "operatingExpenses": "2278047000", "investmentIncomeNet": "41483000", "netInterestIncome": "-66338000", "interestIncome": "None", "interestExpense": "66338000", "nonInterestIncome": "-200000", "otherNonOperatingIncome": "31382000", "depreciation": "50613000", "depreciationAndAmortization": "95910000", "incomeBeforeTax": "2066845000", "incomeTaxExpense": "346454000", "interestAndDebtExpense": "66538000", "netIncomeFromContinuingOperations": "1720391000", "comprehensiveIncomeNetOfTax": "1800142000", "ebit": "2101801000", "ebitda": "2229093000", "netIncome": "1720391000"}, {"fiscalDateEnding": "2017-06-30", "reportedCurrency": "USD", "grossProfit": "2957000000", "totalRevenue": "3025000000", "costOfRevenue": "68000000", "costofGoodsAndServicesSold": "67425000", "operatingIncome": "893259000", "sellingGeneralAndAdministrative": "273368000", "researchAndDevelopment": "44831000", "operatingExpenses": "2063872000", "investmentIncomeNet": "36821000", "netInterestIncome": "-60942000", "interestIncome": "None", "interestExpense": "60942000", "nonInterestIncome": "-200000", "otherNonOperatingIncome": "30800000", "depreciation": "44711000", "depreciationAndAmortization": "85872000", "incomeBeforeTax": "863117000", "incomeTaxExpense": "142908000", "interestAndDebtExpense": "61142000", "netIncomeFromContinuingOperations": "720209000", "comprehensiveIncomeNetOfTax": "1047069000", "ebit": "893259000", "ebitda": "1009931000", "netIncome": "720209000"}, {"fiscalDateEnding": "2017-03-31", "reportedCurrency": "USD", "grossProfit": "2339000000", "totalRevenue": "2419000000", "costOfRevenue": "80000000", "costofGoodsAndServicesSold": "80401000", "operatingIncome": "556462000", "sellingGeneralAndAdministrative": "249583000", "researchAndDevelopment": "39945000", "operatingExpenses": "1782541000", "investmentIncomeNet": "31992000", "netInterestIncome": "-55717000", "interestIncome": "None", "interestExpense": "55717000", "nonInterestIncome": "2419404000", "otherNonOperatingIncome": "26865000", "depreciation": "40412000", "depreciationAndAmortization": "83430000", "incomeBeforeTax": "527610000", "incomeTaxExpense": "71987000", "interestAndDebtExpense": "55717000", "netIncomeFromContinuingOperations": "455623000", "comprehensiveIncomeNetOfTax": "837362000", "ebit": "556462000", "ebitda": "666757000", "netIncome": "455623000"}, {"fiscalDateEnding": "2016-12-31", "reportedCurrency": "USD", "grossProfit": "2276361000", "totalRevenue": "2501091000", "costOfRevenue": "1257522000", "costofGoodsAndServicesSold": "58758000", "operatingIncome": "790048000", "sellingGeneralAndAdministrative": "228151000", "researchAndDevelopment": "37419000", "operatingExpenses": "1499621000", "investmentIncomeNet": "29089000", "netInterestIncome": "-55236000", "interestIncome": "100000", "interestExpense": "55336000", "nonInterestIncome": "0", "otherNonOperatingIncome": "27538000", "depreciation": "38106000", "depreciationAndAmortization": "79672000", "incomeBeforeTax": "2364865000", "incomeTaxExpense": "88504000", "interestAndDebtExpense": "55236000", "netIncomeFromContinuingOperations": "2276361000", "comprehensiveIncomeNetOfTax": "216427000", "ebit": "790048000", "ebitda": "2499873000", "netIncome": "2276361000"}]}