{"symbol": "BLK", "annualReports": [{"fiscalDateEnding": "2020-12-31", "reportedCurrency": "USD", "grossProfit": "33870000000", "totalRevenue": "41608000000", "costOfRevenue": "7738000000", "costofGoodsAndServicesSold": "7939000000", "operatingIncome": "5695000000", "sellingGeneralAndAdministrative": "2465000000", "researchAndDevelopment": "None", "operatingExpenses": "10510000000", "investmentIncomeNet": "62000000", "netInterestIncome": "-205000000", "interestIncome": "62000000", "interestExpense": "205000000", "nonInterestIncome": "16205000000", "otherNonOperatingIncome": "1034000000", "depreciation": "None", "depreciationAndAmortization": "232000000", "incomeBeforeTax": "6170000000", "incomeTaxExpense": "1238000000", "interestAndDebtExpense": "205000000", "netIncomeFromContinuingOperations": "5286000000", "comprehensiveIncomeNetOfTax": "5166000000", "ebit": "6375000000", "ebitda": "6607000000", "netIncome": "4932000000"}, {"fiscalDateEnding": "2019-12-31", "reportedCurrency": "USD", "grossProfit": "30987000000", "totalRevenue": "37397000000", "costOfRevenue": "6410000000", "costofGoodsAndServicesSold": "7133000000", "operatingIncome": "5551000000", "sellingGeneralAndAdministrative": "1758000000", "researchAndDevelopment": "None", "operatingExpenses": "8988000000", "investmentIncomeNet": "97000000", "netInterestIncome": "-203000000", "interestIncome": "97000000", "interestExpense": "203000000", "nonInterestIncome": "14539000000", "otherNonOperatingIncome": "439000000", "depreciation": "None", "depreciationAndAmortization": "182000000", "incomeBeforeTax": "5737000000", "incomeTaxExpense": "1261000000", "interestAndDebtExpense": "203000000", "netIncomeFromContinuingOperations": "4526000000", "comprehensiveIncomeNetOfTax": "4596000000", "ebit": "5940000000", "ebitda": "6122000000", "netIncome": "4476000000"}, {"fiscalDateEnding": "2018-12-31", "reportedCurrency": "USD", "grossProfit": "30452000000", "totalRevenue": "36624000000", "costOfRevenue": "6172000000", "costofGoodsAndServicesSold": "6993000000", "operatingIncome": "5457000000", "sellingGeneralAndAdministrative": "1638000000", "researchAndDevelopment": "None", "operatingExpenses": "8741000000", "investmentIncomeNet": "104000000", "netInterestIncome": "-184000000", "interestIncome": "104000000", "interestExpense": "184000000", "nonInterestIncome": "14198000000", "otherNonOperatingIncome": "105000000", "depreciation": "None", "depreciationAndAmortization": "154000000", "incomeBeforeTax": "5381000000", "incomeTaxExpense": "1076000000", "interestAndDebtExpense": "184000000", "netIncomeFromContinuingOperations": "4302000000", "comprehensiveIncomeNetOfTax": "4052000000", "ebit": "5565000000", "ebitda": "5719000000", "netIncome": "4305000000"}, {"fiscalDateEnding": "2017-12-31", "reportedCurrency": "USD", "grossProfit": "31107000000", "totalRevenue": "32701000000", "costOfRevenue": "1594000000", "costofGoodsAndServicesSold": "5668000000", "operatingIncome": "5254000000", "sellingGeneralAndAdministrative": "1462000000", "researchAndDevelopment": "None", "operatingExpenses": "8346000000", "investmentIncomeNet": "49000000", "netInterestIncome": "-205000000", "interestIncome": "49000000", "interestExpense": "205000000", "nonInterestIncome": "11487000000", "otherNonOperatingIncome": "210000000", "depreciation": "None", "depreciationAndAmortization": "132000000", "incomeBeforeTax": "5222000000", "incomeTaxExpense": "270000000", "interestAndDebtExpense": "205000000", "netIncomeFromContinuingOperations": "5007000000", "comprehensiveIncomeNetOfTax": "5236000000", "ebit": "5427000000", "ebitda": "5559000000", "netIncome": "4952000000"}, {"fiscalDateEnding": "2016-12-31", "reportedCurrency": "USD", "grossProfit": "27621000000", "totalRevenue": "29122000000", "costOfRevenue": "1501000000", "costofGoodsAndServicesSold": "5109000000", "operatingIncome": "4565000000", "sellingGeneralAndAdministrative": "1301000000", "researchAndDevelopment": "None", "operatingExpenses": "7696000000", "investmentIncomeNet": "40000000", "netInterestIncome": "-205000000", "interestIncome": "40000000", "interestExpense": "205000000", "nonInterestIncome": "10175000000", "otherNonOperatingIncome": "95000000", "depreciation": "None", "depreciationAndAmortization": "124000000", "incomeBeforeTax": "4457000000", "incomeTaxExpense": "1289000000", "interestAndDebtExpense": "205000000", "netIncomeFromContinuingOperations": "3170000000", "comprehensiveIncomeNetOfTax": "2900000000", "ebit": "4662000000", "ebitda": "4786000000", "netIncome": "3168000000"}], "quarterlyReports": [{"fiscalDateEnding": "2021-09-30", "reportedCurrency": "USD", "grossProfit": "7876000000", "totalRevenue": "10052000000", "costOfRevenue": "2176000000", "costofGoodsAndServicesSold": "2466000000", "operatingIncome": "1935000000", "sellingGeneralAndAdministrative": "611000000", "researchAndDevelopment": "None", "operatingExpenses": "3115000000", "investmentIncomeNet": "14000000", "netInterestIncome": "-48000000", "interestIncome": "336000000", "interestExpense": "48000000", "nonInterestIncome": "5050000000", "otherNonOperatingIncome": "384000000", "depreciation": "None", "depreciationAndAmortization": "38000000", "incomeBeforeTax": "2199000000", "incomeTaxExpense": "518000000", "interestAndDebtExpense": "48000000", "netIncomeFromContinuingOperations": "1753000000", "comprehensiveIncomeNetOfTax": "1543000000", "ebit": "2247000000", "ebitda": "2285000000", "netIncome": "1681000000"}, {"fiscalDateEnding": "2021-06-30", "reportedCurrency": "USD", "grossProfit": "7542000000", "totalRevenue": "9588000000", "costOfRevenue": "2046000000", "costofGoodsAndServicesSold": "2391000000", "operatingIncome": "1931000000", "sellingGeneralAndAdministrative": "461000000", "researchAndDevelopment": "None", "operatingExpenses": "2889000000", "investmentIncomeNet": "8000000", "netInterestIncome": "-52000000", "interestIncome": "8000000", "interestExpense": "52000000", "nonInterestIncome": "4820000000", "otherNonOperatingIncome": "322000000", "depreciation": "None", "depreciationAndAmortization": "37000000", "incomeBeforeTax": "2032000000", "incomeTaxExpense": "654000000", "interestAndDebtExpense": "52000000", "netIncomeFromContinuingOperations": "1547000000", "comprehensiveIncomeNetOfTax": "1401000000", "ebit": "2084000000", "ebitda": "2121000000", "netIncome": "1378000000"}, {"fiscalDateEnding": "2021-03-31", "reportedCurrency": "USD", "grossProfit": "6713000000", "totalRevenue": "8741000000", "costOfRevenue": "2028000000", "costofGoodsAndServicesSold": "2234000000", "operatingIncome": "1545000000", "sellingGeneralAndAdministrative": "585000000", "researchAndDevelopment": "None", "operatingExpenses": "2853000000", "investmentIncomeNet": "19000000", "netInterestIncome": "-55000000", "interestIncome": "19000000", "interestExpense": "55000000", "nonInterestIncome": "4398000000", "otherNonOperatingIncome": "101000000", "depreciation": "None", "depreciationAndAmortization": "34000000", "incomeBeforeTax": "1517000000", "incomeTaxExpense": "318000000", "interestAndDebtExpense": "55000000", "netIncomeFromContinuingOperations": "1273000000", "comprehensiveIncomeNetOfTax": "1125000000", "ebit": "1572000000", "ebitda": "1606000000", "netIncome": "1199000000"}, {"fiscalDateEnding": "2020-12-31", "reportedCurrency": "USD", "grossProfit": "16337000000", "totalRevenue": "18305000000", "costOfRevenue": "1968000000", "costofGoodsAndServicesSold": "2129000000", "operatingIncome": "1848000000", "sellingGeneralAndAdministrative": "474000000", "researchAndDevelopment": "None", "operatingExpenses": "2630000000", "investmentIncomeNet": "28000000", "netInterestIncome": "-54000000", "interestIncome": "28000000", "interestExpense": "54000000", "nonInterestIncome": "4478000000", "otherNonOperatingIncome": "373000000", "depreciation": "None", "depreciationAndAmortization": "153000000", "incomeBeforeTax": "1975000000", "incomeTaxExpense": "427000000", "interestAndDebtExpense": "54000000", "netIncomeFromContinuingOperations": "1740000000", "comprehensiveIncomeNetOfTax": "1812000000", "ebit": "2029000000", "ebitda": "2182000000", "netIncome": "1548000000"}, {"fiscalDateEnding": "2020-09-30", "reportedCurrency": "USD", "grossProfit": "6785000000", "totalRevenue": "8684000000", "costOfRevenue": "1899000000", "costofGoodsAndServicesSold": "2124000000", "operatingIncome": "1757000000", "sellingGeneralAndAdministrative": "461000000", "researchAndDevelopment": "None", "operatingExpenses": "2612000000", "investmentIncomeNet": "9000000", "netInterestIncome": "-54000000", "interestIncome": "224000000", "interestExpense": "54000000", "nonInterestIncome": "4369000000", "otherNonOperatingIncome": "278000000", "depreciation": "None", "depreciationAndAmortization": "27000000", "incomeBeforeTax": "1828000000", "incomeTaxExpense": "464000000", "interestAndDebtExpense": "54000000", "netIncomeFromContinuingOperations": "1517000000", "comprehensiveIncomeNetOfTax": "1544000000", "ebit": "1882000000", "ebitda": "1909000000", "netIncome": "1364000000"}, {"fiscalDateEnding": "2020-06-30", "reportedCurrency": "USD", "grossProfit": "5678000000", "totalRevenue": "7245000000", "costOfRevenue": "1567000000", "costofGoodsAndServicesSold": "1827000000", "operatingIncome": "1406000000", "sellingGeneralAndAdministrative": "388000000", "researchAndDevelopment": "None", "operatingExpenses": "2242000000", "investmentIncomeNet": "10000000", "netInterestIncome": "-51000000", "interestIncome": "10000000", "interestExpense": "51000000", "nonInterestIncome": "3648000000", "otherNonOperatingIncome": "408000000", "depreciation": "None", "depreciationAndAmortization": "27000000", "incomeBeforeTax": "1575000000", "incomeTaxExpense": "361000000", "interestAndDebtExpense": "51000000", "netIncomeFromContinuingOperations": "1402000000", "comprehensiveIncomeNetOfTax": "1243000000", "ebit": "1626000000", "ebitda": "1653000000", "netIncome": "1214000000"}, {"fiscalDateEnding": "2020-03-31", "reportedCurrency": "USD", "grossProfit": "5070000000", "totalRevenue": "7374000000", "costOfRevenue": "2304000000", "costofGoodsAndServicesSold": "1859000000", "operatingIncome": "684000000", "sellingGeneralAndAdministrative": "1142000000", "researchAndDevelopment": "None", "operatingExpenses": "3026000000", "investmentIncomeNet": "15000000", "netInterestIncome": "-46000000", "interestIncome": "15000000", "interestExpense": "46000000", "nonInterestIncome": "3710000000", "otherNonOperatingIncome": "-25000000", "depreciation": "None", "depreciationAndAmortization": "25000000", "incomeBeforeTax": "792000000", "incomeTaxExpense": "-14000000", "interestAndDebtExpense": "46000000", "netIncomeFromContinuingOperations": "627000000", "comprehensiveIncomeNetOfTax": "567000000", "ebit": "838000000", "ebitda": "863000000", "netIncome": "806000000"}, {"fiscalDateEnding": "2019-12-31", "reportedCurrency": "USD", "grossProfit": "3977000000", "totalRevenue": "3977000000", "costOfRevenue": "1841000000", "costofGoodsAndServicesSold": "1895000000", "operatingIncome": "1538000000", "sellingGeneralAndAdministrative": "515000000", "researchAndDevelopment": "None", "operatingExpenses": "2439000000", "investmentIncomeNet": "29000000", "netInterestIncome": "-51000000", "interestIncome": "29000000", "interestExpense": "51000000", "nonInterestIncome": "3977000000", "otherNonOperatingIncome": "147000000", "depreciation": "None", "depreciationAndAmortization": "114000000", "incomeBeforeTax": "1601000000", "incomeTaxExpense": "300000000", "interestAndDebtExpense": "51000000", "netIncomeFromContinuingOperations": "1538000000", "comprehensiveIncomeNetOfTax": "1514000000", "ebit": "1652000000", "ebitda": "1766000000", "netIncome": "1301000000"}, {"fiscalDateEnding": "2019-09-30", "reportedCurrency": "USD", "grossProfit": "5806000000", "totalRevenue": "7330000000", "costOfRevenue": "1524000000", "costofGoodsAndServicesSold": "1777000000", "operatingIncome": "1502000000", "sellingGeneralAndAdministrative": "385000000", "researchAndDevelopment": "None", "operatingExpenses": "2190000000", "investmentIncomeNet": "19000000", "netInterestIncome": "-54000000", "interestIncome": "19000000", "interestExpense": "54000000", "nonInterestIncome": "3692000000", "otherNonOperatingIncome": "12000000", "depreciation": "None", "depreciationAndAmortization": "28000000", "incomeBeforeTax": "1460000000", "incomeTaxExpense": "341000000", "interestAndDebtExpense": "54000000", "netIncomeFromContinuingOperations": "1119000000", "comprehensiveIncomeNetOfTax": "999000000", "ebit": "1514000000", "ebitda": "1542000000", "netIncome": "1119000000"}, {"fiscalDateEnding": "2019-06-30", "reportedCurrency": "USD", "grossProfit": "5418000000", "totalRevenue": "6996000000", "costOfRevenue": "1578000000", "costofGoodsAndServicesSold": "1751000000", "operatingIncome": "1278000000", "sellingGeneralAndAdministrative": "470000000", "researchAndDevelopment": "None", "operatingExpenses": "2246000000", "investmentIncomeNet": "20000000", "netInterestIncome": "-52000000", "interestIncome": "20000000", "interestExpense": "52000000", "nonInterestIncome": "3524000000", "otherNonOperatingIncome": "109000000", "depreciation": "None", "depreciationAndAmortization": "25000000", "incomeBeforeTax": "1325000000", "incomeTaxExpense": "322000000", "interestAndDebtExpense": "52000000", "netIncomeFromContinuingOperations": "1013000000", "comprehensiveIncomeNetOfTax": "962000000", "ebit": "1377000000", "ebitda": "1402000000", "netIncome": "1003000000"}, {"fiscalDateEnding": "2019-03-31", "reportedCurrency": "USD", "grossProfit": "5179000000", "totalRevenue": "6646000000", "costOfRevenue": "1467000000", "costofGoodsAndServicesSold": "1710000000", "operatingIncome": "1233000000", "sellingGeneralAndAdministrative": "388000000", "researchAndDevelopment": "None", "operatingExpenses": "2113000000", "investmentIncomeNet": "29000000", "netInterestIncome": "-46000000", "interestIncome": "29000000", "interestExpense": "46000000", "nonInterestIncome": "3346000000", "otherNonOperatingIncome": "171000000", "depreciation": "None", "depreciationAndAmortization": "15000000", "incomeBeforeTax": "1351000000", "incomeTaxExpense": "298000000", "interestAndDebtExpense": "46000000", "netIncomeFromContinuingOperations": "1060000000", "comprehensiveIncomeNetOfTax": "1121000000", "ebit": "1397000000", "ebitda": "1412000000", "netIncome": "1053000000"}, {"fiscalDateEnding": "2018-12-31", "reportedCurrency": "USD", "grossProfit": "3374000000", "totalRevenue": "3434000000", "costOfRevenue": "60000000", "costofGoodsAndServicesSold": "1664000000", "operatingIncome": "1246000000", "sellingGeneralAndAdministrative": "449000000", "researchAndDevelopment": "None", "operatingExpenses": "2188000000", "investmentIncomeNet": "41000000", "netInterestIncome": "-46000000", "interestIncome": "None", "interestExpense": "46000000", "nonInterestIncome": "3434000000", "otherNonOperatingIncome": "-26000000", "depreciation": "None", "depreciationAndAmortization": "119000000", "incomeBeforeTax": "1174000000", "incomeTaxExpense": "247000000", "interestAndDebtExpense": "46000000", "netIncomeFromContinuingOperations": "1246000000", "comprehensiveIncomeNetOfTax": "852000000", "ebit": "1220000000", "ebitda": "1339000000", "netIncome": "927000000"}, {"fiscalDateEnding": "2018-09-30", "reportedCurrency": "USD", "grossProfit": "5583000000", "totalRevenue": "7106000000", "costOfRevenue": "1523000000", "costofGoodsAndServicesSold": "1754000000", "operatingIncome": "1396000000", "sellingGeneralAndAdministrative": "413000000", "researchAndDevelopment": "None", "operatingExpenses": "2180000000", "investmentIncomeNet": "29000000", "netInterestIncome": "-46000000", "interestIncome": "None", "interestExpense": "46000000", "nonInterestIncome": "3576000000", "otherNonOperatingIncome": "79000000", "depreciation": "None", "depreciationAndAmortization": "13000000", "incomeBeforeTax": "1442000000", "incomeTaxExpense": "226000000", "interestAndDebtExpense": "46000000", "netIncomeFromContinuingOperations": "1203000000", "comprehensiveIncomeNetOfTax": "1175000000", "ebit": "1488000000", "ebitda": "1501000000", "netIncome": "1216000000"}, {"fiscalDateEnding": "2018-06-30", "reportedCurrency": "USD", "grossProfit": "5678000000", "totalRevenue": "7164000000", "costOfRevenue": "1486000000", "costofGoodsAndServicesSold": "1761000000", "operatingIncome": "1440000000", "sellingGeneralAndAdministrative": "393000000", "researchAndDevelopment": "None", "operatingExpenses": "2165000000", "investmentIncomeNet": "19000000", "netInterestIncome": "-46000000", "interestIncome": "None", "interestExpense": "46000000", "nonInterestIncome": "3605000000", "otherNonOperatingIncome": "22000000", "depreciation": "None", "depreciationAndAmortization": "11000000", "incomeBeforeTax": "1411000000", "incomeTaxExpense": "338000000", "interestAndDebtExpense": "46000000", "netIncomeFromContinuingOperations": "1078000000", "comprehensiveIncomeNetOfTax": "799000000", "ebit": "1457000000", "ebitda": "1468000000", "netIncome": "1073000000"}, {"fiscalDateEnding": "2018-03-31", "reportedCurrency": "USD", "grossProfit": "6726000000", "totalRevenue": "7120000000", "costOfRevenue": "394000000", "costofGoodsAndServicesSold": "1814000000", "operatingIncome": "1375000000", "sellingGeneralAndAdministrative": "383000000", "researchAndDevelopment": "None", "operatingExpenses": "2208000000", "investmentIncomeNet": "15000000", "netInterestIncome": "-46000000", "interestIncome": "None", "interestExpense": "46000000", "nonInterestIncome": "3328000000", "otherNonOperatingIncome": "30000000", "depreciation": "None", "depreciationAndAmortization": "11000000", "incomeBeforeTax": "1354000000", "incomeTaxExpense": "265000000", "interestAndDebtExpense": "46000000", "netIncomeFromContinuingOperations": "1094000000", "comprehensiveIncomeNetOfTax": "1226000000", "ebit": "1400000000", "ebitda": "1411000000", "netIncome": "1089000000"}, {"fiscalDateEnding": "2017-12-31", "reportedCurrency": "USD", "grossProfit": "3469000000", "totalRevenue": "3469000000", "costOfRevenue": "490000000", "costofGoodsAndServicesSold": "1520000000", "operatingIncome": "1485000000", "sellingGeneralAndAdministrative": "448000000", "researchAndDevelopment": "None", "operatingExpenses": "2279000000", "investmentIncomeNet": "14000000", "netInterestIncome": "-46000000", "interestIncome": "None", "interestExpense": "46000000", "nonInterestIncome": "3181000000", "otherNonOperatingIncome": "47000000", "depreciation": "None", "depreciationAndAmortization": "42000000", "incomeBeforeTax": "1480000000", "incomeTaxExpense": "-815000000", "interestAndDebtExpense": "46000000", "netIncomeFromContinuingOperations": "1489000000", "comprehensiveIncomeNetOfTax": "2336000000", "ebit": "1526000000", "ebitda": "1568000000", "netIncome": "2295000000"}, {"fiscalDateEnding": "2017-09-30", "reportedCurrency": "USD", "grossProfit": "6021000000", "totalRevenue": "6415000000", "costOfRevenue": "394000000", "costofGoodsAndServicesSold": "1449000000", "operatingIncome": "1389000000", "sellingGeneralAndAdministrative": "363000000", "researchAndDevelopment": "None", "operatingExpenses": "2119000000", "investmentIncomeNet": "15000000", "netInterestIncome": "-46000000", "interestIncome": "None", "interestExpense": "46000000", "nonInterestIncome": "2983000000", "otherNonOperatingIncome": "56000000", "depreciation": "None", "depreciationAndAmortization": "31000000", "incomeBeforeTax": "1387000000", "incomeTaxExpense": "443000000", "interestAndDebtExpense": "46000000", "netIncomeFromContinuingOperations": "959000000", "comprehensiveIncomeNetOfTax": "1046000000", "ebit": "1433000000", "ebitda": "1464000000", "netIncome": "944000000"}, {"fiscalDateEnding": "2017-06-30", "reportedCurrency": "USD", "grossProfit": "5498000000", "totalRevenue": "5877000000", "costOfRevenue": "379000000", "costofGoodsAndServicesSold": "1348000000", "operatingIncome": "1237000000", "sellingGeneralAndAdministrative": "350000000", "researchAndDevelopment": "None", "operatingExpenses": "1999000000", "investmentIncomeNet": "13000000", "netInterestIncome": "-48000000", "interestIncome": "None", "interestExpense": "48000000", "nonInterestIncome": "2723000000", "otherNonOperatingIncome": "49000000", "depreciation": "None", "depreciationAndAmortization": "29000000", "incomeBeforeTax": "1228000000", "incomeTaxExpense": "374000000", "interestAndDebtExpense": "48000000", "netIncomeFromContinuingOperations": "867000000", "comprehensiveIncomeNetOfTax": "956000000", "ebit": "1276000000", "ebitda": "1305000000", "netIncome": "854000000"}, {"fiscalDateEnding": "2017-03-31", "reportedCurrency": "USD", "grossProfit": "5245000000", "totalRevenue": "5576000000", "costOfRevenue": "331000000", "costofGoodsAndServicesSold": "1351000000", "operatingIncome": "1143000000", "sellingGeneralAndAdministrative": "301000000", "researchAndDevelopment": "None", "operatingExpenses": "1949000000", "investmentIncomeNet": "7000000", "netInterestIncome": "-65000000", "interestIncome": "None", "interestExpense": "65000000", "nonInterestIncome": "2600000000", "otherNonOperatingIncome": "58000000", "depreciation": "None", "depreciationAndAmortization": "30000000", "incomeBeforeTax": "1127000000", "incomeTaxExpense": "268000000", "interestAndDebtExpense": "65000000", "netIncomeFromContinuingOperations": "871000000", "comprehensiveIncomeNetOfTax": "898000000", "ebit": "1192000000", "ebitda": "1222000000", "netIncome": "859000000"}, {"fiscalDateEnding": "2016-12-31", "reportedCurrency": "USD", "grossProfit": "2890000000", "totalRevenue": "2890000000", "costOfRevenue": "377000000", "costofGoodsAndServicesSold": "1286000000", "operatingIncome": "1225000000", "sellingGeneralAndAdministrative": "355000000", "researchAndDevelopment": "None", "operatingExpenses": "2776000000", "investmentIncomeNet": "7000000", "netInterestIncome": "-51000000", "interestIncome": "None", "interestExpense": "51000000", "nonInterestIncome": "2615000000", "otherNonOperatingIncome": "13000000", "depreciation": "None", "depreciationAndAmortization": "22000000", "incomeBeforeTax": "1186000000", "incomeTaxExpense": "335000000", "interestAndDebtExpense": "51000000", "netIncomeFromContinuingOperations": "1225000000", "comprehensiveIncomeNetOfTax": "729000000", "ebit": "1237000000", "ebitda": "1259000000", "netIncome": "851000000"}]}