{"symbol": "BLL", "annualReports": [{"fiscalDateEnding": "2020-12-31", "reportedCurrency": "USD", "grossProfit": "1477000000", "totalRevenue": "11567000000", "costOfRevenue": "10090000000", "costofGoodsAndServicesSold": "9323000000", "operatingIncome": "1003000000", "sellingGeneralAndAdministrative": "525000000", "researchAndDevelopment": "47000000", "operatingExpenses": "814000000", "investmentIncomeNet": "None", "netInterestIncome": "-275000000", "interestIncome": "-275000000", "interestExpense": "275000000", "nonInterestIncome": "11840000000", "otherNonOperatingIncome": "-6000000", "depreciation": "488000000", "depreciationAndAmortization": "180000000", "incomeBeforeTax": "684000000", "incomeTaxExpense": "99000000", "interestAndDebtExpense": "316000000", "netIncomeFromContinuingOperations": "582000000", "comprehensiveIncomeNetOfTax": "541000000", "ebit": "1003000000", "ebitda": "1139000000", "netIncome": "585000000"}, {"fiscalDateEnding": "2019-12-31", "reportedCurrency": "USD", "grossProfit": "1775000000", "totalRevenue": "11319000000", "costOfRevenue": "10295000000", "costofGoodsAndServicesSold": "9691000000", "operatingIncome": "932000000", "sellingGeneralAndAdministrative": "417000000", "researchAndDevelopment": "44000000", "operatingExpenses": "648000000", "investmentIncomeNet": "None", "netInterestIncome": "-317000000", "interestIncome": "-317000000", "interestExpense": "317000000", "nonInterestIncome": "11633000000", "otherNonOperatingIncome": "-1000000", "depreciation": "491000000", "depreciationAndAmortization": "187000000", "incomeBeforeTax": "637000000", "incomeTaxExpense": "71000000", "interestAndDebtExpense": "324000000", "netIncomeFromContinuingOperations": "536000000", "comprehensiveIncomeNetOfTax": "570000000", "ebit": "932000000", "ebitda": "1141000000", "netIncome": "566000000"}, {"fiscalDateEnding": "2018-12-31", "reportedCurrency": "USD", "grossProfit": "1798000000", "totalRevenue": "11432000000", "costOfRevenue": "1191000000", "costofGoodsAndServicesSold": "509000000", "operatingIncome": "935000000", "sellingGeneralAndAdministrative": "478000000", "researchAndDevelopment": "32000000", "operatingExpenses": "714000000", "investmentIncomeNet": "None", "netInterestIncome": "-301000000", "interestIncome": "-301000000", "interestExpense": "301000000", "nonInterestIncome": "11733000000", "otherNonOperatingIncome": "5000000", "depreciation": "498000000", "depreciationAndAmortization": "204000000", "incomeBeforeTax": "639000000", "incomeTaxExpense": "185000000", "interestAndDebtExpense": "302000000", "netIncomeFromContinuingOperations": "453000000", "comprehensiveIncomeNetOfTax": "275000000", "ebit": "935000000", "ebitda": "1144000000", "netIncome": "454000000"}, {"fiscalDateEnding": "2017-12-31", "reportedCurrency": "USD", "grossProfit": "1757000000", "totalRevenue": "10631000000", "costOfRevenue": "1244000000", "costofGoodsAndServicesSold": "510000000", "operatingIncome": "802000000", "sellingGeneralAndAdministrative": "514000000", "researchAndDevelopment": "27000000", "operatingExpenses": "761000000", "investmentIncomeNet": "None", "netInterestIncome": "-285000000", "interestIncome": "-285000000", "interestExpense": "285000000", "nonInterestIncome": "-67000000", "otherNonOperatingIncome": "31000000", "depreciation": "509000000", "depreciationAndAmortization": "220000000", "incomeBeforeTax": "539000000", "incomeTaxExpense": "165000000", "interestAndDebtExpense": "288000000", "netIncomeFromContinuingOperations": "380000000", "comprehensiveIncomeNetOfTax": "659000000", "ebit": "802000000", "ebitda": "1044000000", "netIncome": "374000000"}, {"fiscalDateEnding": "2016-12-31", "reportedCurrency": "USD", "grossProfit": "1420000000", "totalRevenue": "8633000000", "costOfRevenue": "961000000", "costofGoodsAndServicesSold": "345000000", "operatingIncome": "463000000", "sellingGeneralAndAdministrative": "512000000", "researchAndDevelopment": "28000000", "operatingExpenses": "644000000", "investmentIncomeNet": "None", "netInterestIncome": "-262000000", "interestIncome": "-209000000", "interestExpense": "262000000", "nonInterestIncome": "-166000000", "otherNonOperatingIncome": "15000000", "depreciation": "349000000", "depreciationAndAmortization": "104000000", "incomeBeforeTax": "137000000", "incomeTaxExpense": "-126000000", "interestAndDebtExpense": "338000000", "netIncomeFromContinuingOperations": "266000000", "comprehensiveIncomeNetOfTax": "-38000000", "ebit": "463000000", "ebitda": "503000000", "netIncome": "263000000"}], "quarterlyReports": [{"fiscalDateEnding": "2021-09-30", "reportedCurrency": "USD", "grossProfit": "479000000", "totalRevenue": "3523000000", "costOfRevenue": "3044000000", "costofGoodsAndServicesSold": "2851000000", "operatingIncome": "238000000", "sellingGeneralAndAdministrative": "148000000", "researchAndDevelopment": "None", "operatingExpenses": "193000000", "investmentIncomeNet": "None", "netInterestIncome": "-68000000", "interestIncome": "-69000000", "interestExpense": "68000000", "nonInterestIncome": "3591000000", "otherNonOperatingIncome": "8000000", "depreciation": "130000000", "depreciationAndAmortization": "45000000", "incomeBeforeTax": "177000000", "incomeTaxExpense": "-2000000", "interestAndDebtExpense": "69000000", "netIncomeFromContinuingOperations": "179000000", "comprehensiveIncomeNetOfTax": "323000000", "ebit": "238000000", "ebitda": "290000000", "netIncome": "179000000"}, {"fiscalDateEnding": "2021-06-30", "reportedCurrency": "USD", "grossProfit": "401000000", "totalRevenue": "3372000000", "costOfRevenue": "2971000000", "costofGoodsAndServicesSold": "2760000000", "operatingIncome": "373000000", "sellingGeneralAndAdministrative": "166000000", "researchAndDevelopment": "None", "operatingExpenses": "211000000", "investmentIncomeNet": "None", "netInterestIncome": "-66000000", "interestIncome": "-66000000", "interestExpense": "66000000", "nonInterestIncome": "3438000000", "otherNonOperatingIncome": "11000000", "depreciation": "127000000", "depreciationAndAmortization": "45000000", "incomeBeforeTax": "318000000", "incomeTaxExpense": "116000000", "interestAndDebtExpense": "66000000", "netIncomeFromContinuingOperations": "202000000", "comprehensiveIncomeNetOfTax": "302000000", "ebit": "373000000", "ebitda": "429000000", "netIncome": "202000000"}, {"fiscalDateEnding": "2021-03-31", "reportedCurrency": "USD", "grossProfit": "376000000", "totalRevenue": "3071000000", "costOfRevenue": "2695000000", "costofGoodsAndServicesSold": "2493000000", "operatingIncome": "300000000", "sellingGeneralAndAdministrative": "157000000", "researchAndDevelopment": "None", "operatingExpenses": "202000000", "investmentIncomeNet": "None", "netInterestIncome": "-67000000", "interestIncome": "-67000000", "interestExpense": "67000000", "nonInterestIncome": "3138000000", "otherNonOperatingIncome": "-1000000", "depreciation": "123000000", "depreciationAndAmortization": "45000000", "incomeBeforeTax": "232000000", "incomeTaxExpense": "32000000", "interestAndDebtExpense": "67000000", "netIncomeFromContinuingOperations": "200000000", "comprehensiveIncomeNetOfTax": "257000000", "ebit": "300000000", "ebitda": "344000000", "netIncome": "200000000"}, {"fiscalDateEnding": "2020-12-31", "reportedCurrency": "USD", "grossProfit": "337000000", "totalRevenue": "3055000000", "costOfRevenue": "2718000000", "costofGoodsAndServicesSold": "2448000000", "operatingIncome": "296000000", "sellingGeneralAndAdministrative": "162000000", "researchAndDevelopment": "None", "operatingExpenses": "317000000", "investmentIncomeNet": "None", "netInterestIncome": "-69000000", "interestIncome": "-69000000", "interestExpense": "69000000", "nonInterestIncome": "3122000000", "otherNonOperatingIncome": "7000000", "depreciation": "123000000", "depreciationAndAmortization": "46000000", "incomeBeforeTax": "234000000", "incomeTaxExpense": "7000000", "interestAndDebtExpense": "69000000", "netIncomeFromContinuingOperations": "227000000", "comprehensiveIncomeNetOfTax": "428000000", "ebit": "296000000", "ebitda": "349000000", "netIncome": "227000000"}, {"fiscalDateEnding": "2020-09-30", "reportedCurrency": "USD", "grossProfit": "408000000", "totalRevenue": "3004000000", "costOfRevenue": "2596000000", "costofGoodsAndServicesSold": "2430000000", "operatingIncome": "374000000", "sellingGeneralAndAdministrative": "121000000", "researchAndDevelopment": "None", "operatingExpenses": "166000000", "investmentIncomeNet": "None", "netInterestIncome": "-68000000", "interestIncome": "-68000000", "interestExpense": "68000000", "nonInterestIncome": "3072000000", "otherNonOperatingIncome": "8000000", "depreciation": "115000000", "depreciationAndAmortization": "45000000", "incomeBeforeTax": "314000000", "incomeTaxExpense": "73000000", "interestAndDebtExpense": "69000000", "netIncomeFromContinuingOperations": "240000000", "comprehensiveIncomeNetOfTax": "154000000", "ebit": "374000000", "ebitda": "427000000", "netIncome": "241000000"}, {"fiscalDateEnding": "2020-06-30", "reportedCurrency": "USD", "grossProfit": "388000000", "totalRevenue": "2773000000", "costOfRevenue": "2385000000", "costofGoodsAndServicesSold": "2230000000", "operatingIncome": "178000000", "sellingGeneralAndAdministrative": "111000000", "researchAndDevelopment": "None", "operatingExpenses": "155000000", "investmentIncomeNet": "None", "netInterestIncome": "-67000000", "interestIncome": "-67000000", "interestExpense": "67000000", "nonInterestIncome": "2840000000", "otherNonOperatingIncome": "4000000", "depreciation": "126000000", "depreciationAndAmortization": "44000000", "incomeBeforeTax": "117000000", "incomeTaxExpense": "23000000", "interestAndDebtExpense": "67000000", "netIncomeFromContinuingOperations": "92000000", "comprehensiveIncomeNetOfTax": "165000000", "ebit": "178000000", "ebitda": "228000000", "netIncome": "94000000"}, {"fiscalDateEnding": "2020-03-31", "reportedCurrency": "USD", "grossProfit": "344000000", "totalRevenue": "2735000000", "costOfRevenue": "2391000000", "costofGoodsAndServicesSold": "2215000000", "operatingIncome": "155000000", "sellingGeneralAndAdministrative": "131000000", "researchAndDevelopment": "None", "operatingExpenses": "176000000", "investmentIncomeNet": "None", "netInterestIncome": "-71000000", "interestIncome": "-71000000", "interestExpense": "71000000", "nonInterestIncome": "2806000000", "otherNonOperatingIncome": "-25000000", "depreciation": "124000000", "depreciationAndAmortization": "45000000", "incomeBeforeTax": "19000000", "incomeTaxExpense": "-4000000", "interestAndDebtExpense": "111000000", "netIncomeFromContinuingOperations": "23000000", "comprehensiveIncomeNetOfTax": "-206000000", "ebit": "155000000", "ebitda": "135000000", "netIncome": "23000000"}, {"fiscalDateEnding": "2019-12-31", "reportedCurrency": "USD", "grossProfit": "437000000", "totalRevenue": "2719000000", "costOfRevenue": "2781000000", "costofGoodsAndServicesSold": "2647000000", "operatingIncome": "206000000", "sellingGeneralAndAdministrative": "89000000", "researchAndDevelopment": "None", "operatingExpenses": "178000000", "investmentIncomeNet": "None", "netInterestIncome": "-80000000", "interestIncome": "-80000000", "interestExpense": "80000000", "nonInterestIncome": "2719000000", "otherNonOperatingIncome": "5000000", "depreciation": "123000000", "depreciationAndAmortization": "45000000", "incomeBeforeTax": "121000000", "incomeTaxExpense": "-2000000", "interestAndDebtExpense": "83000000", "netIncomeFromContinuingOperations": "123000000", "comprehensiveIncomeNetOfTax": "-34000000", "ebit": "206000000", "ebitda": "246000000", "netIncome": "123000000"}, {"fiscalDateEnding": "2019-09-30", "reportedCurrency": "USD", "grossProfit": "468000000", "totalRevenue": "2971000000", "costOfRevenue": "2499000000", "costofGoodsAndServicesSold": "2363000000", "operatingIncome": "198000000", "sellingGeneralAndAdministrative": "90000000", "researchAndDevelopment": "None", "operatingExpenses": "136000000", "investmentIncomeNet": "None", "netInterestIncome": "-79000000", "interestIncome": "-79000000", "interestExpense": "79000000", "nonInterestIncome": "3049000000", "otherNonOperatingIncome": "5000000", "depreciation": "123000000", "depreciationAndAmortization": "46000000", "incomeBeforeTax": "124000000", "incomeTaxExpense": "32000000", "interestAndDebtExpense": "79000000", "netIncomeFromContinuingOperations": "92000000", "comprehensiveIncomeNetOfTax": "173000000", "ebit": "198000000", "ebitda": "249000000", "netIncome": "92000000"}, {"fiscalDateEnding": "2019-06-30", "reportedCurrency": "USD", "grossProfit": "463000000", "totalRevenue": "2957000000", "costOfRevenue": "2587000000", "costofGoodsAndServicesSold": "2428000000", "operatingIncome": "307000000", "sellingGeneralAndAdministrative": "111000000", "researchAndDevelopment": "None", "operatingExpenses": "159000000", "investmentIncomeNet": "None", "netInterestIncome": "-81000000", "interestIncome": "-81000000", "interestExpense": "81000000", "nonInterestIncome": "3037000000", "otherNonOperatingIncome": "2000000", "depreciation": "123000000", "depreciationAndAmortization": "48000000", "incomeBeforeTax": "228000000", "incomeTaxExpense": "31000000", "interestAndDebtExpense": "81000000", "netIncomeFromContinuingOperations": "197000000", "comprehensiveIncomeNetOfTax": "189000000", "ebit": "307000000", "ebitda": "357000000", "netIncome": "197000000"}, {"fiscalDateEnding": "2019-03-31", "reportedCurrency": "USD", "grossProfit": "407000000", "totalRevenue": "2797000000", "costOfRevenue": "175000000", "costofGoodsAndServicesSold": "2253000000", "operatingIncome": "221000000", "sellingGeneralAndAdministrative": "127000000", "researchAndDevelopment": "None", "operatingExpenses": "175000000", "investmentIncomeNet": "None", "netInterestIncome": "-77000000", "interestIncome": "-77000000", "interestExpense": "77000000", "nonInterestIncome": "2874000000", "otherNonOperatingIncome": "-13000000", "depreciation": "122000000", "depreciationAndAmortization": "48000000", "incomeBeforeTax": "127000000", "incomeTaxExpense": "10000000", "interestAndDebtExpense": "81000000", "netIncomeFromContinuingOperations": "117000000", "comprehensiveIncomeNetOfTax": "242000000", "ebit": "221000000", "ebitda": "252000000", "netIncome": "117000000"}, {"fiscalDateEnding": "2018-12-31", "reportedCurrency": "USD", "grossProfit": "431000000", "totalRevenue": "2803000000", "costOfRevenue": "675000000", "costofGoodsAndServicesSold": "-6574000000", "operatingIncome": "198000000", "sellingGeneralAndAdministrative": "126000000", "researchAndDevelopment": "32000000", "operatingExpenses": "198000000", "investmentIncomeNet": "None", "netInterestIncome": "-75000000", "interestIncome": "None", "interestExpense": "75000000", "nonInterestIncome": "2803000000", "otherNonOperatingIncome": "-9000000", "depreciation": "123000000", "depreciationAndAmortization": "50000000", "incomeBeforeTax": "88000000", "incomeTaxExpense": "-35000000", "interestAndDebtExpense": "75000000", "netIncomeFromContinuingOperations": "123000000", "comprehensiveIncomeNetOfTax": "116000000", "ebit": "198000000", "ebitda": "213000000", "netIncome": "123000000"}, {"fiscalDateEnding": "2018-09-30", "reportedCurrency": "USD", "grossProfit": "466000000", "totalRevenue": "2909000000", "costOfRevenue": "163000000", "costofGoodsAndServicesSold": "2362000000", "operatingIncome": "268000000", "sellingGeneralAndAdministrative": "113000000", "researchAndDevelopment": "None", "operatingExpenses": "163000000", "investmentIncomeNet": "None", "netInterestIncome": "-76000000", "interestIncome": "None", "interestExpense": "76000000", "nonInterestIncome": "2985000000", "otherNonOperatingIncome": "7000000", "depreciation": "121000000", "depreciationAndAmortization": "50000000", "incomeBeforeTax": "199000000", "incomeTaxExpense": "140000000", "interestAndDebtExpense": "76000000", "netIncomeFromContinuingOperations": "59000000", "comprehensiveIncomeNetOfTax": "26000000", "ebit": "268000000", "ebitda": "325000000", "netIncome": "59000000"}, {"fiscalDateEnding": "2018-06-30", "reportedCurrency": "USD", "grossProfit": "483000000", "totalRevenue": "3085000000", "costOfRevenue": "176000000", "costofGoodsAndServicesSold": "2484000000", "operatingIncome": "243000000", "sellingGeneralAndAdministrative": "127000000", "researchAndDevelopment": "None", "operatingExpenses": "176000000", "investmentIncomeNet": "None", "netInterestIncome": "-77000000", "interestIncome": "None", "interestExpense": "77000000", "nonInterestIncome": "3162000000", "otherNonOperatingIncome": "None", "depreciation": "129000000", "depreciationAndAmortization": "49000000", "incomeBeforeTax": "165000000", "incomeTaxExpense": "46000000", "interestAndDebtExpense": "77000000", "netIncomeFromContinuingOperations": "120000000", "comprehensiveIncomeNetOfTax": "25000000", "ebit": "243000000", "ebitda": "291000000", "netIncome": "119000000"}, {"fiscalDateEnding": "2018-03-31", "reportedCurrency": "USD", "grossProfit": "418000000", "totalRevenue": "2706000000", "costOfRevenue": "172000000", "costofGoodsAndServicesSold": "2237000000", "operatingIncome": "226000000", "sellingGeneralAndAdministrative": "112000000", "researchAndDevelopment": "None", "operatingExpenses": "172000000", "investmentIncomeNet": "None", "netInterestIncome": "-73000000", "interestIncome": "None", "interestExpense": "73000000", "nonInterestIncome": "2779000000", "otherNonOperatingIncome": "7000000", "depreciation": "125000000", "depreciationAndAmortization": "55000000", "incomeBeforeTax": "159000000", "incomeTaxExpense": "34000000", "interestAndDebtExpense": "74000000", "netIncomeFromContinuingOperations": "125000000", "comprehensiveIncomeNetOfTax": "108000000", "ebit": "226000000", "ebitda": "287000000", "netIncome": "125000000"}, {"fiscalDateEnding": "2017-12-31", "reportedCurrency": "USD", "grossProfit": "481000000", "totalRevenue": "2747000000", "costOfRevenue": "597000000", "costofGoodsAndServicesSold": "2134000000", "operatingIncome": "339000000", "sellingGeneralAndAdministrative": "116000000", "researchAndDevelopment": "27000000", "operatingExpenses": "114000000", "investmentIncomeNet": "None", "netInterestIncome": "-69000000", "interestIncome": "None", "interestExpense": "69000000", "nonInterestIncome": "2747000000", "otherNonOperatingIncome": "8000000", "depreciation": "136000000", "depreciationAndAmortization": "54000000", "incomeBeforeTax": "385000000", "incomeTaxExpense": "117000000", "interestAndDebtExpense": "71000000", "netIncomeFromContinuingOperations": "268000000", "comprehensiveIncomeNetOfTax": "428000000", "ebit": "339000000", "ebitda": "508000000", "netIncome": "268000000"}, {"fiscalDateEnding": "2017-09-30", "reportedCurrency": "USD", "grossProfit": "455000000", "totalRevenue": "2794000000", "costOfRevenue": "176000000", "costofGoodsAndServicesSold": "2338000000", "operatingIncome": "124000000", "sellingGeneralAndAdministrative": "127000000", "researchAndDevelopment": "None", "operatingExpenses": "176000000", "investmentIncomeNet": "None", "netInterestIncome": "-74000000", "interestIncome": "None", "interestExpense": "74000000", "nonInterestIncome": "-40000000", "otherNonOperatingIncome": "5000000", "depreciation": "113000000", "depreciationAndAmortization": "49000000", "incomeBeforeTax": "52000000", "incomeTaxExpense": "4000000", "interestAndDebtExpense": "74000000", "netIncomeFromContinuingOperations": "51000000", "comprehensiveIncomeNetOfTax": "42000000", "ebit": "124000000", "ebitda": "175000000", "netIncome": "48000000"}, {"fiscalDateEnding": "2017-06-30", "reportedCurrency": "USD", "grossProfit": "431000000", "totalRevenue": "2776000000", "costOfRevenue": "204000000", "costofGoodsAndServicesSold": "2270000000", "operatingIncome": "187000000", "sellingGeneralAndAdministrative": "128000000", "researchAndDevelopment": "None", "operatingExpenses": "204000000", "investmentIncomeNet": "None", "netInterestIncome": "-74000000", "interestIncome": "None", "interestExpense": "74000000", "nonInterestIncome": "-5000000", "otherNonOperatingIncome": "10000000", "depreciation": "153000000", "depreciationAndAmortization": "76000000", "incomeBeforeTax": "121000000", "incomeTaxExpense": "22000000", "interestAndDebtExpense": "75000000", "netIncomeFromContinuingOperations": "100000000", "comprehensiveIncomeNetOfTax": "-7000000", "ebit": "187000000", "ebitda": "271000000", "netIncome": "99000000"}, {"fiscalDateEnding": "2017-03-31", "reportedCurrency": "USD", "grossProfit": "390000000", "totalRevenue": "2388000000", "costOfRevenue": "175000000", "costofGoodsAndServicesSold": "1975000000", "operatingIncome": "152000000", "sellingGeneralAndAdministrative": "143000000", "researchAndDevelopment": "None", "operatingExpenses": "175000000", "investmentIncomeNet": "None", "netInterestIncome": "-68000000", "interestIncome": "None", "interestExpense": "68000000", "nonInterestIncome": "-17000000", "otherNonOperatingIncome": "8000000", "depreciation": "107000000", "depreciationAndAmortization": "32000000", "incomeBeforeTax": "90000000", "incomeTaxExpense": "22000000", "interestAndDebtExpense": "68000000", "netIncomeFromContinuingOperations": "70000000", "comprehensiveIncomeNetOfTax": "196000000", "ebit": "152000000", "ebitda": "190000000", "netIncome": "68000000"}, {"fiscalDateEnding": "2016-12-31", "reportedCurrency": "USD", "grossProfit": "406000000", "totalRevenue": "2523000000", "costOfRevenue": "580000000", "costofGoodsAndServicesSold": "1945000000", "operatingIncome": "163000000", "sellingGeneralAndAdministrative": "164000000", "researchAndDevelopment": "28000000", "operatingExpenses": "263000000", "investmentIncomeNet": "None", "netInterestIncome": "5000000", "interestIncome": "None", "interestExpense": "-5000000", "nonInterestIncome": "26000000", "otherNonOperatingIncome": "8000000", "depreciation": "112000000", "depreciationAndAmortization": "71000000", "incomeBeforeTax": "140000000", "incomeTaxExpense": "48000000", "interestAndDebtExpense": "71000000", "netIncomeFromContinuingOperations": "92000000", "comprehensiveIncomeNetOfTax": "-271000000", "ebit": "163000000", "ebitda": "206000000", "netIncome": "92000000"}]}