{"symbol": "BMY", "annualReports": [{"fiscalDateEnding": "2020-12-31", "reportedCurrency": "USD", "grossProfit": "30745000000", "totalRevenue": "42518000000", "costOfRevenue": "11773000000", "costofGoodsAndServicesSold": "11773000000", "operatingIncome": "-1416000000", "sellingGeneralAndAdministrative": "7661000000", "researchAndDevelopment": "11143000000", "operatingExpenses": "32161000000", "investmentIncomeNet": "121000000", "netInterestIncome": "-1420000000", "interestIncome": "-71000000", "interestExpense": "1420000000", "nonInterestIncome": "-12000000", "otherNonOperatingIncome": "2314000000", "depreciation": "586000000", "depreciationAndAmortization": "9958000000", "incomeBeforeTax": "-6891000000", "incomeTaxExpense": "2124000000", "interestAndDebtExpense": "1420000000", "netIncomeFromContinuingOperations": "-8995000000", "comprehensiveIncomeNetOfTax": "-9334000000", "ebit": "-5471000000", "ebitda": "4487000000", "netIncome": "-9015000000"}, {"fiscalDateEnding": "2019-12-31", "reportedCurrency": "USD", "grossProfit": "18067000000", "totalRevenue": "26145000000", "costOfRevenue": "8078000000", "costofGoodsAndServicesSold": "8078000000", "operatingIncome": "4078000000", "sellingGeneralAndAdministrative": "4871000000", "researchAndDevelopment": "6148000000", "operatingExpenses": "13989000000", "investmentIncomeNet": "464000000", "netInterestIncome": "-656000000", "interestIncome": "-69000000", "interestExpense": "656000000", "nonInterestIncome": "14000000", "otherNonOperatingIncome": "-938000000", "depreciation": "554000000", "depreciationAndAmortization": "1255000000", "incomeBeforeTax": "4954000000", "incomeTaxExpense": "1515000000", "interestAndDebtExpense": "656000000", "netIncomeFromContinuingOperations": "3456000000", "comprehensiveIncomeNetOfTax": "4681000000", "ebit": "5610000000", "ebitda": "6865000000", "netIncome": "3439000000"}, {"fiscalDateEnding": "2018-12-31", "reportedCurrency": "USD", "grossProfit": "16094000000", "totalRevenue": "22561000000", "costOfRevenue": "6467000000", "costofGoodsAndServicesSold": "6467000000", "operatingIncome": "4649000000", "sellingGeneralAndAdministrative": "4551000000", "researchAndDevelopment": "6332000000", "operatingExpenses": "11365000000", "investmentIncomeNet": "173000000", "netInterestIncome": "-183000000", "interestIncome": "-380000000", "interestExpense": "183000000", "nonInterestIncome": "7000000", "otherNonOperatingIncome": "854000000", "depreciation": "505000000", "depreciationAndAmortization": "198000000", "incomeBeforeTax": "5941000000", "incomeTaxExpense": "1021000000", "interestAndDebtExpense": "183000000", "netIncomeFromContinuingOperations": "5040000000", "comprehensiveIncomeNetOfTax": "4764000000", "ebit": "6124000000", "ebitda": "6322000000", "netIncome": "4920000000"}, {"fiscalDateEnding": "2017-12-31", "reportedCurrency": "USD", "grossProfit": "14682000000", "totalRevenue": "20776000000", "costOfRevenue": "6094000000", "costofGoodsAndServicesSold": "6014000000", "operatingIncome": "3375000000", "sellingGeneralAndAdministrative": "4751000000", "researchAndDevelopment": "6468000000", "operatingExpenses": "11335000000", "investmentIncomeNet": "154000000", "netInterestIncome": "-196000000", "interestIncome": "33000000", "interestExpense": "196000000", "nonInterestIncome": "-109000000", "otherNonOperatingIncome": "1685000000", "depreciation": "682000000", "depreciationAndAmortization": "190000000", "incomeBeforeTax": "5163000000", "incomeTaxExpense": "4156000000", "interestAndDebtExpense": "305000000", "netIncomeFromContinuingOperations": "1050000000", "comprehensiveIncomeNetOfTax": "1221000000", "ebit": "5359000000", "ebitda": "5549000000", "netIncome": "1007000000"}, {"fiscalDateEnding": "2016-12-31", "reportedCurrency": "USD", "grossProfit": "14481000000", "totalRevenue": "19427000000", "costOfRevenue": "4946000000", "costofGoodsAndServicesSold": "4969000000", "operatingIncome": "4283000000", "sellingGeneralAndAdministrative": "4979000000", "researchAndDevelopment": "5012000000", "operatingExpenses": "10198000000", "investmentIncomeNet": "105000000", "netInterestIncome": "-167000000", "interestIncome": "15000000", "interestExpense": "167000000", "nonInterestIncome": "52000000", "otherNonOperatingIncome": "1448000000", "depreciation": "448000000", "depreciationAndAmortization": "178000000", "incomeBeforeTax": "5865000000", "incomeTaxExpense": "1408000000", "interestAndDebtExpense": "167000000", "netIncomeFromContinuingOperations": "4584000000", "comprehensiveIncomeNetOfTax": "4422000000", "ebit": "6032000000", "ebitda": "6210000000", "netIncome": "4457000000"}], "quarterlyReports": [{"fiscalDateEnding": "2021-09-30", "reportedCurrency": "USD", "grossProfit": "4777000000", "totalRevenue": "11624000000", "costOfRevenue": "6847000000", "costofGoodsAndServicesSold": "2291000000", "operatingIncome": "-3043000000", "sellingGeneralAndAdministrative": "1788000000", "researchAndDevelopment": "3251000000", "operatingExpenses": "7820000000", "investmentIncomeNet": "12000000", "netInterestIncome": "-328000000", "interestIncome": "149000000", "interestExpense": "328000000", "nonInterestIncome": "-3000000", "otherNonOperatingIncome": "409000000", "depreciation": "144000000", "depreciationAndAmortization": "2600000000", "incomeBeforeTax": "2151000000", "incomeTaxExpense": "605000000", "interestAndDebtExpense": "328000000", "netIncomeFromContinuingOperations": "1592000000", "comprehensiveIncomeNetOfTax": "1640000000", "ebit": "2479000000", "ebitda": "5079000000", "netIncome": "1546000000"}, {"fiscalDateEnding": "2021-06-30", "reportedCurrency": "USD", "grossProfit": "4624000000", "totalRevenue": "11703000000", "costOfRevenue": "7079000000", "costofGoodsAndServicesSold": "2452000000", "operatingIncome": "-3318000000", "sellingGeneralAndAdministrative": "1882000000", "researchAndDevelopment": "3271000000", "operatingExpenses": "7942000000", "investmentIncomeNet": "12000000", "netInterestIncome": "-330000000", "interestIncome": "-170000000", "interestExpense": "330000000", "nonInterestIncome": "1000000", "otherNonOperatingIncome": "2000000", "depreciation": "143000000", "depreciationAndAmortization": "2515000000", "incomeBeforeTax": "1547000000", "incomeTaxExpense": "492000000", "interestAndDebtExpense": "330000000", "netIncomeFromContinuingOperations": "1061000000", "comprehensiveIncomeNetOfTax": "1081000000", "ebit": "1877000000", "ebitda": "4392000000", "netIncome": "1055000000"}, {"fiscalDateEnding": "2021-03-31", "reportedCurrency": "USD", "grossProfit": "3426000000", "totalRevenue": "11073000000", "costOfRevenue": "7647000000", "costofGoodsAndServicesSold": "2841000000", "operatingIncome": "-3597000000", "sellingGeneralAndAdministrative": "1666000000", "researchAndDevelopment": "2225000000", "operatingExpenses": "7023000000", "investmentIncomeNet": "9000000", "netInterestIncome": "-353000000", "interestIncome": "257000000", "interestExpense": "353000000", "nonInterestIncome": "278000000", "otherNonOperatingIncome": "702000000", "depreciation": "135000000", "depreciationAndAmortization": "2615000000", "incomeBeforeTax": "2522000000", "incomeTaxExpense": "501000000", "interestAndDebtExpense": "72000000", "netIncomeFromContinuingOperations": "2029000000", "comprehensiveIncomeNetOfTax": "2316000000", "ebit": "2875000000", "ebitda": "5490000000", "netIncome": "2021000000"}, {"fiscalDateEnding": "2020-12-31", "reportedCurrency": "USD", "grossProfit": "8158000000", "totalRevenue": "11068000000", "costOfRevenue": "2910000000", "costofGoodsAndServicesSold": "2910000000", "operatingIncome": "8158000000", "sellingGeneralAndAdministrative": "2721000000", "researchAndDevelopment": "3750000000", "operatingExpenses": "11305000000", "investmentIncomeNet": "22000000", "netInterestIncome": "-355000000", "interestIncome": "171000000", "interestExpense": "355000000", "nonInterestIncome": "-12000000", "otherNonOperatingIncome": "1826000000", "depreciation": "135000000", "depreciationAndAmortization": "2614000000", "incomeBeforeTax": "-10451000000", "incomeTaxExpense": "-424000000", "interestAndDebtExpense": "355000000", "netIncomeFromContinuingOperations": "8158000000", "comprehensiveIncomeNetOfTax": "-10167000000", "ebit": "-10096000000", "ebitda": "-7482000000", "netIncome": "-10027000000"}, {"fiscalDateEnding": "2020-09-30", "reportedCurrency": "USD", "grossProfit": "8038000000", "totalRevenue": "10540000000", "costOfRevenue": "2502000000", "costofGoodsAndServicesSold": "2502000000", "operatingIncome": "-3653000000", "sellingGeneralAndAdministrative": "1706000000", "researchAndDevelopment": "2499000000", "operatingExpenses": "7100000000", "investmentIncomeNet": "13000000", "netInterestIncome": "-346000000", "interestIncome": "-89000000", "interestExpense": "346000000", "nonInterestIncome": "0", "otherNonOperatingIncome": "915000000", "depreciation": "136000000", "depreciationAndAmortization": "2514000000", "incomeBeforeTax": "2251000000", "incomeTaxExpense": "379000000", "interestAndDebtExpense": "346000000", "netIncomeFromContinuingOperations": "1878000000", "comprehensiveIncomeNetOfTax": "1729000000", "ebit": "2597000000", "ebitda": "5111000000", "netIncome": "1872000000"}, {"fiscalDateEnding": "2020-06-30", "reportedCurrency": "USD", "grossProfit": "7430000000", "totalRevenue": "10129000000", "costOfRevenue": "2699000000", "costofGoodsAndServicesSold": "2699000000", "operatingIncome": "-3951000000", "sellingGeneralAndAdministrative": "1628000000", "researchAndDevelopment": "2522000000", "operatingExpenses": "6951000000", "investmentIncomeNet": "25000000", "netInterestIncome": "-357000000", "interestIncome": "486000000", "interestExpense": "357000000", "nonInterestIncome": "0", "otherNonOperatingIncome": "736000000", "depreciation": "145000000", "depreciationAndAmortization": "2500000000", "incomeBeforeTax": "1622000000", "incomeTaxExpense": "1707000000", "interestAndDebtExpense": "357000000", "netIncomeFromContinuingOperations": "-80000000", "comprehensiveIncomeNetOfTax": "-92000000", "ebit": "1979000000", "ebitda": "4479000000", "netIncome": "-85000000"}, {"fiscalDateEnding": "2020-03-31", "reportedCurrency": "USD", "grossProfit": "7119000000", "totalRevenue": "10781000000", "costOfRevenue": "3662000000", "costofGoodsAndServicesSold": "3662000000", "operatingIncome": "-3871000000", "sellingGeneralAndAdministrative": "1606000000", "researchAndDevelopment": "2372000000", "operatingExpenses": "6697000000", "investmentIncomeNet": "61000000", "netInterestIncome": "-362000000", "interestIncome": "-523000000", "interestExpense": "362000000", "nonInterestIncome": "0", "otherNonOperatingIncome": "-1163000000", "depreciation": "170000000", "depreciationAndAmortization": "2300000000", "incomeBeforeTax": "-313000000", "incomeTaxExpense": "462000000", "interestAndDebtExpense": "362000000", "netIncomeFromContinuingOperations": "-766000000", "comprehensiveIncomeNetOfTax": "-804000000", "ebit": "49000000", "ebitda": "2349000000", "netIncome": "-775000000"}, {"fiscalDateEnding": "2019-12-31", "reportedCurrency": "USD", "grossProfit": "5453000000", "totalRevenue": "7945000000", "costOfRevenue": "2492000000", "costofGoodsAndServicesSold": "2492000000", "operatingIncome": "5453000000", "sellingGeneralAndAdministrative": "1734000000", "researchAndDevelopment": "2097000000", "operatingExpenses": "5706000000", "investmentIncomeNet": "116000000", "netInterestIncome": "-279000000", "interestIncome": "-411000000", "interestExpense": "279000000", "nonInterestIncome": "0", "otherNonOperatingIncome": "-689000000", "depreciation": "153000000", "depreciationAndAmortization": "1099000000", "incomeBeforeTax": "-125000000", "incomeTaxExpense": "931000000", "interestAndDebtExpense": "279000000", "netIncomeFromContinuingOperations": "5453000000", "comprehensiveIncomeNetOfTax": "-1113000000", "ebit": "154000000", "ebitda": "1253000000", "netIncome": "-1056000000"}, {"fiscalDateEnding": "2019-09-30", "reportedCurrency": "USD", "grossProfit": "4217000000", "totalRevenue": "6007000000", "costOfRevenue": "1790000000", "costofGoodsAndServicesSold": "1790000000", "operatingIncome": "3376000000", "sellingGeneralAndAdministrative": "1055000000", "researchAndDevelopment": "1378000000", "operatingExpenses": "1101000000", "investmentIncomeNet": "173000000", "netInterestIncome": "-209000000", "interestIncome": "-260000000", "interestExpense": "209000000", "nonInterestIncome": "0", "otherNonOperatingIncome": "-410000000", "depreciation": "135000000", "depreciationAndAmortization": "52000000", "incomeBeforeTax": "1336000000", "incomeTaxExpense": "-17000000", "interestAndDebtExpense": "209000000", "netIncomeFromContinuingOperations": "1366000000", "comprehensiveIncomeNetOfTax": "2511000000", "ebit": "1545000000", "ebitda": "1597000000", "netIncome": "1353000000"}, {"fiscalDateEnding": "2019-06-30", "reportedCurrency": "USD", "grossProfit": "4301000000", "totalRevenue": "6273000000", "costOfRevenue": "1972000000", "costofGoodsAndServicesSold": "1972000000", "operatingIncome": "-169000000", "sellingGeneralAndAdministrative": "1076000000", "researchAndDevelopment": "1325000000", "operatingExpenses": "2889000000", "investmentIncomeNet": "119000000", "netInterestIncome": "-123000000", "interestIncome": "-127000000", "interestExpense": "123000000", "nonInterestIncome": "0", "otherNonOperatingIncome": "-100000000", "depreciation": "133000000", "depreciationAndAmortization": "51000000", "incomeBeforeTax": "1769000000", "incomeTaxExpense": "337000000", "interestAndDebtExpense": "123000000", "netIncomeFromContinuingOperations": "1439000000", "comprehensiveIncomeNetOfTax": "1455000000", "ebit": "1892000000", "ebitda": "1943000000", "netIncome": "1432000000"}, {"fiscalDateEnding": "2019-03-31", "reportedCurrency": "USD", "grossProfit": "4096000000", "totalRevenue": "5920000000", "costOfRevenue": "1824000000", "costofGoodsAndServicesSold": "1824000000", "operatingIncome": "118000000", "sellingGeneralAndAdministrative": "1006000000", "researchAndDevelopment": "1348000000", "operatingExpenses": "2655000000", "investmentIncomeNet": "56000000", "netInterestIncome": "-45000000", "interestIncome": "179000000", "interestExpense": "45000000", "nonInterestIncome": "14000000", "otherNonOperatingIncome": "261000000", "depreciation": "133000000", "depreciationAndAmortization": "53000000", "incomeBeforeTax": "1974000000", "incomeTaxExpense": "264000000", "interestAndDebtExpense": "45000000", "netIncomeFromContinuingOperations": "1715000000", "comprehensiveIncomeNetOfTax": "1828000000", "ebit": "2019000000", "ebitda": "2072000000", "netIncome": "1710000000"}, {"fiscalDateEnding": "2018-12-31", "reportedCurrency": "USD", "grossProfit": "4303000000", "totalRevenue": "5973000000", "costOfRevenue": "1670000000", "costofGoodsAndServicesSold": "1610000000", "operatingIncome": "4283000000", "sellingGeneralAndAdministrative": "1336000000", "researchAndDevelopment": "1367000000", "operatingExpenses": "2862000000", "investmentIncomeNet": "55000000", "netInterestIncome": "-48000000", "interestIncome": "None", "interestExpense": "48000000", "nonInterestIncome": "None", "otherNonOperatingIncome": "-58000000", "depreciation": "139000000", "depreciationAndAmortization": "51000000", "incomeBeforeTax": "1507000000", "incomeTaxExpense": "347000000", "interestAndDebtExpense": "48000000", "netIncomeFromContinuingOperations": "4283000000", "comprehensiveIncomeNetOfTax": "1007000000", "ebit": "1555000000", "ebitda": "1606000000", "netIncome": "1160000000"}, {"fiscalDateEnding": "2018-09-30", "reportedCurrency": "USD", "grossProfit": "4063000000", "totalRevenue": "5691000000", "costOfRevenue": "1628000000", "costofGoodsAndServicesSold": "1648000000", "operatingIncome": "410000000", "sellingGeneralAndAdministrative": "1104000000", "researchAndDevelopment": "1280000000", "operatingExpenses": "2440000000", "investmentIncomeNet": "44000000", "netInterestIncome": "-44000000", "interestIncome": "None", "interestExpense": "44000000", "nonInterestIncome": "None", "otherNonOperatingIncome": "508000000", "depreciation": "127000000", "depreciationAndAmortization": "54000000", "incomeBeforeTax": "2156000000", "incomeTaxExpense": "255000000", "interestAndDebtExpense": "44000000", "netIncomeFromContinuingOperations": "1934000000", "comprehensiveIncomeNetOfTax": "1909000000", "ebit": "2200000000", "ebitda": "2254000000", "netIncome": "1901000000"}, {"fiscalDateEnding": "2018-06-30", "reportedCurrency": "USD", "grossProfit": "4099000000", "totalRevenue": "5704000000", "costOfRevenue": "1605000000", "costofGoodsAndServicesSold": "1625000000", "operatingIncome": "-736000000", "sellingGeneralAndAdministrative": "1131000000", "researchAndDevelopment": "2435000000", "operatingExpenses": "3602000000", "investmentIncomeNet": "38000000", "netInterestIncome": "-45000000", "interestIncome": "None", "interestExpense": "45000000", "nonInterestIncome": "0", "otherNonOperatingIncome": "4000000", "depreciation": "126000000", "depreciationAndAmortization": "47000000", "incomeBeforeTax": "508000000", "incomeTaxExpense": "135000000", "interestAndDebtExpense": "45000000", "netIncomeFromContinuingOperations": "409000000", "comprehensiveIncomeNetOfTax": "273000000", "ebit": "553000000", "ebitda": "600000000", "netIncome": "373000000"}, {"fiscalDateEnding": "2018-03-31", "reportedCurrency": "USD", "grossProfit": "3629000000", "totalRevenue": "5193000000", "costOfRevenue": "1564000000", "costofGoodsAndServicesSold": "1584000000", "operatingIncome": "93000000", "sellingGeneralAndAdministrative": "980000000", "researchAndDevelopment": "1250000000", "operatingExpenses": "2360000000", "investmentIncomeNet": "36000000", "netInterestIncome": "-46000000", "interestIncome": "None", "interestExpense": "46000000", "nonInterestIncome": "0", "otherNonOperatingIncome": "400000000", "depreciation": "113000000", "depreciationAndAmortization": "46000000", "incomeBeforeTax": "1770000000", "incomeTaxExpense": "284000000", "interestAndDebtExpense": "46000000", "netIncomeFromContinuingOperations": "1519000000", "comprehensiveIncomeNetOfTax": "1575000000", "ebit": "1816000000", "ebitda": "1862000000", "netIncome": "1486000000"}, {"fiscalDateEnding": "2017-12-31", "reportedCurrency": "USD", "grossProfit": "3768000000", "totalRevenue": "5449000000", "costOfRevenue": "1681000000", "costofGoodsAndServicesSold": "1621000000", "operatingIncome": "3776000000", "sellingGeneralAndAdministrative": "1316000000", "researchAndDevelopment": "1925000000", "operatingExpenses": "3453000000", "investmentIncomeNet": "50000000", "netInterestIncome": "-51000000", "interestIncome": "None", "interestExpense": "51000000", "nonInterestIncome": "0", "otherNonOperatingIncome": "188000000", "depreciation": "173000000", "depreciationAndAmortization": "48000000", "incomeBeforeTax": "699000000", "incomeTaxExpense": "3027000000", "interestAndDebtExpense": "51000000", "netIncomeFromContinuingOperations": "3776000000", "comprehensiveIncomeNetOfTax": "-2196000000", "ebit": "750000000", "ebitda": "798000000", "netIncome": "-2328000000"}, {"fiscalDateEnding": "2017-09-30", "reportedCurrency": "USD", "grossProfit": "3675000000", "totalRevenue": "5254000000", "costOfRevenue": "1579000000", "costofGoodsAndServicesSold": "1572000000", "operatingIncome": "-261000000", "sellingGeneralAndAdministrative": "1163000000", "researchAndDevelopment": "1561000000", "operatingExpenses": "2719000000", "investmentIncomeNet": "37000000", "netInterestIncome": "-48000000", "interestIncome": "None", "interestExpense": "48000000", "nonInterestIncome": "0", "otherNonOperatingIncome": "232000000", "depreciation": "160000000", "depreciationAndAmortization": "48000000", "incomeBeforeTax": "1172000000", "incomeTaxExpense": "327000000", "interestAndDebtExpense": "48000000", "netIncomeFromContinuingOperations": "877000000", "comprehensiveIncomeNetOfTax": "891000000", "ebit": "1220000000", "ebitda": "1268000000", "netIncome": "845000000"}, {"fiscalDateEnding": "2017-06-30", "reportedCurrency": "USD", "grossProfit": "3575000000", "totalRevenue": "5144000000", "costOfRevenue": "1569000000", "costofGoodsAndServicesSold": "1562000000", "operatingIncome": "-879000000", "sellingGeneralAndAdministrative": "1187000000", "researchAndDevelopment": "1679000000", "operatingExpenses": "2977000000", "investmentIncomeNet": "34000000", "netInterestIncome": "-52000000", "interestIncome": "None", "interestExpense": "52000000", "nonInterestIncome": "-109000000", "otherNonOperatingIncome": "586000000", "depreciation": "183000000", "depreciationAndAmortization": "47000000", "incomeBeforeTax": "1289000000", "incomeTaxExpense": "373000000", "interestAndDebtExpense": "161000000", "netIncomeFromContinuingOperations": "942000000", "comprehensiveIncomeNetOfTax": "863000000", "ebit": "1341000000", "ebitda": "1388000000", "netIncome": "916000000"}, {"fiscalDateEnding": "2017-03-31", "reportedCurrency": "USD", "grossProfit": "3664000000", "totalRevenue": "4929000000", "costOfRevenue": "1265000000", "costofGoodsAndServicesSold": "1259000000", "operatingIncome": "247000000", "sellingGeneralAndAdministrative": "1085000000", "researchAndDevelopment": "1303000000", "operatingExpenses": "2091000000", "investmentIncomeNet": "33000000", "netInterestIncome": "-45000000", "interestIncome": "None", "interestExpense": "45000000", "nonInterestIncome": "0", "otherNonOperatingIncome": "679000000", "depreciation": "166000000", "depreciationAndAmortization": "47000000", "incomeBeforeTax": "2003000000", "incomeTaxExpense": "429000000", "interestAndDebtExpense": "45000000", "netIncomeFromContinuingOperations": "1544000000", "comprehensiveIncomeNetOfTax": "1663000000", "ebit": "2048000000", "ebitda": "2095000000", "netIncome": "1574000000"}, {"fiscalDateEnding": "2016-12-31", "reportedCurrency": "USD", "grossProfit": "3860000000", "totalRevenue": "5370000000", "costOfRevenue": "2964000000", "costofGoodsAndServicesSold": "1406000000", "operatingIncome": "3860000000", "sellingGeneralAndAdministrative": "1529000000", "researchAndDevelopment": "1472000000", "operatingExpenses": "2910000000", "investmentIncomeNet": "24000000", "netInterestIncome": "-40000000", "interestIncome": "None", "interestExpense": "40000000", "nonInterestIncome": "None", "otherNonOperatingIncome": "250000000", "depreciation": "129000000", "depreciationAndAmortization": "44000000", "incomeBeforeTax": "1082000000", "incomeTaxExpense": "188000000", "interestAndDebtExpense": "40000000", "netIncomeFromContinuingOperations": "3860000000", "comprehensiveIncomeNetOfTax": "1126000000", "ebit": "1122000000", "ebitda": "1166000000", "netIncome": "894000000"}]}