{"symbol": "BR", "annualReports": [{"fiscalDateEnding": "2021-06-30", "reportedCurrency": "USD", "grossProfit": "1423000000", "totalRevenue": "4936200000", "costOfRevenue": "4533300000", "costofGoodsAndServicesSold": "3570800000", "operatingIncome": "678700000", "sellingGeneralAndAdministrative": "744300000", "researchAndDevelopment": "None", "operatingExpenses": "962500000", "investmentIncomeNet": "2200000", "netInterestIncome": "-57500000", "interestIncome": "2200000", "interestExpense": "57500000", "nonInterestIncome": "4993700000", "otherNonOperatingIncome": "72700000", "depreciation": "None", "depreciationAndAmortization": "186800000", "incomeBeforeTax": "696200000", "incomeTaxExpense": "148700000", "interestAndDebtExpense": "57500000", "netIncomeFromContinuingOperations": "604900000", "comprehensiveIncomeNetOfTax": "657200000", "ebit": "678700000", "ebitda": "940500000", "netIncome": "547500000"}, {"fiscalDateEnding": "2020-06-30", "reportedCurrency": "USD", "grossProfit": "1263900000", "totalRevenue": "4466500000", "costOfRevenue": "4086700000", "costofGoodsAndServicesSold": "3265100000", "operatingIncome": "624900000", "sellingGeneralAndAdministrative": "639000000", "researchAndDevelopment": "None", "operatingExpenses": "821600000", "investmentIncomeNet": "3700000", "netInterestIncome": "-62500000", "interestIncome": "-58800000", "interestExpense": "62500000", "nonInterestIncome": "4529000000", "otherNonOperatingIncome": "13400000", "depreciation": "None", "depreciationAndAmortization": "152200000", "incomeBeforeTax": "579500000", "incomeTaxExpense": "117000000", "interestAndDebtExpense": "62500000", "netIncomeFromContinuingOperations": "498200000", "comprehensiveIncomeNetOfTax": "433300000", "ebit": "624900000", "ebitda": "794200000", "netIncome": "462500000"}, {"fiscalDateEnding": "2019-06-30", "reportedCurrency": "USD", "grossProfit": "1230200000", "totalRevenue": "4316300000", "costOfRevenue": "3822000000", "costofGoodsAndServicesSold": "3131900000", "operatingIncome": "652700000", "sellingGeneralAndAdministrative": "577500000", "researchAndDevelopment": "None", "operatingExpenses": "690100000", "investmentIncomeNet": "4200000", "netInterestIncome": "-45900000", "interestIncome": "4200000", "interestExpense": "45900000", "nonInterestIncome": "4362200000", "otherNonOperatingIncome": "3700000", "depreciation": "None", "depreciationAndAmortization": "112600000", "incomeBeforeTax": "607300000", "incomeTaxExpense": "125200000", "interestAndDebtExpense": "45900000", "netIncomeFromContinuingOperations": "482100000", "comprehensiveIncomeNetOfTax": "464300000", "ebit": "652700000", "ebitda": "765800000", "netIncome": "482100000"}, {"fiscalDateEnding": "2018-06-30", "reportedCurrency": "USD", "grossProfit": "1162500000", "totalRevenue": "4332100000", "costOfRevenue": "3169600000", "costofGoodsAndServicesSold": "3167400000", "operatingIncome": "598100000", "sellingGeneralAndAdministrative": "564500000", "researchAndDevelopment": "None", "operatingExpenses": "671400000", "investmentIncomeNet": "3800000", "netInterestIncome": "-42400000", "interestIncome": "3800000", "interestExpense": "42400000", "nonInterestIncome": "4331900000", "otherNonOperatingIncome": "-1500000", "depreciation": "None", "depreciationAndAmortization": "106000000", "incomeBeforeTax": "561000000", "incomeTaxExpense": "133100000", "interestAndDebtExpense": "42400000", "netIncomeFromContinuingOperations": "427900000", "comprehensiveIncomeNetOfTax": "431900000", "ebit": "598100000", "ebitda": "709400000", "netIncome": "427900000"}, {"fiscalDateEnding": "2017-06-30", "reportedCurrency": "USD", "grossProfit": "1033000000", "totalRevenue": "4142600000", "costOfRevenue": "3109600000", "costofGoodsAndServicesSold": "3107900000", "operatingIncome": "531600000", "sellingGeneralAndAdministrative": "500700000", "researchAndDevelopment": "None", "operatingExpenses": "594100000", "investmentIncomeNet": "2000000", "netInterestIncome": "-44700000", "interestIncome": "2000000", "interestExpense": "44700000", "nonInterestIncome": "-4800000", "otherNonOperatingIncome": "3200000", "depreciation": "None", "depreciationAndAmortization": "92700000", "incomeBeforeTax": "488200000", "incomeTaxExpense": "161400000", "interestAndDebtExpense": "44700000", "netIncomeFromContinuingOperations": "326700000", "comprehensiveIncomeNetOfTax": "309200000", "ebit": "531600000", "ebitda": "625600000", "netIncome": "326800000"}], "quarterlyReports": [{"fiscalDateEnding": "2021-09-30", "reportedCurrency": "USD", "grossProfit": "-11700000", "totalRevenue": "1169900000", "costOfRevenue": "1181600000", "costofGoodsAndServicesSold": "914100000", "operatingIncome": "103300000", "sellingGeneralAndAdministrative": "175500000", "researchAndDevelopment": "None", "operatingExpenses": "267500000", "investmentIncomeNet": "300000", "netInterestIncome": "-23000000", "interestIncome": "-22600000", "interestExpense": "23000000", "nonInterestIncome": "1192900000", "otherNonOperatingIncome": "-2400000", "depreciation": "None", "depreciationAndAmortization": "92000000", "incomeBeforeTax": "78200000", "incomeTaxExpense": "11000000", "interestAndDebtExpense": "23000000", "netIncomeFromContinuingOperations": "90200000", "comprehensiveIncomeNetOfTax": "-2900000", "ebit": "103300000", "ebitda": "193200000", "netIncome": "67200000"}, {"fiscalDateEnding": "2021-06-30", "reportedCurrency": "USD", "grossProfit": "514900000", "totalRevenue": "1531600000", "costOfRevenue": "1336900000", "costofGoodsAndServicesSold": "1016700000", "operatingIncome": "281400000", "sellingGeneralAndAdministrative": "233500000", "researchAndDevelopment": "None", "operatingExpenses": "320200000", "investmentIncomeNet": "300000", "netInterestIncome": "-18300000", "interestIncome": "300000", "interestExpense": "18300000", "nonInterestIncome": "1531600000", "otherNonOperatingIncome": "72800000", "depreciation": "None", "depreciationAndAmortization": "90000000", "incomeBeforeTax": "336400000", "incomeTaxExpense": "76000000", "interestAndDebtExpense": "18300000", "netIncomeFromContinuingOperations": "281400000", "comprehensiveIncomeNetOfTax": "293700000", "ebit": "281400000", "ebitda": "444700000", "netIncome": "260400000"}, {"fiscalDateEnding": "2021-03-31", "reportedCurrency": "USD", "grossProfit": "429200000", "totalRevenue": "1377800000", "costOfRevenue": "1150500000", "costofGoodsAndServicesSold": "960500000", "operatingIncome": "239200000", "sellingGeneralAndAdministrative": "190000000", "researchAndDevelopment": "None", "operatingExpenses": "190000000", "investmentIncomeNet": "300000", "netInterestIncome": "-12000000", "interestIncome": "300000", "interestExpense": "12000000", "nonInterestIncome": "1389800000", "otherNonOperatingIncome": "-10600000", "depreciation": "None", "depreciationAndAmortization": "31900000", "incomeBeforeTax": "216900000", "incomeTaxExpense": "51900000", "interestAndDebtExpense": "12000000", "netIncomeFromContinuingOperations": "177000000", "comprehensiveIncomeNetOfTax": "198100000", "ebit": "239200000", "ebitda": "260800000", "netIncome": "165000000"}, {"fiscalDateEnding": "2020-12-31", "reportedCurrency": "USD", "grossProfit": "248500000", "totalRevenue": "1042800000", "costOfRevenue": "975500000", "costofGoodsAndServicesSold": "806500000", "operatingIncome": "79500000", "sellingGeneralAndAdministrative": "169000000", "researchAndDevelopment": "None", "operatingExpenses": "169000000", "investmentIncomeNet": "1000000", "netInterestIncome": "-12100000", "interestIncome": "-11100000", "interestExpense": "12100000", "nonInterestIncome": "1054900000", "otherNonOperatingIncome": "1000000", "depreciation": "None", "depreciationAndAmortization": "32600000", "incomeBeforeTax": "69400000", "incomeTaxExpense": "13100000", "interestAndDebtExpense": "12100000", "netIncomeFromContinuingOperations": "68400000", "comprehensiveIncomeNetOfTax": "62000000", "ebit": "79500000", "ebitda": "114100000", "netIncome": "56300000"}, {"fiscalDateEnding": "2020-09-30", "reportedCurrency": "USD", "grossProfit": "230300000", "totalRevenue": "1002400000", "costOfRevenue": "1002800000", "costofGoodsAndServicesSold": "787100000", "operatingIncome": "78600000", "sellingGeneralAndAdministrative": "151700000", "researchAndDevelopment": "None", "operatingExpenses": "215700000", "investmentIncomeNet": "600000", "netInterestIncome": "-15000000", "interestIncome": "-14400000", "interestExpense": "15000000", "nonInterestIncome": "1017400000", "otherNonOperatingIncome": "9500000", "depreciation": "None", "depreciationAndAmortization": "32300000", "incomeBeforeTax": "73600000", "incomeTaxExpense": "7800000", "interestAndDebtExpense": "15000000", "netIncomeFromContinuingOperations": "80900000", "comprehensiveIncomeNetOfTax": "103400000", "ebit": "78600000", "ebitda": "120900000", "netIncome": "65800000"}, {"fiscalDateEnding": "2020-06-30", "reportedCurrency": "USD", "grossProfit": "477700000", "totalRevenue": "1361900000", "costOfRevenue": "1122700000", "costofGoodsAndServicesSold": "884200000", "operatingIncome": "298800000", "sellingGeneralAndAdministrative": "178900000", "researchAndDevelopment": "None", "operatingExpenses": "238500000", "investmentIncomeNet": "500000", "netInterestIncome": "-16200000", "interestIncome": "-15600000", "interestExpense": "16200000", "nonInterestIncome": "1361900000", "otherNonOperatingIncome": "-15200000", "depreciation": "None", "depreciationAndAmortization": "61300000", "incomeBeforeTax": "294700000", "incomeTaxExpense": "65000000", "interestAndDebtExpense": "16200000", "netIncomeFromContinuingOperations": "298800000", "comprehensiveIncomeNetOfTax": "196500000", "ebit": "298800000", "ebitda": "372200000", "netIncome": "229700000"}, {"fiscalDateEnding": "2020-03-31", "reportedCurrency": "USD", "grossProfit": "377400000", "totalRevenue": "1233200000", "costOfRevenue": "1023600000", "costofGoodsAndServicesSold": "872500000", "operatingIncome": "226300000", "sellingGeneralAndAdministrative": "151100000", "researchAndDevelopment": "None", "operatingExpenses": "151100000", "investmentIncomeNet": "500000", "netInterestIncome": "-16700000", "interestIncome": "500000", "interestExpense": "16700000", "nonInterestIncome": "1249900000", "otherNonOperatingIncome": "400000", "depreciation": "None", "depreciationAndAmortization": "32500000", "incomeBeforeTax": "210400000", "incomeTaxExpense": "43600000", "interestAndDebtExpense": "16700000", "netIncomeFromContinuingOperations": "166900000", "comprehensiveIncomeNetOfTax": "167300000", "ebit": "226300000", "ebitda": "259600000", "netIncome": "166800000"}, {"fiscalDateEnding": "2019-12-31", "reportedCurrency": "USD", "grossProfit": "187700000", "totalRevenue": "953200000", "costOfRevenue": "941900000", "costofGoodsAndServicesSold": "780900000", "operatingIncome": "26800000", "sellingGeneralAndAdministrative": "161000000", "researchAndDevelopment": "None", "operatingExpenses": "161000000", "investmentIncomeNet": "1600000", "netInterestIncome": "-15500000", "interestIncome": "1600000", "interestExpense": "15500000", "nonInterestIncome": "968700000", "otherNonOperatingIncome": "-2400000", "depreciation": "None", "depreciationAndAmortization": "30300000", "incomeBeforeTax": "10500000", "incomeTaxExpense": "400000", "interestAndDebtExpense": "15500000", "netIncomeFromContinuingOperations": "10100000", "comprehensiveIncomeNetOfTax": "21900000", "ebit": "26800000", "ebitda": "56300000", "netIncome": "10100000"}, {"fiscalDateEnding": "2019-09-30", "reportedCurrency": "USD", "grossProfit": "221100000", "totalRevenue": "934400000", "costOfRevenue": "903600000", "costofGoodsAndServicesSold": "727500000", "operatingIncome": "73100000", "sellingGeneralAndAdministrative": "148000000", "researchAndDevelopment": "None", "operatingExpenses": "176100000", "investmentIncomeNet": "1000000", "netInterestIncome": "-14200000", "interestIncome": "1000000", "interestExpense": "14200000", "nonInterestIncome": "948600000", "otherNonOperatingIncome": "3800000", "depreciation": "None", "depreciationAndAmortization": "28100000", "incomeBeforeTax": "63800000", "incomeTaxExpense": "7900000", "interestAndDebtExpense": "14200000", "netIncomeFromContinuingOperations": "55900000", "comprehensiveIncomeNetOfTax": "47600000", "ebit": "73100000", "ebitda": "106100000", "netIncome": "55900000"}, {"fiscalDateEnding": "2019-06-30", "reportedCurrency": "USD", "grossProfit": "399600000", "totalRevenue": "1211200000", "costOfRevenue": "1018700000", "costofGoodsAndServicesSold": "811600000", "operatingIncome": "240800000", "sellingGeneralAndAdministrative": "158800000", "researchAndDevelopment": "None", "operatingExpenses": "207100000", "investmentIncomeNet": "1300000", "netInterestIncome": "-12600000", "interestIncome": "1300000", "interestExpense": "12600000", "nonInterestIncome": "1211200000", "otherNonOperatingIncome": "8000000", "depreciation": "None", "depreciationAndAmortization": "48300000", "incomeBeforeTax": "230000000", "incomeTaxExpense": "46800000", "interestAndDebtExpense": "12600000", "netIncomeFromContinuingOperations": "230000000", "comprehensiveIncomeNetOfTax": "176200000", "ebit": "240800000", "ebitda": "290900000", "netIncome": "183200000"}, {"fiscalDateEnding": "2019-03-31", "reportedCurrency": "USD", "grossProfit": "377500000", "totalRevenue": "1212700000", "costOfRevenue": "991200000", "costofGoodsAndServicesSold": "847300000", "operatingIncome": "233600000", "sellingGeneralAndAdministrative": "143900000", "researchAndDevelopment": "None", "operatingExpenses": "143900000", "investmentIncomeNet": "1700000", "netInterestIncome": "-11700000", "interestIncome": "-11500000", "interestExpense": "11700000", "nonInterestIncome": "1224400000", "otherNonOperatingIncome": "0", "depreciation": "None", "depreciationAndAmortization": "21100000", "incomeBeforeTax": "223600000", "incomeTaxExpense": "51400000", "interestAndDebtExpense": "11700000", "netIncomeFromContinuingOperations": "172200000", "comprehensiveIncomeNetOfTax": "177200000", "ebit": "233600000", "ebitda": "256400000", "netIncome": "172200000"}, {"fiscalDateEnding": "2018-12-31", "reportedCurrency": "USD", "grossProfit": "219400000", "totalRevenue": "942000000", "costOfRevenue": "875200000", "costofGoodsAndServicesSold": "734000000", "operatingIncome": "78200000", "sellingGeneralAndAdministrative": "141200000", "researchAndDevelopment": "None", "operatingExpenses": "141200000", "investmentIncomeNet": "600000", "netInterestIncome": "-11300000", "interestIncome": "None", "interestExpense": "11300000", "nonInterestIncome": "953300000", "otherNonOperatingIncome": "-3200000", "depreciation": "None", "depreciationAndAmortization": "21300000", "incomeBeforeTax": "64300000", "incomeTaxExpense": "14400000", "interestAndDebtExpense": "11300000", "netIncomeFromContinuingOperations": "49900000", "comprehensiveIncomeNetOfTax": "44200000", "ebit": "78200000", "ebitda": "96900000", "netIncome": "49900000"}, {"fiscalDateEnding": "2018-09-30", "reportedCurrency": "USD", "grossProfit": "233800000", "totalRevenue": "963000000", "costOfRevenue": "894600000", "costofGoodsAndServicesSold": "739000000", "operatingIncome": "100100000", "sellingGeneralAndAdministrative": "133700000", "researchAndDevelopment": "None", "operatingExpenses": "155600000", "investmentIncomeNet": "600000", "netInterestIncome": "-10200000", "interestIncome": "None", "interestExpense": "10200000", "nonInterestIncome": "973200000", "otherNonOperatingIncome": "-1200000", "depreciation": "None", "depreciationAndAmortization": "21900000", "incomeBeforeTax": "89300000", "incomeTaxExpense": "12600000", "interestAndDebtExpense": "10200000", "netIncomeFromContinuingOperations": "76700000", "comprehensiveIncomeNetOfTax": "66700000", "ebit": "100100000", "ebitda": "121400000", "netIncome": "76700000"}, {"fiscalDateEnding": "2018-06-30", "reportedCurrency": "USD", "grossProfit": "450900000", "totalRevenue": "1321000000", "costOfRevenue": "870100000", "costofGoodsAndServicesSold": "869600000", "operatingIncome": "266200000", "sellingGeneralAndAdministrative": "184700000", "researchAndDevelopment": "None", "operatingExpenses": "231500000", "investmentIncomeNet": "1100000", "netInterestIncome": "-11100000", "interestIncome": "None", "interestExpense": "11100000", "nonInterestIncome": "1320400000", "otherNonOperatingIncome": "-1200000", "depreciation": "None", "depreciationAndAmortization": "46600000", "incomeBeforeTax": "258000000", "incomeTaxExpense": "51200000", "interestAndDebtExpense": "11100000", "netIncomeFromContinuingOperations": "258000000", "comprehensiveIncomeNetOfTax": "189600000", "ebit": "266200000", "ebitda": "315700000", "netIncome": "206800000"}, {"fiscalDateEnding": "2018-03-31", "reportedCurrency": "USD", "grossProfit": "269300000", "totalRevenue": "1071900000", "costOfRevenue": "803100000", "costofGoodsAndServicesSold": "802500000", "operatingIncome": "130800000", "sellingGeneralAndAdministrative": "138600000", "researchAndDevelopment": "None", "operatingExpenses": "138800000", "investmentIncomeNet": "1500000", "netInterestIncome": "-10500000", "interestIncome": "None", "interestExpense": "10500000", "nonInterestIncome": "-200000", "otherNonOperatingIncome": "3400000", "depreciation": "None", "depreciationAndAmortization": "20200000", "incomeBeforeTax": "125300000", "incomeTaxExpense": "16200000", "interestAndDebtExpense": "10500000", "netIncomeFromContinuingOperations": "109000000", "comprehensiveIncomeNetOfTax": "112900000", "ebit": "130800000", "ebitda": "156000000", "netIncome": "109100000"}, {"fiscalDateEnding": "2017-12-31", "reportedCurrency": "USD", "grossProfit": "243500000", "totalRevenue": "1012800000", "costOfRevenue": "769800000", "costofGoodsAndServicesSold": "769300000", "operatingIncome": "115900000", "sellingGeneralAndAdministrative": "127700000", "researchAndDevelopment": "None", "operatingExpenses": "127900000", "investmentIncomeNet": "600000", "netInterestIncome": "-10800000", "interestIncome": "None", "interestExpense": "10800000", "nonInterestIncome": "0", "otherNonOperatingIncome": "-2200000", "depreciation": "None", "depreciationAndAmortization": "19800000", "incomeBeforeTax": "103500000", "incomeTaxExpense": "41400000", "interestAndDebtExpense": "10800000", "netIncomeFromContinuingOperations": "62100000", "comprehensiveIncomeNetOfTax": "60700000", "ebit": "115900000", "ebitda": "134100000", "netIncome": "62100000"}, {"fiscalDateEnding": "2017-09-30", "reportedCurrency": "USD", "grossProfit": "198800000", "totalRevenue": "924800000", "costOfRevenue": "726600000", "costofGoodsAndServicesSold": "726000000", "operatingIncome": "85200000", "sellingGeneralAndAdministrative": "113500000", "researchAndDevelopment": "None", "operatingExpenses": "133200000", "investmentIncomeNet": "600000", "netInterestIncome": "-10000000", "interestIncome": "None", "interestExpense": "10000000", "nonInterestIncome": "300000", "otherNonOperatingIncome": "-1500000", "depreciation": "None", "depreciationAndAmortization": "19400000", "incomeBeforeTax": "74300000", "incomeTaxExpense": "24400000", "interestAndDebtExpense": "10000000", "netIncomeFromContinuingOperations": "49900000", "comprehensiveIncomeNetOfTax": "68700000", "ebit": "85200000", "ebitda": "103700000", "netIncome": "49900000"}, {"fiscalDateEnding": "2017-06-30", "reportedCurrency": "USD", "grossProfit": "435600000", "totalRevenue": "1345700000", "costOfRevenue": "910100000", "costofGoodsAndServicesSold": "910100000", "operatingIncome": "297000000", "sellingGeneralAndAdministrative": "137900000", "researchAndDevelopment": "None", "operatingExpenses": "178500000", "investmentIncomeNet": "500000", "netInterestIncome": "-11300000", "interestIncome": "None", "interestExpense": "11300000", "nonInterestIncome": "1345700000", "otherNonOperatingIncome": "2400000", "depreciation": "None", "depreciationAndAmortization": "39900000", "incomeBeforeTax": "284700000", "incomeTaxExpense": "97600000", "interestAndDebtExpense": "11300000", "netIncomeFromContinuingOperations": "284700000", "comprehensiveIncomeNetOfTax": "191800000", "ebit": "297000000", "ebitda": "335900000", "netIncome": "187100000"}, {"fiscalDateEnding": "2017-03-31", "reportedCurrency": "USD", "grossProfit": "235200000", "totalRevenue": "1008900000", "costOfRevenue": "773700000", "costofGoodsAndServicesSold": "773700000", "operatingIncome": "109700000", "sellingGeneralAndAdministrative": "125500000", "researchAndDevelopment": "None", "operatingExpenses": "125500000", "investmentIncomeNet": "900000", "netInterestIncome": "-11700000", "interestIncome": "None", "interestExpense": "11700000", "nonInterestIncome": "-400000", "otherNonOperatingIncome": "7400000", "depreciation": "None", "depreciationAndAmortization": "19700000", "incomeBeforeTax": "106300000", "incomeTaxExpense": "30400000", "interestAndDebtExpense": "11700000", "netIncomeFromContinuingOperations": "75900000", "comprehensiveIncomeNetOfTax": "76300000", "ebit": "109700000", "ebitda": "137700000", "netIncome": "75900000"}, {"fiscalDateEnding": "2016-12-31", "reportedCurrency": "USD", "grossProfit": "184900000", "totalRevenue": "892600000", "costOfRevenue": "707800000", "costofGoodsAndServicesSold": "707800000", "operatingIncome": "58800000", "sellingGeneralAndAdministrative": "126000000", "researchAndDevelopment": "None", "operatingExpenses": "126000000", "investmentIncomeNet": "300000", "netInterestIncome": "-11000000", "interestIncome": "None", "interestExpense": "11000000", "nonInterestIncome": "-600000", "otherNonOperatingIncome": "-2500000", "depreciation": "None", "depreciationAndAmortization": "20300000", "incomeBeforeTax": "45700000", "incomeTaxExpense": "15600000", "interestAndDebtExpense": "11000000", "netIncomeFromContinuingOperations": "30100000", "comprehensiveIncomeNetOfTax": "18100000", "ebit": "58800000", "ebitda": "77000000", "netIncome": "30100000"}]}