{"symbol": "BRK-B", "annualReports": [{"fiscalDateEnding": "2020-12-31", "reportedCurrency": "USD", "grossProfit": "234023000000", "totalRevenue": "245510000000", "costOfRevenue": "11487000000", "costofGoodsAndServicesSold": "116249000000", "operatingIncome": "222713000000", "sellingGeneralAndAdministrative": "3520000000", "researchAndDevelopment": "None", "operatingExpenses": "11310000000", "investmentIncomeNet": "None", "netInterestIncome": "-4083000000", "interestIncome": "8092000000", "interestExpense": "4083000000", "nonInterestIncome": "152697000000", "otherNonOperatingIncome": "41472000000", "depreciation": "8119000000", "depreciationAndAmortization": "1277000000", "incomeBeforeTax": "54961000000", "incomeTaxExpense": "12440000000", "interestAndDebtExpense": "4083000000", "netIncomeFromContinuingOperations": "43253000000", "comprehensiveIncomeNetOfTax": "43521000000", "ebit": "59044000000", "ebitda": "60321000000", "netIncome": "42521000000"}, {"fiscalDateEnding": "2019-12-31", "reportedCurrency": "USD", "grossProfit": "253299000000", "totalRevenue": "254616000000", "costOfRevenue": "1317000000", "costofGoodsAndServicesSold": "107041000000", "operatingIncome": "251982000000", "sellingGeneralAndAdministrative": "4003000000", "researchAndDevelopment": "None", "operatingExpenses": "1317000000", "investmentIncomeNet": "None", "netInterestIncome": "-3961000000", "interestIncome": "9240000000", "interestExpense": "3961000000", "nonInterestIncome": "179581000000", "otherNonOperatingIncome": "73783000000", "depreciation": "7566000000", "depreciationAndAmortization": "1317000000", "incomeBeforeTax": "102321000000", "incomeTaxExpense": "20904000000", "interestAndDebtExpense": "3961000000", "netIncomeFromContinuingOperations": "81792000000", "comprehensiveIncomeNetOfTax": "81189000000", "ebit": "106282000000", "ebitda": "107599000000", "netIncome": "81417000000"}, {"fiscalDateEnding": "2018-12-31", "reportedCurrency": "USD", "grossProfit": "244795000000", "totalRevenue": "247837000000", "costOfRevenue": "3042000000", "costofGoodsAndServicesSold": "106083000000", "operatingIncome": "241753000000", "sellingGeneralAndAdministrative": "1649000000", "researchAndDevelopment": "None", "operatingExpenses": "3042000000", "investmentIncomeNet": "None", "netInterestIncome": "-3853000000", "interestIncome": "7678000000", "interestExpense": "3853000000", "nonInterestIncome": "175436000000", "otherNonOperatingIncome": "-24622000000", "depreciation": "7284000000", "depreciationAndAmortization": "1393000000", "incomeBeforeTax": "3700000000", "incomeTaxExpense": "-321000000", "interestAndDebtExpense": "3853000000", "netIncomeFromContinuingOperations": "4322000000", "comprehensiveIncomeNetOfTax": "1810000000", "ebit": "7553000000", "ebitda": "8946000000", "netIncome": "4021000000"}, {"fiscalDateEnding": "2017-12-31", "reportedCurrency": "USD", "grossProfit": "239089000000", "totalRevenue": "239933000000", "costOfRevenue": "3048000000", "costofGoodsAndServicesSold": "101748000000", "operatingIncome": "236041000000", "sellingGeneralAndAdministrative": "1579000000", "researchAndDevelopment": "None", "operatingExpenses": "3048000000", "investmentIncomeNet": "None", "netInterestIncome": "-5394000000", "interestIncome": "-1008000000", "interestExpense": "4386000000", "nonInterestIncome": "718000000", "otherNonOperatingIncome": "2938000000", "depreciation": "6968000000", "depreciationAndAmortization": "1469000000", "incomeBeforeTax": "23425000000", "incomeTaxExpense": "-21515000000", "interestAndDebtExpense": "5394000000", "netIncomeFromContinuingOperations": "45353000000", "comprehensiveIncomeNetOfTax": "66213000000", "ebit": "27811000000", "ebitda": "29280000000", "netIncome": "44940000000"}, {"fiscalDateEnding": "2016-12-31", "reportedCurrency": "USD", "grossProfit": "220541000000", "totalRevenue": "215114000000", "costOfRevenue": "3063000000", "costofGoodsAndServicesSold": "3448000000", "operatingIncome": "217478000000", "sellingGeneralAndAdministrative": "1573000000", "researchAndDevelopment": "None", "operatingExpenses": "3063000000", "investmentIncomeNet": "None", "netInterestIncome": "-3497000000", "interestIncome": "244000000", "interestExpense": "3741000000", "nonInterestIncome": "751000000", "otherNonOperatingIncome": "923000000", "depreciation": "6656000000", "depreciationAndAmortization": "1490000000", "incomeBeforeTax": "33314000000", "incomeTaxExpense": "9240000000", "interestAndDebtExpense": "3497000000", "netIncomeFromContinuingOperations": "24427000000", "comprehensiveIncomeNetOfTax": "27390000000", "ebit": "37055000000", "ebitda": "38545000000", "netIncome": "24074000000"}], "quarterlyReports": [{"fiscalDateEnding": "2021-09-30", "reportedCurrency": "USD", "grossProfit": "70583000000", "totalRevenue": "70583000000", "costOfRevenue": "321000000", "costofGoodsAndServicesSold": "33597000000", "operatingIncome": "70583000000", "sellingGeneralAndAdministrative": "6471000000", "researchAndDevelopment": "None", "operatingExpenses": "431000000", "investmentIncomeNet": "None", "netInterestIncome": "-1056000000", "interestIncome": "5298000000", "interestExpense": "286000000", "nonInterestIncome": "49159000000", "otherNonOperatingIncome": "5298000000", "depreciation": "2072000000", "depreciationAndAmortization": "305000000", "incomeBeforeTax": "12184000000", "incomeTaxExpense": "1840000000", "interestAndDebtExpense": "None", "netIncomeFromContinuingOperations": "10644000000", "comprehensiveIncomeNetOfTax": "9729000000", "ebit": "70583000000", "ebitda": "70888000000", "netIncome": "10344000000"}, {"fiscalDateEnding": "2021-06-30", "reportedCurrency": "USD", "grossProfit": "69114000000", "totalRevenue": "69114000000", "costOfRevenue": "340000000", "costofGoodsAndServicesSold": "32963000000", "operatingIncome": "69114000000", "sellingGeneralAndAdministrative": "982000000", "researchAndDevelopment": "None", "operatingExpenses": "509000000", "investmentIncomeNet": "None", "netInterestIncome": "-1076000000", "interestIncome": "1898000000", "interestExpense": "1076000000", "nonInterestIncome": "48475000000", "otherNonOperatingIncome": "27541000000", "depreciation": "2066000000", "depreciationAndAmortization": "318000000", "incomeBeforeTax": "35390000000", "incomeTaxExpense": "7296000000", "interestAndDebtExpense": "None", "netIncomeFromContinuingOperations": "28425000000", "comprehensiveIncomeNetOfTax": "28581000000", "ebit": "69114000000", "ebitda": "69432000000", "netIncome": "28094000000"}, {"fiscalDateEnding": "2021-03-31", "reportedCurrency": "USD", "grossProfit": "64253000000", "totalRevenue": "64599000000", "costOfRevenue": "346000000", "costofGoodsAndServicesSold": "26530000000", "operatingIncome": "63916000000", "sellingGeneralAndAdministrative": "882000000", "researchAndDevelopment": "None", "operatingExpenses": "337000000", "investmentIncomeNet": "None", "netInterestIncome": "-1050000000", "interestIncome": "1851000000", "interestExpense": "1050000000", "nonInterestIncome": "45542000000", "otherNonOperatingIncome": "5951000000", "depreciation": "2072000000", "depreciationAndAmortization": "319000000", "incomeBeforeTax": "14399000000", "incomeTaxExpense": "2688000000", "interestAndDebtExpense": "None", "netIncomeFromContinuingOperations": "11840000000", "comprehensiveIncomeNetOfTax": "11384000000", "ebit": "63916000000", "ebitda": "64235000000", "netIncome": "11711000000"}, {"fiscalDateEnding": "2020-12-31", "reportedCurrency": "USD", "grossProfit": "64381000000", "totalRevenue": "64381000000", "costOfRevenue": "327000000", "costofGoodsAndServicesSold": "83286000000", "operatingIncome": "64381000000", "sellingGeneralAndAdministrative": "915000000", "researchAndDevelopment": "None", "operatingExpenses": "327000000", "investmentIncomeNet": "None", "netInterestIncome": "-1057000000", "interestIncome": "1949000000", "interestExpense": "1057000000", "nonInterestIncome": "44274000000", "otherNonOperatingIncome": "None", "depreciation": "2289000000", "depreciationAndAmortization": "315000000", "incomeBeforeTax": "45108000000", "incomeTaxExpense": "9273000000", "interestAndDebtExpense": "None", "netIncomeFromContinuingOperations": "64381000000", "comprehensiveIncomeNetOfTax": "36782000000", "ebit": "64381000000", "ebitda": "64696000000", "netIncome": "35835000000"}, {"fiscalDateEnding": "2020-09-30", "reportedCurrency": "USD", "grossProfit": "63024000000", "totalRevenue": "63024000000", "costOfRevenue": "387000000", "costofGoodsAndServicesSold": "29912000000", "operatingIncome": "63024000000", "sellingGeneralAndAdministrative": "854000000", "researchAndDevelopment": "None", "operatingExpenses": "340000000", "investmentIncomeNet": "None", "netInterestIncome": "-1000000000", "interestIncome": "1717000000", "interestExpense": "1000000000", "nonInterestIncome": "44824000000", "otherNonOperatingIncome": "None", "depreciation": "1967000000", "depreciationAndAmortization": "315000000", "incomeBeforeTax": "37654000000", "incomeTaxExpense": "7517000000", "interestAndDebtExpense": "None", "netIncomeFromContinuingOperations": "30413000000", "comprehensiveIncomeNetOfTax": "30914000000", "ebit": "63024000000", "ebitda": "63339000000", "netIncome": "30137000000"}, {"fiscalDateEnding": "2020-06-30", "reportedCurrency": "USD", "grossProfit": "46202000000", "totalRevenue": "56840000000", "costOfRevenue": "10638000000", "costofGoodsAndServicesSold": "55584000000", "operatingIncome": "35564000000", "sellingGeneralAndAdministrative": "4652000000", "researchAndDevelopment": "None", "operatingExpenses": "10638000000", "investmentIncomeNet": "None", "netInterestIncome": "-1002000000", "interestIncome": "2150000000", "interestExpense": "1002000000", "nonInterestIncome": "37291000000", "otherNonOperatingIncome": "-257000000", "depreciation": "1895000000", "depreciationAndAmortization": "322000000", "incomeBeforeTax": "35297000000", "incomeTaxExpense": "9002000000", "interestAndDebtExpense": "None", "netIncomeFromContinuingOperations": "26407000000", "comprehensiveIncomeNetOfTax": "27049000000", "ebit": "35564000000", "ebitda": "35886000000", "netIncome": "26295000000"}, {"fiscalDateEnding": "2020-03-31", "reportedCurrency": "USD", "grossProfit": "60854000000", "totalRevenue": "61265000000", "costOfRevenue": "411000000", "costofGoodsAndServicesSold": "29116000000", "operatingIncome": "60529000000", "sellingGeneralAndAdministrative": "4471000000", "researchAndDevelopment": "None", "operatingExpenses": "325000000", "investmentIncomeNet": "None", "netInterestIncome": "-1024000000", "interestIncome": "2276000000", "interestExpense": "-296000000", "nonInterestIncome": "41042000000", "otherNonOperatingIncome": "300000000", "depreciation": "1968000000", "depreciationAndAmortization": "325000000", "incomeBeforeTax": "-63098000000", "incomeTaxExpense": "-13352000000", "interestAndDebtExpense": "None", "netIncomeFromContinuingOperations": "-49697000000", "comprehensiveIncomeNetOfTax": "-51224000000", "ebit": "60529000000", "ebitda": "60854000000", "netIncome": "-49746000000"}, {"fiscalDateEnding": "2019-12-31", "reportedCurrency": "USD", "grossProfit": "65368000000", "totalRevenue": "65368000000", "costOfRevenue": "331000000", "costofGoodsAndServicesSold": "27277000000", "operatingIncome": "65368000000", "sellingGeneralAndAdministrative": "5677000000", "researchAndDevelopment": "None", "operatingExpenses": "331000000", "investmentIncomeNet": "None", "netInterestIncome": "-993000000", "interestIncome": "2345000000", "interestExpense": "3171000000", "nonInterestIncome": "45879000000", "otherNonOperatingIncome": "31551000000", "depreciation": "2025000000", "depreciationAndAmortization": "331000000", "incomeBeforeTax": "36730000000", "incomeTaxExpense": "7571000000", "interestAndDebtExpense": "None", "netIncomeFromContinuingOperations": "65368000000", "comprehensiveIncomeNetOfTax": "29324000000", "ebit": "65368000000", "ebitda": "65699000000", "netIncome": "29159000000"}, {"fiscalDateEnding": "2019-09-30", "reportedCurrency": "USD", "grossProfit": "64972000000", "totalRevenue": "64972000000", "costOfRevenue": "-251000000", "costofGoodsAndServicesSold": "26950000000", "operatingIncome": "64972000000", "sellingGeneralAndAdministrative": "4384000000", "researchAndDevelopment": "None", "operatingExpenses": "328000000", "investmentIncomeNet": "None", "netInterestIncome": "-985000000", "interestIncome": "2483000000", "interestExpense": "261000000", "nonInterestIncome": "45538000000", "otherNonOperatingIncome": "11570000000", "depreciation": "1905000000", "depreciationAndAmortization": "328000000", "incomeBeforeTax": "20356000000", "incomeTaxExpense": "3832000000", "interestAndDebtExpense": "None", "netIncomeFromContinuingOperations": "16657000000", "comprehensiveIncomeNetOfTax": "15794000000", "ebit": "64972000000", "ebitda": "65300000000", "netIncome": "16524000000"}, {"fiscalDateEnding": "2019-06-30", "reportedCurrency": "USD", "grossProfit": "63598000000", "totalRevenue": "63598000000", "costOfRevenue": "618000000", "costofGoodsAndServicesSold": "293000000", "operatingIncome": "63598000000", "sellingGeneralAndAdministrative": "4829000000", "researchAndDevelopment": "None", "operatingExpenses": "325000000", "investmentIncomeNet": "None", "netInterestIncome": "-992000000", "interestIncome": "2295000000", "interestExpense": "420000000", "nonInterestIncome": "44678000000", "otherNonOperatingIncome": "10172000000", "depreciation": "1838000000", "depreciationAndAmortization": "325000000", "incomeBeforeTax": "17659000000", "incomeTaxExpense": "3586000000", "interestAndDebtExpense": "None", "netIncomeFromContinuingOperations": "14173000000", "comprehensiveIncomeNetOfTax": "14122000000", "ebit": "63598000000", "ebitda": "63923000000", "netIncome": "14073000000"}, {"fiscalDateEnding": "2019-03-31", "reportedCurrency": "USD", "grossProfit": "60059000000", "totalRevenue": "60678000000", "costOfRevenue": "619000000", "costofGoodsAndServicesSold": "286000000", "operatingIncome": "59726000000", "sellingGeneralAndAdministrative": "4432000000", "researchAndDevelopment": "None", "operatingExpenses": "333000000", "investmentIncomeNet": "None", "netInterestIncome": "-991000000", "interestIncome": "2117000000", "interestExpense": "109000000", "nonInterestIncome": "43323000000", "otherNonOperatingIncome": "20490000000", "depreciation": "1798000000", "depreciationAndAmortization": "333000000", "incomeBeforeTax": "27576000000", "incomeTaxExpense": "5915000000", "interestAndDebtExpense": "None", "netIncomeFromContinuingOperations": "21732000000", "comprehensiveIncomeNetOfTax": "21949000000", "ebit": "59726000000", "ebitda": "60059000000", "netIncome": "21661000000"}, {"fiscalDateEnding": "2018-12-31", "reportedCurrency": "USD", "grossProfit": "63714000000", "totalRevenue": "63714000000", "costOfRevenue": "1990000000", "costofGoodsAndServicesSold": "102564000000", "operatingIncome": "63714000000", "sellingGeneralAndAdministrative": "16689000000", "researchAndDevelopment": "None", "operatingExpenses": "1990000000", "investmentIncomeNet": "None", "netInterestIncome": "None", "interestIncome": "None", "interestExpense": "3776000000", "nonInterestIncome": "43635000000", "otherNonOperatingIncome": "-38719000000", "depreciation": "1984000000", "depreciationAndAmortization": "341000000", "incomeBeforeTax": "-32722000000", "incomeTaxExpense": "-7330000000", "interestAndDebtExpense": "None", "netIncomeFromContinuingOperations": "63714000000", "comprehensiveIncomeNetOfTax": "-26480000000", "ebit": "63714000000", "ebitda": "64055000000", "netIncome": "-25392000000"}, {"fiscalDateEnding": "2018-09-30", "reportedCurrency": "USD", "grossProfit": "63450000000", "totalRevenue": "63450000000", "costOfRevenue": "345000000", "costofGoodsAndServicesSold": "1273000000", "operatingIncome": "63450000000", "sellingGeneralAndAdministrative": "564000000", "researchAndDevelopment": "None", "operatingExpenses": "345000000", "investmentIncomeNet": "None", "netInterestIncome": "None", "interestIncome": "None", "interestExpense": "60000000", "nonInterestIncome": "45808000000", "otherNonOperatingIncome": "15022000000", "depreciation": "1776000000", "depreciationAndAmortization": "345000000", "incomeBeforeTax": "22980000000", "incomeTaxExpense": "4440000000", "interestAndDebtExpense": "None", "netIncomeFromContinuingOperations": "18707000000", "comprehensiveIncomeNetOfTax": "18421000000", "ebit": "63450000000", "ebitda": "63795000000", "netIncome": "18540000000"}, {"fiscalDateEnding": "2018-06-30", "reportedCurrency": "USD", "grossProfit": "62200000000", "totalRevenue": "62200000000", "costOfRevenue": "355000000", "costofGoodsAndServicesSold": "268000000", "operatingIncome": "62200000000", "sellingGeneralAndAdministrative": "4150000000", "researchAndDevelopment": "None", "operatingExpenses": "355000000", "investmentIncomeNet": "None", "netInterestIncome": "None", "interestIncome": "None", "interestExpense": "-373000000", "nonInterestIncome": "729000000", "otherNonOperatingIncome": "6689000000", "depreciation": "1764000000", "depreciationAndAmortization": "355000000", "incomeBeforeTax": "15032000000", "incomeTaxExpense": "3021000000", "interestAndDebtExpense": "None", "netIncomeFromContinuingOperations": "12077000000", "comprehensiveIncomeNetOfTax": "10680000000", "ebit": "62200000000", "ebitda": "62555000000", "netIncome": "12011000000"}, {"fiscalDateEnding": "2018-03-31", "reportedCurrency": "USD", "grossProfit": "58121000000", "totalRevenue": "58473000000", "costOfRevenue": "352000000", "costofGoodsAndServicesSold": "275000000", "operatingIncome": "57769000000", "sellingGeneralAndAdministrative": "4024000000", "researchAndDevelopment": "None", "operatingExpenses": "352000000", "investmentIncomeNet": "None", "netInterestIncome": "None", "interestIncome": "None", "interestExpense": "390000000", "nonInterestIncome": "41303000000", "otherNonOperatingIncome": "-7614000000", "depreciation": "1760000000", "depreciationAndAmortization": "352000000", "incomeBeforeTax": "-1590000000", "incomeTaxExpense": "-452000000", "interestAndDebtExpense": "None", "netIncomeFromContinuingOperations": "-1071000000", "comprehensiveIncomeNetOfTax": "-811000000", "ebit": "57769000000", "ebitda": "58121000000", "netIncome": "-1138000000"}, {"fiscalDateEnding": "2017-12-31", "reportedCurrency": "USD", "grossProfit": "58907000000", "totalRevenue": "58800000000", "costOfRevenue": "1940000000", "costofGoodsAndServicesSold": "26154000000", "operatingIncome": "58907000000", "sellingGeneralAndAdministrative": "4140000000", "researchAndDevelopment": "None", "operatingExpenses": "1940000000", "investmentIncomeNet": "None", "netInterestIncome": "None", "interestIncome": "None", "interestExpense": "3989000000", "nonInterestIncome": "15000000", "otherNonOperatingIncome": "None", "depreciation": "1241000000", "depreciationAndAmortization": "361000000", "incomeBeforeTax": "6286000000", "incomeTaxExpense": "-26265000000", "interestAndDebtExpense": "None", "netIncomeFromContinuingOperations": "58907000000", "comprehensiveIncomeNetOfTax": "40939000000", "ebit": "58907000000", "ebitda": "59268000000", "netIncome": "32551000000"}, {"fiscalDateEnding": "2017-09-30", "reportedCurrency": "USD", "grossProfit": "60525000000", "totalRevenue": "59507000000", "costOfRevenue": "368000000", "costofGoodsAndServicesSold": "25815000000", "operatingIncome": "60525000000", "sellingGeneralAndAdministrative": "3965000000", "researchAndDevelopment": "None", "operatingExpenses": "368000000", "investmentIncomeNet": "None", "netInterestIncome": "None", "interestIncome": "None", "interestExpense": "435000000", "nonInterestIncome": "308000000", "otherNonOperatingIncome": "252000000", "depreciation": "1928000000", "depreciationAndAmortization": "368000000", "incomeBeforeTax": "5494000000", "incomeTaxExpense": "1427000000", "interestAndDebtExpense": "None", "netIncomeFromContinuingOperations": "4203000000", "comprehensiveIncomeNetOfTax": "7598000000", "ebit": "60525000000", "ebitda": "60893000000", "netIncome": "4067000000"}, {"fiscalDateEnding": "2017-06-30", "reportedCurrency": "USD", "grossProfit": "57518000000", "totalRevenue": "57256000000", "costOfRevenue": "373000000", "costofGoodsAndServicesSold": "48912000000", "operatingIncome": "57518000000", "sellingGeneralAndAdministrative": "7694000000", "researchAndDevelopment": "None", "operatingExpenses": "373000000", "investmentIncomeNet": "None", "netInterestIncome": "None", "interestIncome": "None", "interestExpense": "866000000", "nonInterestIncome": "-65000000", "otherNonOperatingIncome": "309000000", "depreciation": "1923000000", "depreciationAndAmortization": "373000000", "incomeBeforeTax": "6036000000", "incomeTaxExpense": "1774000000", "interestAndDebtExpense": "None", "netIncomeFromContinuingOperations": "4355000000", "comprehensiveIncomeNetOfTax": "7844000000", "ebit": "57518000000", "ebitda": "57891000000", "netIncome": "4262000000"}, {"fiscalDateEnding": "2017-03-31", "reportedCurrency": "USD", "grossProfit": "64820000000", "totalRevenue": "64370000000", "costOfRevenue": "367000000", "costofGoodsAndServicesSold": "867000000", "operatingIncome": "64453000000", "sellingGeneralAndAdministrative": "442000000", "researchAndDevelopment": "None", "operatingExpenses": "367000000", "investmentIncomeNet": "None", "netInterestIncome": "None", "interestIncome": "None", "interestExpense": "104000000", "nonInterestIncome": "460000000", "otherNonOperatingIncome": "239000000", "depreciation": "1876000000", "depreciationAndAmortization": "367000000", "incomeBeforeTax": "5609000000", "incomeTaxExpense": "1549000000", "interestAndDebtExpense": "None", "netIncomeFromContinuingOperations": "4139000000", "comprehensiveIncomeNetOfTax": "9832000000", "ebit": "64453000000", "ebitda": "64820000000", "netIncome": "4060000000"}, {"fiscalDateEnding": "2016-12-31", "reportedCurrency": "USD", "grossProfit": "58344000000", "totalRevenue": "58344000000", "costOfRevenue": "1978000000", "costofGoodsAndServicesSold": "919000000", "operatingIncome": "58344000000", "sellingGeneralAndAdministrative": "438000000", "researchAndDevelopment": "None", "operatingExpenses": "1978000000", "investmentIncomeNet": "None", "netInterestIncome": "None", "interestIncome": "None", "interestExpense": "3190000000", "nonInterestIncome": "None", "otherNonOperatingIncome": "None", "depreciation": "1136000000", "depreciationAndAmortization": "405000000", "incomeBeforeTax": "9245000000", "incomeTaxExpense": "2959000000", "interestAndDebtExpense": "None", "netIncomeFromContinuingOperations": "58344000000", "comprehensiveIncomeNetOfTax": "13786000000", "ebit": "58344000000", "ebitda": "58749000000", "netIncome": "6286000000"}]}