{"symbol": "BRO", "annualReports": [{"fiscalDateEnding": "2020-12-31", "reportedCurrency": "USD", "grossProfit": "2606019000", "totalRevenue": "2613375000", "costOfRevenue": "7356000", "costofGoodsAndServicesSold": "1436377000", "operatingIncome": "616743000", "sellingGeneralAndAdministrative": "1797892000", "researchAndDevelopment": "None", "operatingExpenses": "1989276000", "investmentIncomeNet": "None", "netInterestIncome": "-58973000", "interestIncome": "-59000000", "interestExpense": "58973000", "nonInterestIncome": "16000", "otherNonOperatingIncome": "None", "depreciation": "26276000", "depreciationAndAmortization": "134799000", "incomeBeforeTax": "624099000", "incomeTaxExpense": "143616000", "interestAndDebtExpense": "58973000", "netIncomeFromContinuingOperations": "480483000", "comprehensiveIncomeNetOfTax": "480979000", "ebit": "683072000", "ebitda": "817871000", "netIncome": "480483000"}, {"fiscalDateEnding": "2019-12-31", "reportedCurrency": "USD", "grossProfit": "2386239000", "totalRevenue": "2392171000", "costOfRevenue": "5932000", "costofGoodsAndServicesSold": "1308165000", "operatingIncome": "519997000", "sellingGeneralAndAdministrative": "1683888000", "researchAndDevelopment": "None", "operatingExpenses": "1866242000", "investmentIncomeNet": "None", "netInterestIncome": "-63660000", "interestIncome": "-63660000", "interestExpense": "63660000", "nonInterestIncome": "13000", "otherNonOperatingIncome": "None", "depreciation": "23417000", "depreciationAndAmortization": "128715000", "incomeBeforeTax": "525929000", "incomeTaxExpense": "127415000", "interestAndDebtExpense": "63660000", "netIncomeFromContinuingOperations": "398514000", "comprehensiveIncomeNetOfTax": "398666000", "ebit": "589589000", "ebitda": "718304000", "netIncome": "398514000"}, {"fiscalDateEnding": "2018-12-31", "reportedCurrency": "USD", "grossProfit": "1957280000", "totalRevenue": "2014246000", "costOfRevenue": "56966000", "costofGoodsAndServicesSold": "1068914000", "operatingIncome": "405496000", "sellingGeneralAndAdministrative": "54600000", "researchAndDevelopment": "None", "operatingExpenses": "1551784000", "investmentIncomeNet": "None", "netInterestIncome": "-40580000", "interestIncome": "-40580000", "interestExpense": "40580000", "nonInterestIncome": "2540712000", "otherNonOperatingIncome": "None", "depreciation": "22800000", "depreciationAndAmortization": "109378000", "incomeBeforeTax": "462462000", "incomeTaxExpense": "118207000", "interestAndDebtExpense": "40580000", "netIncomeFromContinuingOperations": "344255000", "comprehensiveIncomeNetOfTax": "344255000", "ebit": "503042000", "ebitda": "612420000", "netIncome": "344255000"}, {"fiscalDateEnding": "2017-12-31", "reportedCurrency": "USD", "grossProfit": "1828021000", "totalRevenue": "1881347000", "costOfRevenue": "53326000", "costofGoodsAndServicesSold": "994652000", "operatingIncome": "396396000", "sellingGeneralAndAdministrative": "51000000", "researchAndDevelopment": "None", "operatingExpenses": "1431625000", "investmentIncomeNet": "None", "netInterestIncome": "-38316000", "interestIncome": "-38316000", "interestExpense": "38316000", "nonInterestIncome": "1857283000", "otherNonOperatingIncome": "None", "depreciation": "22698000", "depreciationAndAmortization": "108144000", "incomeBeforeTax": "449722000", "incomeTaxExpense": "50092000", "interestAndDebtExpense": "38316000", "netIncomeFromContinuingOperations": "399630000", "comprehensiveIncomeNetOfTax": "399630000", "ebit": "488038000", "ebitda": "596182000", "netIncome": "399630000"}, {"fiscalDateEnding": "2016-12-31", "reportedCurrency": "USD", "grossProfit": "1714482000", "totalRevenue": "1766629000", "costOfRevenue": "52147000", "costofGoodsAndServicesSold": "925217000", "operatingIncome": "371352000", "sellingGeneralAndAdministrative": "49300000", "researchAndDevelopment": "None", "operatingExpenses": "1343130000", "investmentIncomeNet": "None", "netInterestIncome": "-39481000", "interestIncome": "-39481000", "interestExpense": "39481000", "nonInterestIncome": "1762805000", "otherNonOperatingIncome": "None", "depreciation": "21003000", "depreciationAndAmortization": "107666000", "incomeBeforeTax": "423499000", "incomeTaxExpense": "166008000", "interestAndDebtExpense": "39481000", "netIncomeFromContinuingOperations": "257491000", "comprehensiveIncomeNetOfTax": "257491000", "ebit": "462980000", "ebitda": "570646000", "netIncome": "257491000"}], "quarterlyReports": [{"fiscalDateEnding": "2021-09-30", "reportedCurrency": "USD", "grossProfit": "769022000", "totalRevenue": "770305000", "costOfRevenue": "1283000", "costofGoodsAndServicesSold": "394997000", "operatingIncome": "195206000", "sellingGeneralAndAdministrative": "394997000", "researchAndDevelopment": "None", "operatingExpenses": "573816000", "investmentIncomeNet": "None", "netInterestIncome": "-16175000", "interestIncome": "-16175000", "interestExpense": "16175000", "nonInterestIncome": "9000", "otherNonOperatingIncome": "None", "depreciation": "9200000", "depreciationAndAmortization": "38723000", "incomeBeforeTax": "196489000", "incomeTaxExpense": "50135000", "interestAndDebtExpense": "16175000", "netIncomeFromContinuingOperations": "146354000", "comprehensiveIncomeNetOfTax": "143353000", "ebit": "212664000", "ebitda": "252670000", "netIncome": "146354000"}, {"fiscalDateEnding": "2021-06-30", "reportedCurrency": "USD", "grossProfit": "725630000", "totalRevenue": "727352000", "costOfRevenue": "1722000", "costofGoodsAndServicesSold": "395611000", "operatingIncome": "184587000", "sellingGeneralAndAdministrative": "395611000", "researchAndDevelopment": "None", "operatingExpenses": "541043000", "investmentIncomeNet": "None", "netInterestIncome": "-16285000", "interestIncome": "-16285000", "interestExpense": "16285000", "nonInterestIncome": "4000", "otherNonOperatingIncome": "None", "depreciation": "8801000", "depreciationAndAmortization": "38347000", "incomeBeforeTax": "186309000", "incomeTaxExpense": "47019000", "interestAndDebtExpense": "16285000", "netIncomeFromContinuingOperations": "139290000", "comprehensiveIncomeNetOfTax": "140731000", "ebit": "202594000", "ebitda": "242663000", "netIncome": "139290000"}, {"fiscalDateEnding": "2021-03-31", "reportedCurrency": "USD", "grossProfit": "813453000", "totalRevenue": "815276000", "costOfRevenue": "1823000", "costofGoodsAndServicesSold": "429498000", "operatingIncome": "237384000", "sellingGeneralAndAdministrative": "522971000", "researchAndDevelopment": "None", "operatingExpenses": "576069000", "investmentIncomeNet": "None", "netInterestIncome": "-16342000", "interestIncome": "-16342000", "interestExpense": "16342000", "nonInterestIncome": "3000", "otherNonOperatingIncome": "None", "depreciation": "7456000", "depreciationAndAmortization": "36949000", "incomeBeforeTax": "239207000", "incomeTaxExpense": "39463000", "interestAndDebtExpense": "16342000", "netIncomeFromContinuingOperations": "199744000", "comprehensiveIncomeNetOfTax": "194754000", "ebit": "255549000", "ebitda": "292498000", "netIncome": "199744000"}, {"fiscalDateEnding": "2020-12-31", "reportedCurrency": "USD", "grossProfit": "642111000", "totalRevenue": "642111000", "costOfRevenue": "1844000", "costofGoodsAndServicesSold": "377470000", "operatingIncome": "130916000", "sellingGeneralAndAdministrative": "459887000", "researchAndDevelopment": "None", "operatingExpenses": "511195000", "investmentIncomeNet": "None", "netInterestIncome": "-16639000", "interestIncome": "-16639000", "interestExpense": "16639000", "nonInterestIncome": "4000", "otherNonOperatingIncome": "None", "depreciation": "7440000", "depreciationAndAmortization": "35773000", "incomeBeforeTax": "130916000", "incomeTaxExpense": "33596000", "interestAndDebtExpense": "16639000", "netIncomeFromContinuingOperations": "130916000", "comprehensiveIncomeNetOfTax": "130916000", "ebit": "147555000", "ebitda": "183328000", "netIncome": "97320000"}, {"fiscalDateEnding": "2020-09-30", "reportedCurrency": "USD", "grossProfit": "672077000", "totalRevenue": "673962000", "costOfRevenue": "1885000", "costofGoodsAndServicesSold": "362767000", "operatingIncome": "156643000", "sellingGeneralAndAdministrative": "469488000", "researchAndDevelopment": "None", "operatingExpenses": "515434000", "investmentIncomeNet": "None", "netInterestIncome": "-13234000", "interestIncome": "-13234000", "interestExpense": "13234000", "nonInterestIncome": "6000", "otherNonOperatingIncome": "None", "depreciation": "6647000", "depreciationAndAmortization": "6647000", "incomeBeforeTax": "158528000", "incomeTaxExpense": "24549000", "interestAndDebtExpense": "13234000", "netIncomeFromContinuingOperations": "133979000", "comprehensiveIncomeNetOfTax": "133979000", "ebit": "171762000", "ebitda": "178409000", "netIncome": "133979000"}, {"fiscalDateEnding": "2020-06-30", "reportedCurrency": "USD", "grossProfit": "596863000", "totalRevenue": "598806000", "costOfRevenue": "1943000", "costofGoodsAndServicesSold": "346515000", "operatingIncome": "127458000", "sellingGeneralAndAdministrative": "422718000", "researchAndDevelopment": "None", "operatingExpenses": "469405000", "investmentIncomeNet": "None", "netInterestIncome": "-13809000", "interestIncome": "-13809000", "interestExpense": "13809000", "nonInterestIncome": "3000", "otherNonOperatingIncome": "None", "depreciation": "6168000", "depreciationAndAmortization": "6168000", "incomeBeforeTax": "129401000", "incomeTaxExpense": "32617000", "interestAndDebtExpense": "13809000", "netIncomeFromContinuingOperations": "96784000", "comprehensiveIncomeNetOfTax": "96784000", "ebit": "143210000", "ebitda": "149378000", "netIncome": "96784000"}, {"fiscalDateEnding": "2020-03-31", "reportedCurrency": "USD", "grossProfit": "696811000", "totalRevenue": "698495000", "costOfRevenue": "1684000", "costofGoodsAndServicesSold": "349624000", "operatingIncome": "203569000", "sellingGeneralAndAdministrative": "445799000", "researchAndDevelopment": "None", "operatingExpenses": "493242000", "investmentIncomeNet": "None", "netInterestIncome": "-15291000", "interestIncome": "-15291000", "interestExpense": "15291000", "nonInterestIncome": "3000", "otherNonOperatingIncome": "None", "depreciation": "6021000", "depreciationAndAmortization": "6021000", "incomeBeforeTax": "205253000", "incomeTaxExpense": "52853000", "interestAndDebtExpense": "15291000", "netIncomeFromContinuingOperations": "152400000", "comprehensiveIncomeNetOfTax": "152400000", "ebit": "220544000", "ebitda": "226565000", "netIncome": "152400000"}, {"fiscalDateEnding": "2019-12-31", "reportedCurrency": "USD", "grossProfit": "578989000", "totalRevenue": "578989000", "costOfRevenue": "1979000", "costofGoodsAndServicesSold": "334598000", "operatingIncome": "102049000", "sellingGeneralAndAdministrative": "432349000", "researchAndDevelopment": "None", "operatingExpenses": "476940000", "investmentIncomeNet": "None", "netInterestIncome": "-15855000", "interestIncome": "-15855000", "interestExpense": "15855000", "nonInterestIncome": "3000", "otherNonOperatingIncome": "None", "depreciation": "5901000", "depreciationAndAmortization": "5901000", "incomeBeforeTax": "102049000", "incomeTaxExpense": "25530000", "interestAndDebtExpense": "15855000", "netIncomeFromContinuingOperations": "102049000", "comprehensiveIncomeNetOfTax": "102049000", "ebit": "117904000", "ebitda": "123805000", "netIncome": "76519000"}, {"fiscalDateEnding": "2019-09-30", "reportedCurrency": "USD", "grossProfit": "617380000", "totalRevenue": "618683000", "costOfRevenue": "1303000", "costofGoodsAndServicesSold": "331120000", "operatingIncome": "150535000", "sellingGeneralAndAdministrative": "422259000", "researchAndDevelopment": "None", "operatingExpenses": "466845000", "investmentIncomeNet": "None", "netInterestIncome": "-16314000", "interestIncome": "-16314000", "interestExpense": "16314000", "nonInterestIncome": "4000", "otherNonOperatingIncome": "None", "depreciation": "5815000", "depreciationAndAmortization": "5815000", "incomeBeforeTax": "151838000", "incomeTaxExpense": "36332000", "interestAndDebtExpense": "16314000", "netIncomeFromContinuingOperations": "115506000", "comprehensiveIncomeNetOfTax": "115527000", "ebit": "168152000", "ebitda": "173967000", "netIncome": "115506000"}, {"fiscalDateEnding": "2019-06-30", "reportedCurrency": "USD", "grossProfit": "573729000", "totalRevenue": "575219000", "costOfRevenue": "1490000", "costofGoodsAndServicesSold": "309610000", "operatingIncome": "122032000", "sellingGeneralAndAdministrative": "407660000", "researchAndDevelopment": "None", "operatingExpenses": "451697000", "investmentIncomeNet": "None", "netInterestIncome": "-16293000", "interestIncome": "-31491000", "interestExpense": "16293000", "nonInterestIncome": "-617459000", "otherNonOperatingIncome": "None", "depreciation": "5666000", "depreciationAndAmortization": "5666000", "incomeBeforeTax": "123522000", "incomeTaxExpense": "30929000", "interestAndDebtExpense": "16293000", "netIncomeFromContinuingOperations": "92593000", "comprehensiveIncomeNetOfTax": "92593000", "ebit": "139815000", "ebitda": "145481000", "netIncome": "92593000"}, {"fiscalDateEnding": "2019-03-31", "reportedCurrency": "USD", "grossProfit": "618120000", "totalRevenue": "619280000", "costOfRevenue": "1160000", "costofGoodsAndServicesSold": "332837000", "operatingIncome": "147360000", "sellingGeneralAndAdministrative": "421620000", "researchAndDevelopment": "None", "operatingExpenses": "470760000", "investmentIncomeNet": "None", "netInterestIncome": "-15198000", "interestIncome": "None", "interestExpense": "15198000", "nonInterestIncome": "617465000", "otherNonOperatingIncome": "None", "depreciation": "6035000", "depreciationAndAmortization": "6035000", "incomeBeforeTax": "148520000", "incomeTaxExpense": "34624000", "interestAndDebtExpense": "15198000", "netIncomeFromContinuingOperations": "113896000", "comprehensiveIncomeNetOfTax": "113896000", "ebit": "163718000", "ebitda": "169753000", "netIncome": "113896000"}, {"fiscalDateEnding": "2018-12-31", "reportedCurrency": "USD", "grossProfit": "508748000", "totalRevenue": "508748000", "costOfRevenue": "55383000", "costofGoodsAndServicesSold": "278012000", "operatingIncome": "100611000", "sellingGeneralAndAdministrative": "399945000", "researchAndDevelopment": "None", "operatingExpenses": "408137000", "investmentIncomeNet": "None", "netInterestIncome": "-11894000", "interestIncome": "None", "interestExpense": "11894000", "nonInterestIncome": "-200000", "otherNonOperatingIncome": "None", "depreciation": "6390000", "depreciationAndAmortization": "6424000", "incomeBeforeTax": "100611000", "incomeTaxExpense": "27159000", "interestAndDebtExpense": "200000", "netIncomeFromContinuingOperations": "100611000", "comprehensiveIncomeNetOfTax": "100611000", "ebit": "112505000", "ebitda": "118929000", "netIncome": "73452000"}, {"fiscalDateEnding": "2018-09-30", "reportedCurrency": "USD", "grossProfit": "530279000", "totalRevenue": "530850000", "costOfRevenue": "571000", "costofGoodsAndServicesSold": "268045000", "operatingIncome": "141929000", "sellingGeneralAndAdministrative": "351742000", "researchAndDevelopment": "None", "operatingExpenses": "388350000", "investmentIncomeNet": "None", "netInterestIncome": "-8963000", "interestIncome": "None", "interestExpense": "8963000", "nonInterestIncome": "668277000", "otherNonOperatingIncome": "None", "depreciation": "5259000", "depreciationAndAmortization": "5259000", "incomeBeforeTax": "142500000", "incomeTaxExpense": "36447000", "interestAndDebtExpense": "9163000", "netIncomeFromContinuingOperations": "106053000", "comprehensiveIncomeNetOfTax": "106053000", "ebit": "151463000", "ebitda": "156722000", "netIncome": "106053000"}, {"fiscalDateEnding": "2018-06-30", "reportedCurrency": "USD", "grossProfit": "472579000", "totalRevenue": "473187000", "costOfRevenue": "608000", "costofGoodsAndServicesSold": "251958000", "operatingIncome": "100302000", "sellingGeneralAndAdministrative": "335652000", "researchAndDevelopment": "None", "operatingExpenses": "372277000", "investmentIncomeNet": "None", "netInterestIncome": "-10052000", "interestIncome": "None", "interestExpense": "10052000", "nonInterestIncome": "585256000", "otherNonOperatingIncome": "None", "depreciation": "5599000", "depreciationAndAmortization": "5599000", "incomeBeforeTax": "100910000", "incomeTaxExpense": "26988000", "interestAndDebtExpense": "10252000", "netIncomeFromContinuingOperations": "73922000", "comprehensiveIncomeNetOfTax": "73922000", "ebit": "110962000", "ebitda": "116561000", "netIncome": "73922000"}, {"fiscalDateEnding": "2018-03-31", "reportedCurrency": "USD", "grossProfit": "501057000", "totalRevenue": "501461000", "costOfRevenue": "404000", "costofGoodsAndServicesSold": "270899000", "operatingIncome": "118037000", "sellingGeneralAndAdministrative": "347212000", "researchAndDevelopment": "None", "operatingExpenses": "383020000", "investmentIncomeNet": "None", "netInterestIncome": "-9671000", "interestIncome": "None", "interestExpense": "9671000", "nonInterestIncome": "612509000", "otherNonOperatingIncome": "None", "depreciation": "5552000", "depreciationAndAmortization": "5552000", "incomeBeforeTax": "118441000", "incomeTaxExpense": "27613000", "interestAndDebtExpense": "9871000", "netIncomeFromContinuingOperations": "90828000", "comprehensiveIncomeNetOfTax": "90828000", "ebit": "128112000", "ebitda": "133664000", "netIncome": "90828000"}, {"fiscalDateEnding": "2017-12-31", "reportedCurrency": "USD", "grossProfit": "474316000", "totalRevenue": "474316000", "costOfRevenue": "51419000", "costofGoodsAndServicesSold": "258207000", "operatingIncome": "106334000", "sellingGeneralAndAdministrative": "362019000", "researchAndDevelopment": "None", "operatingExpenses": "367982000", "investmentIncomeNet": "None", "netInterestIncome": "-9367000", "interestIncome": "None", "interestExpense": "9367000", "nonInterestIncome": "473376000", "otherNonOperatingIncome": "None", "depreciation": "5456000", "depreciationAndAmortization": "5456000", "incomeBeforeTax": "106334000", "incomeTaxExpense": "-81171000", "interestAndDebtExpense": "9367000", "netIncomeFromContinuingOperations": "106334000", "comprehensiveIncomeNetOfTax": "106334000", "ebit": "115701000", "ebitda": "121157000", "netIncome": "187505000"}, {"fiscalDateEnding": "2017-09-30", "reportedCurrency": "USD", "grossProfit": "475170000", "totalRevenue": "475646000", "costOfRevenue": "476000", "costofGoodsAndServicesSold": "246062000", "operatingIncome": "123943000", "sellingGeneralAndAdministrative": "318120000", "researchAndDevelopment": "None", "operatingExpenses": "351227000", "investmentIncomeNet": "None", "netInterestIncome": "-9393000", "interestIncome": "None", "interestExpense": "9393000", "nonInterestIncome": "474409000", "otherNonOperatingIncome": "None", "depreciation": "5489000", "depreciationAndAmortization": "5489000", "incomeBeforeTax": "124419000", "incomeTaxExpense": "48506000", "interestAndDebtExpense": "9593000", "netIncomeFromContinuingOperations": "75913000", "comprehensiveIncomeNetOfTax": "75913000", "ebit": "133812000", "ebitda": "139301000", "netIncome": "75913000"}, {"fiscalDateEnding": "2017-06-30", "reportedCurrency": "USD", "grossProfit": "465016000", "totalRevenue": "466305000", "costOfRevenue": "738000", "costofGoodsAndServicesSold": "244517000", "operatingIncome": "106713000", "sellingGeneralAndAdministrative": "315829000", "researchAndDevelopment": "None", "operatingExpenses": "358303000", "investmentIncomeNet": "None", "netInterestIncome": "-9874000", "interestIncome": "None", "interestExpense": "9874000", "nonInterestIncome": "464524000", "otherNonOperatingIncome": "None", "depreciation": "5655000", "depreciationAndAmortization": "5655000", "incomeBeforeTax": "108002000", "incomeTaxExpense": "41900000", "interestAndDebtExpense": "200000", "netIncomeFromContinuingOperations": "64813000", "comprehensiveIncomeNetOfTax": "64813000", "ebit": "117876000", "ebitda": "123531000", "netIncome": "66102000"}, {"fiscalDateEnding": "2017-03-31", "reportedCurrency": "USD", "grossProfit": "464387000", "totalRevenue": "465080000", "costOfRevenue": "693000", "costofGoodsAndServicesSold": "245866000", "operatingIncome": "110274000", "sellingGeneralAndAdministrative": "312785000", "researchAndDevelopment": "None", "operatingExpenses": "354113000", "investmentIncomeNet": "None", "netInterestIncome": "-9682000", "interestIncome": "None", "interestExpense": "9682000", "nonInterestIncome": "444568000", "otherNonOperatingIncome": "None", "depreciation": "6098000", "depreciationAndAmortization": "6098000", "incomeBeforeTax": "110967000", "incomeTaxExpense": "40857000", "interestAndDebtExpense": "9682000", "netIncomeFromContinuingOperations": "70110000", "comprehensiveIncomeNetOfTax": "70110000", "ebit": "120649000", "ebitda": "126747000", "netIncome": "70110000"}, {"fiscalDateEnding": "2016-12-31", "reportedCurrency": "USD", "grossProfit": "433664000", "totalRevenue": "433664000", "costOfRevenue": "50005000", "costofGoodsAndServicesSold": "232403000", "operatingIncome": "94901000", "sellingGeneralAndAdministrative": "313998000", "researchAndDevelopment": "None", "operatingExpenses": "338763000", "investmentIncomeNet": "None", "netInterestIncome": "-39363000", "interestIncome": "-29499000", "interestExpense": "9864000", "nonInterestIncome": "433142000", "otherNonOperatingIncome": "None", "depreciation": "5136000", "depreciationAndAmortization": "5136000", "incomeBeforeTax": "94901000", "incomeTaxExpense": "37275000", "interestAndDebtExpense": "39363000", "netIncomeFromContinuingOperations": "94901000", "comprehensiveIncomeNetOfTax": "94901000", "ebit": "104765000", "ebitda": "109901000", "netIncome": "57626000"}]}