{"symbol": "BSX", "annualReports": [{"fiscalDateEnding": "2020-12-31", "reportedCurrency": "USD", "grossProfit": "6448000000", "totalRevenue": "9552000000", "costOfRevenue": "8671000000", "costofGoodsAndServicesSold": "3465000000", "operatingIncome": "-80000000", "sellingGeneralAndAdministrative": "3787000000", "researchAndDevelopment": "1143000000", "operatingExpenses": "6528000000", "investmentIncomeNet": "None", "netInterestIncome": "-361000000", "interestIncome": "-361000000", "interestExpense": "361000000", "nonInterestIncome": "9913000000", "otherNonOperatingIncome": "362000000", "depreciation": "333000000", "depreciationAndAmortization": "789000000", "incomeBeforeTax": "-80000000", "incomeTaxExpense": "2000000", "interestAndDebtExpense": "361000000", "netIncomeFromContinuingOperations": "-81000000", "comprehensiveIncomeNetOfTax": "-145000000", "ebit": "-80000000", "ebitda": "1070000000", "netIncome": "-82000000"}, {"fiscalDateEnding": "2019-12-31", "reportedCurrency": "USD", "grossProfit": "7620000000", "totalRevenue": "10348000000", "costOfRevenue": "7964000000", "costofGoodsAndServicesSold": "3116000000", "operatingIncome": "1518000000", "sellingGeneralAndAdministrative": "3941000000", "researchAndDevelopment": "1174000000", "operatingExpenses": "6102000000", "investmentIncomeNet": "None", "netInterestIncome": "-473000000", "interestIncome": "30000000", "interestExpense": "473000000", "nonInterestIncome": "10821000000", "otherNonOperatingIncome": "-358000000", "depreciation": "311000000", "depreciationAndAmortization": "699000000", "incomeBeforeTax": "687000000", "incomeTaxExpense": "-4013000000", "interestAndDebtExpense": "387000000", "netIncomeFromContinuingOperations": "4700000000", "comprehensiveIncomeNetOfTax": "4937000000", "ebit": "1518000000", "ebitda": "1859000000", "netIncome": "4700000000"}, {"fiscalDateEnding": "2018-12-31", "reportedCurrency": "USD", "grossProfit": "7011000000", "totalRevenue": "9582000000", "costOfRevenue": "7122000000", "costofGoodsAndServicesSold": "2813000000", "operatingIncome": "1506000000", "sellingGeneralAndAdministrative": "3569000000", "researchAndDevelopment": "1113000000", "operatingExpenses": "5504000000", "investmentIncomeNet": "None", "netInterestIncome": "-241000000", "interestIncome": "3000000", "interestExpense": "241000000", "nonInterestIncome": "9823000000", "otherNonOperatingIncome": "156000000", "depreciation": "296000000", "depreciationAndAmortization": "599000000", "incomeBeforeTax": "1422000000", "incomeTaxExpense": "-249000000", "interestAndDebtExpense": "241000000", "netIncomeFromContinuingOperations": "1671000000", "comprehensiveIncomeNetOfTax": "1761000000", "ebit": "1506000000", "ebitda": "2262000000", "netIncome": "1671000000"}, {"fiscalDateEnding": "2017-12-31", "reportedCurrency": "USD", "grossProfit": "6455000000", "totalRevenue": "8819000000", "costOfRevenue": "6561000000", "costofGoodsAndServicesSold": "2593000000", "operatingIncome": "1285000000", "sellingGeneralAndAdministrative": "3294000000", "researchAndDevelopment": "997000000", "operatingExpenses": "5170000000", "investmentIncomeNet": "None", "netInterestIncome": "-229000000", "interestIncome": "5000000", "interestExpense": "229000000", "nonInterestIncome": "9048000000", "otherNonOperatingIncome": "-124000000", "depreciation": "279000000", "depreciationAndAmortization": "565000000", "incomeBeforeTax": "932000000", "incomeTaxExpense": "828000000", "interestAndDebtExpense": "229000000", "netIncomeFromContinuingOperations": "105000000", "comprehensiveIncomeNetOfTax": "45000000", "ebit": "1285000000", "ebitda": "1726000000", "netIncome": "104000000"}, {"fiscalDateEnding": "2016-12-31", "reportedCurrency": "USD", "grossProfit": "5962000000", "totalRevenue": "9076000000", "costOfRevenue": "3114000000", "costofGoodsAndServicesSold": "2424000000", "operatingIncome": "447000000", "sellingGeneralAndAdministrative": "3099000000", "researchAndDevelopment": "920000000", "operatingExpenses": "5515000000", "investmentIncomeNet": "None", "netInterestIncome": "-233000000", "interestIncome": "5000000", "interestExpense": "233000000", "nonInterestIncome": "-2000000", "otherNonOperatingIncome": "-37000000", "depreciation": "270000000", "depreciationAndAmortization": "545000000", "incomeBeforeTax": "177000000", "incomeTaxExpense": "-170000000", "interestAndDebtExpense": "233000000", "netIncomeFromContinuingOperations": "347000000", "comprehensiveIncomeNetOfTax": "260000000", "ebit": "447000000", "ebitda": "955000000", "netIncome": "347000000"}], "quarterlyReports": [{"fiscalDateEnding": "2021-09-30", "reportedCurrency": "USD", "grossProfit": "2032000000", "totalRevenue": "2886000000", "costOfRevenue": "2301000000", "costofGoodsAndServicesSold": "900000000", "operatingIncome": "387000000", "sellingGeneralAndAdministrative": "1066000000", "researchAndDevelopment": "310000000", "operatingExpenses": "1645000000", "investmentIncomeNet": "None", "netInterestIncome": "-86000000", "interestIncome": "-86000000", "interestExpense": "86000000", "nonInterestIncome": "2972000000", "otherNonOperatingIncome": "181000000", "depreciation": "88000000", "depreciationAndAmortization": "184000000", "incomeBeforeTax": "483000000", "incomeTaxExpense": "64000000", "interestAndDebtExpense": "86000000", "netIncomeFromContinuingOperations": "419000000", "comprehensiveIncomeNetOfTax": "420000000", "ebit": "387000000", "ebitda": "753000000", "netIncome": "419000000"}, {"fiscalDateEnding": "2021-06-30", "reportedCurrency": "USD", "grossProfit": "2132000000", "totalRevenue": "2993000000", "costOfRevenue": "2306000000", "costofGoodsAndServicesSold": "945000000", "operatingIncome": "262000000", "sellingGeneralAndAdministrative": "1121000000", "researchAndDevelopment": "298000000", "operatingExpenses": "1870000000", "investmentIncomeNet": "None", "netInterestIncome": "-86000000", "interestIncome": "-86000000", "interestExpense": "86000000", "nonInterestIncome": "3079000000", "otherNonOperatingIncome": "-26000000", "depreciation": "83000000", "depreciationAndAmortization": "180000000", "incomeBeforeTax": "149000000", "incomeTaxExpense": "-37000000", "interestAndDebtExpense": "86000000", "netIncomeFromContinuingOperations": "186000000", "comprehensiveIncomeNetOfTax": "170000000", "ebit": "262000000", "ebitda": "415000000", "netIncome": "186000000"}, {"fiscalDateEnding": "2021-03-31", "reportedCurrency": "USD", "grossProfit": "1858000000", "totalRevenue": "2676000000", "costOfRevenue": "2115000000", "costofGoodsAndServicesSold": "894000000", "operatingIncome": "370000000", "sellingGeneralAndAdministrative": "1019000000", "researchAndDevelopment": "276000000", "operatingExpenses": "1488000000", "investmentIncomeNet": "None", "netInterestIncome": "-82000000", "interestIncome": "-82000000", "interestExpense": "82000000", "nonInterestIncome": "2758000000", "otherNonOperatingIncome": "37000000", "depreciation": "83000000", "depreciationAndAmortization": "185000000", "incomeBeforeTax": "325000000", "incomeTaxExpense": "-16000000", "interestAndDebtExpense": "82000000", "netIncomeFromContinuingOperations": "341000000", "comprehensiveIncomeNetOfTax": "388000000", "ebit": "370000000", "ebitda": "592000000", "netIncome": "341000000"}, {"fiscalDateEnding": "2020-12-31", "reportedCurrency": "USD", "grossProfit": "1708000000", "totalRevenue": "2613000000", "costOfRevenue": "2351000000", "costofGoodsAndServicesSold": "1000000000", "operatingIncome": "50000000", "sellingGeneralAndAdministrative": "1027000000", "researchAndDevelopment": "286000000", "operatingExpenses": "1658000000", "investmentIncomeNet": "None", "netInterestIncome": "-96000000", "interestIncome": "-96000000", "interestExpense": "96000000", "nonInterestIncome": "2709000000", "otherNonOperatingIncome": "353000000", "depreciation": "95000000", "depreciationAndAmortization": "194000000", "incomeBeforeTax": "34000000", "incomeTaxExpense": "96000000", "interestAndDebtExpense": "96000000", "netIncomeFromContinuingOperations": "-62000000", "comprehensiveIncomeNetOfTax": "-62000000", "ebit": "50000000", "ebitda": "324000000", "netIncome": "-62000000"}, {"fiscalDateEnding": "2020-09-30", "reportedCurrency": "USD", "grossProfit": "1790000000", "totalRevenue": "2573000000", "costOfRevenue": "2284000000", "costofGoodsAndServicesSold": "869000000", "operatingIncome": "-205000000", "sellingGeneralAndAdministrative": "984000000", "researchAndDevelopment": "315000000", "operatingExpenses": "1995000000", "investmentIncomeNet": "None", "netInterestIncome": "-86000000", "interestIncome": "-38000000", "interestExpense": "86000000", "nonInterestIncome": "2659000000", "otherNonOperatingIncome": "64000000", "depreciation": "84000000", "depreciationAndAmortization": "197000000", "incomeBeforeTax": "-227000000", "incomeTaxExpense": "-72000000", "interestAndDebtExpense": "86000000", "netIncomeFromContinuingOperations": "-155000000", "comprehensiveIncomeNetOfTax": "-135000000", "ebit": "-205000000", "ebitda": "56000000", "netIncome": "-155000000"}, {"fiscalDateEnding": "2020-06-30", "reportedCurrency": "USD", "grossProfit": "1212000000", "totalRevenue": "1912000000", "costOfRevenue": "1831000000", "costofGoodsAndServicesSold": "791000000", "operatingIncome": "-71000000", "sellingGeneralAndAdministrative": "798000000", "researchAndDevelopment": "242000000", "operatingExpenses": "1283000000", "investmentIncomeNet": "None", "netInterestIncome": "-91000000", "interestIncome": "-108000000", "interestExpense": "91000000", "nonInterestIncome": "2003000000", "otherNonOperatingIncome": "-18000000", "depreciation": "78000000", "depreciationAndAmortization": "197000000", "incomeBeforeTax": "-180000000", "incomeTaxExpense": "-33000000", "interestAndDebtExpense": "91000000", "netIncomeFromContinuingOperations": "-148000000", "comprehensiveIncomeNetOfTax": "-185000000", "ebit": "-71000000", "ebitda": "108000000", "netIncome": "-147000000"}, {"fiscalDateEnding": "2020-03-31", "reportedCurrency": "USD", "grossProfit": "1737000000", "totalRevenue": "2455000000", "costOfRevenue": "2205000000", "costofGoodsAndServicesSold": "806000000", "operatingIncome": "146000000", "sellingGeneralAndAdministrative": "978000000", "researchAndDevelopment": "300000000", "operatingExpenses": "1591000000", "investmentIncomeNet": "None", "netInterestIncome": "-88000000", "interestIncome": "1000000", "interestExpense": "88000000", "nonInterestIncome": "2543000000", "otherNonOperatingIncome": "-36000000", "depreciation": "76000000", "depreciationAndAmortization": "201000000", "incomeBeforeTax": "23000000", "incomeTaxExpense": "12000000", "interestAndDebtExpense": "88000000", "netIncomeFromContinuingOperations": "10000000", "comprehensiveIncomeNetOfTax": "-91000000", "ebit": "146000000", "ebitda": "312000000", "netIncome": "11000000"}, {"fiscalDateEnding": "2019-12-31", "reportedCurrency": "USD", "grossProfit": "2054000000", "totalRevenue": "2811000000", "costOfRevenue": "2189000000", "costofGoodsAndServicesSold": "851000000", "operatingIncome": "210000000", "sellingGeneralAndAdministrative": "1092000000", "researchAndDevelopment": "308000000", "operatingExpenses": "1844000000", "investmentIncomeNet": "None", "netInterestIncome": "-179000000", "interestIncome": "1000000", "interestExpense": "179000000", "nonInterestIncome": "2990000000", "otherNonOperatingIncome": "-36000000", "depreciation": "91000000", "depreciationAndAmortization": "201000000", "incomeBeforeTax": "-4225000000", "incomeTaxExpense": "-4002000000", "interestAndDebtExpense": "93000000", "netIncomeFromContinuingOperations": "-223000000", "comprehensiveIncomeNetOfTax": "-223000000", "ebit": "210000000", "ebitda": "-3845000000", "netIncome": "-223000000"}, {"fiscalDateEnding": "2019-09-30", "reportedCurrency": "USD", "grossProfit": "1930000000", "totalRevenue": "2612000000", "costOfRevenue": "1985000000", "costofGoodsAndServicesSold": "777000000", "operatingIncome": "383000000", "sellingGeneralAndAdministrative": "1012000000", "researchAndDevelopment": "306000000", "operatingExpenses": "1547000000", "investmentIncomeNet": "None", "netInterestIncome": "-95000000", "interestIncome": "8000000", "interestExpense": "95000000", "nonInterestIncome": "2707000000", "otherNonOperatingIncome": "-197000000", "depreciation": "79000000", "depreciationAndAmortization": "178000000", "incomeBeforeTax": "91000000", "incomeTaxExpense": "-35000000", "interestAndDebtExpense": "95000000", "netIncomeFromContinuingOperations": "126000000", "comprehensiveIncomeNetOfTax": "186000000", "ebit": "383000000", "ebitda": "364000000", "netIncome": "126000000"}, {"fiscalDateEnding": "2019-06-30", "reportedCurrency": "USD", "grossProfit": "1873000000", "totalRevenue": "2542000000", "costOfRevenue": "1942000000", "costofGoodsAndServicesSold": "758000000", "operatingIncome": "384000000", "sellingGeneralAndAdministrative": "968000000", "researchAndDevelopment": "280000000", "operatingExpenses": "1489000000", "investmentIncomeNet": "None", "netInterestIncome": "-89000000", "interestIncome": "14000000", "interestExpense": "89000000", "nonInterestIncome": "2631000000", "otherNonOperatingIncome": "-150000000", "depreciation": "73000000", "depreciationAndAmortization": "161000000", "incomeBeforeTax": "145000000", "incomeTaxExpense": "-9000000", "interestAndDebtExpense": "89000000", "netIncomeFromContinuingOperations": "154000000", "comprehensiveIncomeNetOfTax": "144000000", "ebit": "384000000", "ebitda": "395000000", "netIncome": "154000000"}, {"fiscalDateEnding": "2019-03-31", "reportedCurrency": "USD", "grossProfit": "1763000000", "totalRevenue": "2384000000", "costOfRevenue": "1848000000", "costofGoodsAndServicesSold": "730000000", "operatingIncome": "541000000", "sellingGeneralAndAdministrative": "869000000", "researchAndDevelopment": "280000000", "operatingExpenses": "1222000000", "investmentIncomeNet": "None", "netInterestIncome": "-109000000", "interestIncome": "7000000", "interestExpense": "109000000", "nonInterestIncome": "2493000000", "otherNonOperatingIncome": "25000000", "depreciation": "69000000", "depreciationAndAmortization": "160000000", "incomeBeforeTax": "457000000", "incomeTaxExpense": "33000000", "interestAndDebtExpense": "109000000", "netIncomeFromContinuingOperations": "424000000", "comprehensiveIncomeNetOfTax": "479000000", "ebit": "541000000", "ebitda": "726000000", "netIncome": "424000000"}, {"fiscalDateEnding": "2018-12-31", "reportedCurrency": "USD", "grossProfit": "1832000000", "totalRevenue": "2497000000", "costOfRevenue": "1878000000", "costofGoodsAndServicesSold": "729000000", "operatingIncome": "319000000", "sellingGeneralAndAdministrative": "953000000", "researchAndDevelopment": "288000000", "operatingExpenses": "1512000000", "investmentIncomeNet": "None", "netInterestIncome": "-64000000", "interestIncome": "None", "interestExpense": "64000000", "nonInterestIncome": "2561000000", "otherNonOperatingIncome": "40000000", "depreciation": "84000000", "depreciationAndAmortization": "162000000", "incomeBeforeTax": "-180000000", "incomeTaxExpense": "-90000000", "interestAndDebtExpense": "64000000", "netIncomeFromContinuingOperations": "-90000000", "comprehensiveIncomeNetOfTax": "-90000000", "ebit": "319000000", "ebitda": "46000000", "netIncome": "-90000000"}, {"fiscalDateEnding": "2018-09-30", "reportedCurrency": "USD", "grossProfit": "1720000000", "totalRevenue": "2335000000", "costOfRevenue": "1710000000", "costofGoodsAndServicesSold": "672000000", "operatingIncome": "388000000", "sellingGeneralAndAdministrative": "870000000", "researchAndDevelopment": "289000000", "operatingExpenses": "1333000000", "investmentIncomeNet": "None", "netInterestIncome": "-58000000", "interestIncome": "None", "interestExpense": "58000000", "nonInterestIncome": "2393000000", "otherNonOperatingIncome": "126000000", "depreciation": "74000000", "depreciationAndAmortization": "148000000", "incomeBeforeTax": "456000000", "incomeTaxExpense": "24000000", "interestAndDebtExpense": "58000000", "netIncomeFromContinuingOperations": "432000000", "comprehensiveIncomeNetOfTax": "472000000", "ebit": "388000000", "ebitda": "662000000", "netIncome": "432000000"}, {"fiscalDateEnding": "2018-06-30", "reportedCurrency": "USD", "grossProfit": "1751000000", "totalRevenue": "2433000000", "costOfRevenue": "1828000000", "costofGoodsAndServicesSold": "739000000", "operatingIncome": "392000000", "sellingGeneralAndAdministrative": "886000000", "researchAndDevelopment": "275000000", "operatingExpenses": "1359000000", "investmentIncomeNet": "None", "netInterestIncome": "-57000000", "interestIncome": "None", "interestExpense": "57000000", "nonInterestIncome": "2490000000", "otherNonOperatingIncome": "12000000", "depreciation": "70000000", "depreciationAndAmortization": "147000000", "incomeBeforeTax": "346000000", "incomeTaxExpense": "-209000000", "interestAndDebtExpense": "57000000", "netIncomeFromContinuingOperations": "556000000", "comprehensiveIncomeNetOfTax": "668000000", "ebit": "392000000", "ebitda": "550000000", "netIncome": "555000000"}, {"fiscalDateEnding": "2018-03-31", "reportedCurrency": "USD", "grossProfit": "1707000000", "totalRevenue": "2318000000", "costOfRevenue": "1705000000", "costofGoodsAndServicesSold": "672000000", "operatingIncome": "407000000", "sellingGeneralAndAdministrative": "860000000", "researchAndDevelopment": "261000000", "operatingExpenses": "1300000000", "investmentIncomeNet": "None", "netInterestIncome": "-61000000", "interestIncome": "None", "interestExpense": "61000000", "nonInterestIncome": "2379000000", "otherNonOperatingIncome": "-23000000", "depreciation": "68000000", "depreciationAndAmortization": "141000000", "incomeBeforeTax": "324000000", "incomeTaxExpense": "26000000", "interestAndDebtExpense": "61000000", "netIncomeFromContinuingOperations": "297000000", "comprehensiveIncomeNetOfTax": "228000000", "ebit": "407000000", "ebitda": "526000000", "netIncome": "298000000"}, {"fiscalDateEnding": "2017-12-31", "reportedCurrency": "USD", "grossProfit": "1734000000", "totalRevenue": "2119000000", "costOfRevenue": "1740000000", "costofGoodsAndServicesSold": "674000000", "operatingIncome": "318000000", "sellingGeneralAndAdministrative": "886000000", "researchAndDevelopment": "263000000", "operatingExpenses": "1416000000", "investmentIncomeNet": "None", "netInterestIncome": "-57000000", "interestIncome": "None", "interestExpense": "57000000", "nonInterestIncome": "2408000000", "otherNonOperatingIncome": "-35000000", "depreciation": "81000000", "depreciationAndAmortization": "141000000", "incomeBeforeTax": "226000000", "incomeTaxExpense": "841000000", "interestAndDebtExpense": "57000000", "netIncomeFromContinuingOperations": "-614000000", "comprehensiveIncomeNetOfTax": "-622000000", "ebit": "318000000", "ebitda": "424000000", "netIncome": "-615000000"}, {"fiscalDateEnding": "2017-09-30", "reportedCurrency": "USD", "grossProfit": "1585000000", "totalRevenue": "2216000000", "costOfRevenue": "631000000", "costofGoodsAndServicesSold": "637000000", "operatingIncome": "377000000", "sellingGeneralAndAdministrative": "800000000", "researchAndDevelopment": "254000000", "operatingExpenses": "1208000000", "investmentIncomeNet": "None", "netInterestIncome": "-57000000", "interestIncome": "None", "interestExpense": "57000000", "nonInterestIncome": "2222000000", "otherNonOperatingIncome": "-11000000", "depreciation": "71000000", "depreciationAndAmortization": "139000000", "incomeBeforeTax": "309000000", "incomeTaxExpense": "26000000", "interestAndDebtExpense": "57000000", "netIncomeFromContinuingOperations": "283000000", "comprehensiveIncomeNetOfTax": "285000000", "ebit": "377000000", "ebitda": "505000000", "netIncome": "283000000"}, {"fiscalDateEnding": "2017-06-30", "reportedCurrency": "USD", "grossProfit": "1625000000", "totalRevenue": "2281000000", "costOfRevenue": "656000000", "costofGoodsAndServicesSold": "632000000", "operatingIncome": "225000000", "sellingGeneralAndAdministrative": "815000000", "researchAndDevelopment": "244000000", "operatingExpenses": "1400000000", "investmentIncomeNet": "None", "netInterestIncome": "-58000000", "interestIncome": "None", "interestExpense": "58000000", "nonInterestIncome": "2257000000", "otherNonOperatingIncome": "-76000000", "depreciation": "65000000", "depreciationAndAmortization": "142000000", "incomeBeforeTax": "91000000", "incomeTaxExpense": "-55000000", "interestAndDebtExpense": "58000000", "netIncomeFromContinuingOperations": "146000000", "comprehensiveIncomeNetOfTax": "139000000", "ebit": "225000000", "ebitda": "291000000", "netIncome": "146000000"}, {"fiscalDateEnding": "2017-03-31", "reportedCurrency": "USD", "grossProfit": "1510000000", "totalRevenue": "2201000000", "costOfRevenue": "691000000", "costofGoodsAndServicesSold": "650000000", "operatingIncome": "364000000", "sellingGeneralAndAdministrative": "794000000", "researchAndDevelopment": "235000000", "operatingExpenses": "1146000000", "investmentIncomeNet": "None", "netInterestIncome": "-57000000", "interestIncome": "None", "interestExpense": "57000000", "nonInterestIncome": "2161000000", "otherNonOperatingIncome": "-2000000", "depreciation": "63000000", "depreciationAndAmortization": "143000000", "incomeBeforeTax": "305000000", "incomeTaxExpense": "15000000", "interestAndDebtExpense": "57000000", "netIncomeFromContinuingOperations": "290000000", "comprehensiveIncomeNetOfTax": "243000000", "ebit": "364000000", "ebitda": "505000000", "netIncome": "290000000"}, {"fiscalDateEnding": "2016-12-31", "reportedCurrency": "USD", "grossProfit": "1572000000", "totalRevenue": "2855000000", "costOfRevenue": "1283000000", "costofGoodsAndServicesSold": "619000000", "operatingIncome": "140000000", "sellingGeneralAndAdministrative": "831000000", "researchAndDevelopment": "256000000", "operatingExpenses": "1432000000", "investmentIncomeNet": "None", "netInterestIncome": "-58000000", "interestIncome": "None", "interestExpense": "58000000", "nonInterestIncome": "None", "otherNonOperatingIncome": "7000000", "depreciation": "77000000", "depreciationAndAmortization": "137000000", "incomeBeforeTax": "89000000", "incomeTaxExpense": "-35000000", "interestAndDebtExpense": "58000000", "netIncomeFromContinuingOperations": "124000000", "comprehensiveIncomeNetOfTax": "224000000", "ebit": "140000000", "ebitda": "284000000", "netIncome": "124000000"}]}