{"symbol": "BWA", "annualReports": [{"fiscalDateEnding": "2020-12-31", "reportedCurrency": "USD", "grossProfit": "1910000000", "totalRevenue": "10165000000", "costOfRevenue": "8255000000", "costofGoodsAndServicesSold": "8255000000", "operatingIncome": "618000000", "sellingGeneralAndAdministrative": "951000000", "researchAndDevelopment": "476000000", "operatingExpenses": "2247000000", "investmentIncomeNet": "12000000", "netInterestIncome": "-8000000", "interestIncome": "12000000", "interestExpense": "8000000", "nonInterestIncome": "10148000000", "otherNonOperatingIncome": "0", "depreciation": "None", "depreciationAndAmortization": "568000000", "incomeBeforeTax": "897000000", "incomeTaxExpense": "397000000", "interestAndDebtExpense": "73000000", "netIncomeFromContinuingOperations": "567000000", "comprehensiveIncomeNetOfTax": "576000000", "ebit": "618000000", "ebitda": "1473000000", "netIncome": "500000000"}, {"fiscalDateEnding": "2019-12-31", "reportedCurrency": "USD", "grossProfit": "2101000000", "totalRevenue": "10168000000", "costOfRevenue": "8067000000", "costofGoodsAndServicesSold": "8067000000", "operatingIncome": "1303000000", "sellingGeneralAndAdministrative": "873000000", "researchAndDevelopment": "413000000", "operatingExpenses": "1452000000", "investmentIncomeNet": "12000000", "netInterestIncome": "-16000000", "interestIncome": "12000000", "interestExpense": "16000000", "nonInterestIncome": "-10000000", "otherNonOperatingIncome": "0", "depreciation": "None", "depreciationAndAmortization": "439000000", "incomeBeforeTax": "1214000000", "incomeTaxExpense": "468000000", "interestAndDebtExpense": "55000000", "netIncomeFromContinuingOperations": "797000000", "comprehensiveIncomeNetOfTax": "693000000", "ebit": "1303000000", "ebitda": "1669000000", "netIncome": "746000000"}, {"fiscalDateEnding": "2018-12-31", "reportedCurrency": "USD", "grossProfit": "2230000000", "totalRevenue": "10530000000", "costOfRevenue": "8300000000", "costofGoodsAndServicesSold": "8300000000", "operatingIncome": "1190000000", "sellingGeneralAndAdministrative": "946000000", "researchAndDevelopment": "440000000", "operatingExpenses": "1524800000", "investmentIncomeNet": "6400000", "netInterestIncome": "-22300000", "interestIncome": "6400000", "interestExpense": "22300000", "nonInterestIncome": "-6200000", "otherNonOperatingIncome": "4000000", "depreciation": "None", "depreciationAndAmortization": "431000000", "incomeBeforeTax": "1142000000", "incomeTaxExpense": "211000000", "interestAndDebtExpense": "59000000", "netIncomeFromContinuingOperations": "984600000", "comprehensiveIncomeNetOfTax": "761000000", "ebit": "1190000000", "ebitda": "1595300000", "netIncome": "931000000"}, {"fiscalDateEnding": "2017-12-31", "reportedCurrency": "USD", "grossProfit": "2115000000", "totalRevenue": "9799000000", "costOfRevenue": "7684000000", "costofGoodsAndServicesSold": "7684000000", "operatingIncome": "1072000000", "sellingGeneralAndAdministrative": "899000000", "researchAndDevelopment": "408000000", "operatingExpenses": "1498000000", "investmentIncomeNet": "5800000", "netInterestIncome": "-19700000", "interestIncome": "5800000", "interestExpense": "19700000", "nonInterestIncome": "-71000000", "otherNonOperatingIncome": "2000000", "depreciation": "None", "depreciationAndAmortization": "40000000", "incomeBeforeTax": "1020000000", "incomeTaxExpense": "580000000", "interestAndDebtExpense": "71000000", "netIncomeFromContinuingOperations": "483300000", "comprehensiveIncomeNetOfTax": "672000000", "ebit": "1072000000", "ebitda": "1079700000", "netIncome": "440000000"}, {"fiscalDateEnding": "2016-12-31", "reportedCurrency": "USD", "grossProfit": "1928700000", "totalRevenue": "9071000000", "costOfRevenue": "7142300000", "costofGoodsAndServicesSold": "7142300000", "operatingIncome": "973200000", "sellingGeneralAndAdministrative": "818000000", "researchAndDevelopment": "343200000", "operatingExpenses": "1391400000", "investmentIncomeNet": "6300000", "netInterestIncome": "-14100000", "interestIncome": "6300000", "interestExpense": "14100000", "nonInterestIncome": "-127100000", "otherNonOperatingIncome": "0", "depreciation": "None", "depreciationAndAmortization": "40400000", "incomeBeforeTax": "901000000", "incomeTaxExpense": "306000000", "interestAndDebtExpense": "84600000", "netIncomeFromContinuingOperations": "160200000", "comprehensiveIncomeNetOfTax": "483100000", "ebit": "973200000", "ebitda": "955500000", "netIncome": "595000000"}], "quarterlyReports": [{"fiscalDateEnding": "2021-09-30", "reportedCurrency": "USD", "grossProfit": "650000000", "totalRevenue": "3420000000", "costOfRevenue": "3149000000", "costofGoodsAndServicesSold": "2766000000", "operatingIncome": "253000000", "sellingGeneralAndAdministrative": "343000000", "researchAndDevelopment": "184000000", "operatingExpenses": "577000000", "investmentIncomeNet": "3000000", "netInterestIncome": "-18000000", "interestIncome": "3000000", "interestExpense": "21000000", "nonInterestIncome": "3416000000", "otherNonOperatingIncome": "-46000000", "depreciation": "None", "depreciationAndAmortization": "195000000", "incomeBeforeTax": "175000000", "incomeTaxExpense": "79000000", "interestAndDebtExpense": "21000000", "netIncomeFromContinuingOperations": "117000000", "comprehensiveIncomeNetOfTax": "23000000", "ebit": "253000000", "ebitda": "448000000", "netIncome": "96000000"}, {"fiscalDateEnding": "2021-06-30", "reportedCurrency": "USD", "grossProfit": "762000000", "totalRevenue": "3781000000", "costOfRevenue": "3410000000", "costofGoodsAndServicesSold": "2996000000", "operatingIncome": "317000000", "sellingGeneralAndAdministrative": "364000000", "researchAndDevelopment": "166000000", "operatingExpenses": "599000000", "investmentIncomeNet": "3000000", "netInterestIncome": "-39000000", "interestIncome": "-27000000", "interestExpense": "42000000", "nonInterestIncome": "3778000000", "otherNonOperatingIncome": "15000000", "depreciation": "None", "depreciationAndAmortization": "195000000", "incomeBeforeTax": "275000000", "incomeTaxExpense": "28000000", "interestAndDebtExpense": "42000000", "netIncomeFromContinuingOperations": "274000000", "comprehensiveIncomeNetOfTax": "310000000", "ebit": "317000000", "ebitda": "512000000", "netIncome": "247000000"}, {"fiscalDateEnding": "2021-03-31", "reportedCurrency": "USD", "grossProfit": "818000000", "totalRevenue": "4012000000", "costOfRevenue": "3782000000", "costofGoodsAndServicesSold": "3191000000", "operatingIncome": "403000000", "sellingGeneralAndAdministrative": "377000000", "researchAndDevelopment": "183000000", "operatingExpenses": "785000000", "investmentIncomeNet": "3000000", "netInterestIncome": "-18000000", "interestIncome": "-278000000", "interestExpense": "21000000", "nonInterestIncome": "4009000000", "otherNonOperatingIncome": "-257000000", "depreciation": "None", "depreciationAndAmortization": "195000000", "incomeBeforeTax": "107000000", "incomeTaxExpense": "42000000", "interestAndDebtExpense": "21000000", "netIncomeFromContinuingOperations": "94000000", "comprehensiveIncomeNetOfTax": "-20000000", "ebit": "403000000", "ebitda": "598000000", "netIncome": "65000000"}, {"fiscalDateEnding": "2020-12-31", "reportedCurrency": "USD", "grossProfit": "772000000", "totalRevenue": "3927000000", "costOfRevenue": "3857000000", "costofGoodsAndServicesSold": "3154000000", "operatingIncome": "223000000", "sellingGeneralAndAdministrative": "350000000", "researchAndDevelopment": "179000000", "operatingExpenses": "912000000", "investmentIncomeNet": "4000000", "netInterestIncome": "-2000000", "interestIncome": "4000000", "interestExpense": "2000000", "nonInterestIncome": "3909000000", "otherNonOperatingIncome": "400000000", "depreciation": "None", "depreciationAndAmortization": "229000000", "incomeBeforeTax": "569000000", "incomeTaxExpense": "211000000", "interestAndDebtExpense": "23000000", "netIncomeFromContinuingOperations": "385000000", "comprehensiveIncomeNetOfTax": "437000000", "ebit": "223000000", "ebitda": "800000000", "netIncome": "358000000"}, {"fiscalDateEnding": "2020-09-30", "reportedCurrency": "USD", "grossProfit": "517000000", "totalRevenue": "2538000000", "costOfRevenue": "2239000000", "costofGoodsAndServicesSold": "2017000000", "operatingIncome": "284000000", "sellingGeneralAndAdministrative": "204000000", "researchAndDevelopment": "100000000", "operatingExpenses": "324000000", "investmentIncomeNet": "3000000", "netInterestIncome": "-1000000", "interestIncome": "-14000000", "interestExpense": "1000000", "nonInterestIncome": "2534000000", "otherNonOperatingIncome": "3000000", "depreciation": "None", "depreciationAndAmortization": "115000000", "incomeBeforeTax": "254000000", "incomeTaxExpense": "143000000", "interestAndDebtExpense": "20000000", "netIncomeFromContinuingOperations": "129000000", "comprehensiveIncomeNetOfTax": "168000000", "ebit": "284000000", "ebitda": "370000000", "netIncome": "111000000"}, {"fiscalDateEnding": "2020-06-30", "reportedCurrency": "USD", "grossProfit": "174000000", "totalRevenue": "1427000000", "costOfRevenue": "1489000000", "costofGoodsAndServicesSold": "1252000000", "operatingIncome": "-78000000", "sellingGeneralAndAdministrative": "184000000", "researchAndDevelopment": "88000000", "operatingExpenses": "326000000", "investmentIncomeNet": "3000000", "netInterestIncome": "-1000000", "interestIncome": "3000000", "interestExpense": "1000000", "nonInterestIncome": "1426000000", "otherNonOperatingIncome": "2000000", "depreciation": "None", "depreciationAndAmortization": "112000000", "incomeBeforeTax": "-104000000", "incomeTaxExpense": "-6000000", "interestAndDebtExpense": "18000000", "netIncomeFromContinuingOperations": "-84000000", "comprehensiveIncomeNetOfTax": "-84000000", "ebit": "-78000000", "ebitda": "9000000", "netIncome": "-98000000"}, {"fiscalDateEnding": "2020-03-31", "reportedCurrency": "USD", "grossProfit": "447000000", "totalRevenue": "2279000000", "costOfRevenue": "1832000000", "costofGoodsAndServicesSold": "1832000000", "operatingIncome": "198000000", "sellingGeneralAndAdministrative": "213000000", "researchAndDevelopment": "109000000", "operatingExpenses": "458000000", "investmentIncomeNet": "2000000", "netInterestIncome": "-4000000", "interestIncome": "2000000", "interestExpense": "4000000", "nonInterestIncome": "2279000000", "otherNonOperatingIncome": "7000000", "depreciation": "None", "depreciationAndAmortization": "112000000", "incomeBeforeTax": "178000000", "incomeTaxExpense": "49000000", "interestAndDebtExpense": "12000000", "netIncomeFromContinuingOperations": "137000000", "comprehensiveIncomeNetOfTax": "55000000", "ebit": "198000000", "ebitda": "294000000", "netIncome": "129000000"}, {"fiscalDateEnding": "2019-12-31", "reportedCurrency": "USD", "grossProfit": "545000000", "totalRevenue": "2559000000", "costOfRevenue": "2014000000", "costofGoodsAndServicesSold": "2014000000", "operatingIncome": "478000000", "sellingGeneralAndAdministrative": "205000000", "researchAndDevelopment": "94000000", "operatingExpenses": "236000000", "investmentIncomeNet": "3000000", "netInterestIncome": "-3000000", "interestIncome": "3000000", "interestExpense": "3000000", "nonInterestIncome": "-7619000000", "otherNonOperatingIncome": "10000000", "depreciation": "None", "depreciationAndAmortization": "115000000", "incomeBeforeTax": "458000000", "incomeTaxExpense": "238000000", "interestAndDebtExpense": "12000000", "netIncomeFromContinuingOperations": "237000000", "comprehensiveIncomeNetOfTax": "272000000", "ebit": "478000000", "ebitda": "576000000", "netIncome": "220000000"}, {"fiscalDateEnding": "2019-09-30", "reportedCurrency": "USD", "grossProfit": "524000000", "totalRevenue": "2492000000", "costOfRevenue": "1968000000", "costofGoodsAndServicesSold": "1968000000", "operatingIncome": "276000000", "sellingGeneralAndAdministrative": "230000000", "researchAndDevelopment": "102000000", "operatingExpenses": "346000000", "investmentIncomeNet": "4000000", "netInterestIncome": "-4000000", "interestIncome": "4000000", "interestExpense": "4000000", "nonInterestIncome": "2492000000", "otherNonOperatingIncome": "11000000", "depreciation": "None", "depreciationAndAmortization": "110000000", "incomeBeforeTax": "260000000", "incomeTaxExpense": "66000000", "interestAndDebtExpense": "15000000", "netIncomeFromContinuingOperations": "214000000", "comprehensiveIncomeNetOfTax": "85000000", "ebit": "276000000", "ebitda": "374000000", "netIncome": "194000000"}, {"fiscalDateEnding": "2019-06-30", "reportedCurrency": "USD", "grossProfit": "513000000", "totalRevenue": "2551000000", "costOfRevenue": "2038000000", "costofGoodsAndServicesSold": "2038000000", "operatingIncome": "285000000", "sellingGeneralAndAdministrative": "212000000", "researchAndDevelopment": "113000000", "operatingExpenses": "338000000", "investmentIncomeNet": "2000000", "netInterestIncome": "-4000000", "interestIncome": "2000000", "interestExpense": "4000000", "nonInterestIncome": "2551000000", "otherNonOperatingIncome": "11000000", "depreciation": "None", "depreciationAndAmortization": "107000000", "incomeBeforeTax": "245000000", "incomeTaxExpense": "73000000", "interestAndDebtExpense": "14000000", "netIncomeFromContinuingOperations": "191000000", "comprehensiveIncomeNetOfTax": "177000000", "ebit": "285000000", "ebitda": "356000000", "netIncome": "172000000"}, {"fiscalDateEnding": "2019-03-31", "reportedCurrency": "USD", "grossProfit": "519000000", "totalRevenue": "2566000000", "costOfRevenue": "2047000000", "costofGoodsAndServicesSold": "2047000000", "operatingIncome": "264000000", "sellingGeneralAndAdministrative": "226000000", "researchAndDevelopment": "104000000", "operatingExpenses": "465000000", "investmentIncomeNet": "3000000", "netInterestIncome": "-5000000", "interestIncome": "-2000000", "interestExpense": "5000000", "nonInterestIncome": "2566000000", "otherNonOperatingIncome": "12000000", "depreciation": "None", "depreciationAndAmortization": "107000000", "incomeBeforeTax": "251000000", "incomeTaxExpense": "91000000", "interestAndDebtExpense": "14000000", "netIncomeFromContinuingOperations": "180000000", "comprehensiveIncomeNetOfTax": "159000000", "ebit": "264000000", "ebitda": "363000000", "netIncome": "160000000"}, {"fiscalDateEnding": "2018-12-31", "reportedCurrency": "USD", "grossProfit": "544000000", "totalRevenue": "2574000000", "costOfRevenue": "2030000000", "costofGoodsAndServicesSold": "2030000000", "operatingIncome": "266000000", "sellingGeneralAndAdministrative": "226000000", "researchAndDevelopment": "103000000", "operatingExpenses": "254700000", "investmentIncomeNet": "2000000", "netInterestIncome": "-5700000", "interestIncome": "None", "interestExpense": "5700000", "nonInterestIncome": "19400000", "otherNonOperatingIncome": "12500000", "depreciation": "None", "depreciationAndAmortization": "105000000", "incomeBeforeTax": "249000000", "incomeTaxExpense": "19000000", "interestAndDebtExpense": "14000000", "netIncomeFromContinuingOperations": "247600000", "comprehensiveIncomeNetOfTax": "179000000", "ebit": "266000000", "ebitda": "359700000", "netIncome": "230000000"}, {"fiscalDateEnding": "2018-09-30", "reportedCurrency": "USD", "grossProfit": "515000000", "totalRevenue": "2478000000", "costOfRevenue": "1963000000", "costofGoodsAndServicesSold": "1963000000", "operatingIncome": "278000000", "sellingGeneralAndAdministrative": "230000000", "researchAndDevelopment": "108000000", "operatingExpenses": "344200000", "investmentIncomeNet": "1500000", "netInterestIncome": "-5500000", "interestIncome": "None", "interestExpense": "5500000", "nonInterestIncome": "None", "otherNonOperatingIncome": "16700000", "depreciation": "None", "depreciationAndAmortization": "108000000", "incomeBeforeTax": "271000000", "incomeTaxExpense": "67000000", "interestAndDebtExpense": "14000000", "netIncomeFromContinuingOperations": "231100000", "comprehensiveIncomeNetOfTax": "163000000", "ebit": "278000000", "ebitda": "384500000", "netIncome": "204000000"}, {"fiscalDateEnding": "2018-06-30", "reportedCurrency": "USD", "grossProfit": "580000000", "totalRevenue": "2694000000", "costOfRevenue": "2114000000", "costofGoodsAndServicesSold": "2114000000", "operatingIncome": "313000000", "sellingGeneralAndAdministrative": "237000000", "researchAndDevelopment": "112000000", "operatingExpenses": "379600000", "investmentIncomeNet": "1400000", "netInterestIncome": "-5400000", "interestIncome": "None", "interestExpense": "5400000", "nonInterestIncome": "None", "otherNonOperatingIncome": "14400000", "depreciation": "None", "depreciationAndAmortization": "109000000", "incomeBeforeTax": "302000000", "incomeTaxExpense": "30000000", "interestAndDebtExpense": "15000000", "netIncomeFromContinuingOperations": "297300000", "comprehensiveIncomeNetOfTax": "134000000", "ebit": "313000000", "ebitda": "416400000", "netIncome": "272000000"}, {"fiscalDateEnding": "2018-03-31", "reportedCurrency": "USD", "grossProfit": "591000000", "totalRevenue": "2784000000", "costOfRevenue": "2193000000", "costofGoodsAndServicesSold": "2193000000", "operatingIncome": "333000000", "sellingGeneralAndAdministrative": "253000000", "researchAndDevelopment": "117000000", "operatingExpenses": "561900000", "investmentIncomeNet": "1500000", "netInterestIncome": "-5700000", "interestIncome": "None", "interestExpense": "5700000", "nonInterestIncome": "None", "otherNonOperatingIncome": "11700000", "depreciation": "None", "depreciationAndAmortization": "109000000", "incomeBeforeTax": "320000000", "incomeTaxExpense": "95000000", "interestAndDebtExpense": "16000000", "netIncomeFromContinuingOperations": "247000000", "comprehensiveIncomeNetOfTax": "285000000", "ebit": "333000000", "ebitda": "434700000", "netIncome": "225000000"}, {"fiscalDateEnding": "2017-12-31", "reportedCurrency": "USD", "grossProfit": "564800000", "totalRevenue": "2586400000", "costOfRevenue": "2021600000", "costofGoodsAndServicesSold": "2021600000", "operatingIncome": "207800000", "sellingGeneralAndAdministrative": "240000000", "researchAndDevelopment": "105200000", "operatingExpenses": "359700000", "investmentIncomeNet": "1600000", "netInterestIncome": "-5500000", "interestIncome": "None", "interestExpense": "5500000", "nonInterestIncome": "None", "otherNonOperatingIncome": "14300000", "depreciation": "None", "depreciationAndAmortization": "-262000000", "incomeBeforeTax": "192200000", "incomeTaxExpense": "338400000", "interestAndDebtExpense": "16900000", "netIncomeFromContinuingOperations": "-132000000", "comprehensiveIncomeNetOfTax": "-90500000", "ebit": "207800000", "ebitda": "-64300000", "netIncome": "-146200000"}, {"fiscalDateEnding": "2017-09-30", "reportedCurrency": "USD", "grossProfit": "521600000", "totalRevenue": "2416200000", "costOfRevenue": "1894600000", "costofGoodsAndServicesSold": "1894600000", "operatingIncome": "274600000", "sellingGeneralAndAdministrative": "225000000", "researchAndDevelopment": "101500000", "operatingExpenses": "346000000", "investmentIncomeNet": "1300000", "netInterestIncome": "-5000000", "interestIncome": "None", "interestExpense": "5000000", "nonInterestIncome": "None", "otherNonOperatingIncome": "15700000", "depreciation": "None", "depreciationAndAmortization": "104900000", "incomeBeforeTax": "264300000", "incomeTaxExpense": "79400000", "interestAndDebtExpense": "17600000", "netIncomeFromContinuingOperations": "209000000", "comprehensiveIncomeNetOfTax": "245600000", "ebit": "274600000", "ebitda": "374200000", "netIncome": "184900000"}, {"fiscalDateEnding": "2017-06-30", "reportedCurrency": "USD", "grossProfit": "512900000", "totalRevenue": "2389700000", "costOfRevenue": "1876800000", "costofGoodsAndServicesSold": "1876800000", "operatingIncome": "298100000", "sellingGeneralAndAdministrative": "215100000", "researchAndDevelopment": "104900000", "operatingExpenses": "319900000", "investmentIncomeNet": "1400000", "netInterestIncome": "-4900000", "interestIncome": "None", "interestExpense": "4900000", "nonInterestIncome": "None", "otherNonOperatingIncome": "15800000", "depreciation": "None", "depreciationAndAmortization": "99800000", "incomeBeforeTax": "288200000", "incomeTaxExpense": "76200000", "interestAndDebtExpense": "18000000", "netIncomeFromContinuingOperations": "235500000", "comprehensiveIncomeNetOfTax": "279800000", "ebit": "298100000", "ebitda": "392900000", "netIncome": "212000000"}, {"fiscalDateEnding": "2017-03-31", "reportedCurrency": "USD", "grossProfit": "516300000", "totalRevenue": "2407000000", "costOfRevenue": "1890700000", "costofGoodsAndServicesSold": "1890700000", "operatingIncome": "291500000", "sellingGeneralAndAdministrative": "219000000", "researchAndDevelopment": "96400000", "operatingExpenses": "412500000", "investmentIncomeNet": "1500000", "netInterestIncome": "-4300000", "interestIncome": "None", "interestExpense": "4300000", "nonInterestIncome": "None", "otherNonOperatingIncome": "11200000", "depreciation": "None", "depreciationAndAmortization": "97300000", "incomeBeforeTax": "275500000", "incomeTaxExpense": "86300000", "interestAndDebtExpense": "18000000", "netIncomeFromContinuingOperations": "209300000", "comprehensiveIncomeNetOfTax": "237100000", "ebit": "291500000", "ebitda": "377100000", "netIncome": "189200000"}, {"fiscalDateEnding": "2016-12-31", "reportedCurrency": "USD", "grossProfit": "501000000", "totalRevenue": "2264900000", "costOfRevenue": "1979900000", "costofGoodsAndServicesSold": "1762400000", "operatingIncome": "293000000", "sellingGeneralAndAdministrative": "217100000", "researchAndDevelopment": "84300000", "operatingExpenses": "242500000", "investmentIncomeNet": "1600000", "netInterestIncome": "-3700000", "interestIncome": "None", "interestExpense": "3700000", "nonInterestIncome": "-20600000", "otherNonOperatingIncome": "12900000", "depreciation": "None", "depreciationAndAmortization": "-250800000", "incomeBeforeTax": "274600000", "incomeTaxExpense": "92400000", "interestAndDebtExpense": "19500000", "netIncomeFromContinuingOperations": "-281500000", "comprehensiveIncomeNetOfTax": "32100000", "ebit": "293000000", "ebitda": "27500000", "netIncome": "182200000"}]}