{"symbol": "C", "annualReports": [{"fiscalDateEnding": "2020-12-31", "reportedCurrency": "USD", "grossProfit": "56803000000", "totalRevenue": "74298000000", "costOfRevenue": "17495000000", "costofGoodsAndServicesSold": "-17495000000", "operatingIncome": "45286000000", "sellingGeneralAndAdministrative": "10933000000", "researchAndDevelopment": "None", "operatingExpenses": "11517000000", "investmentIncomeNet": "None", "netInterestIncome": "43548000000", "interestIncome": "58089000000", "interestExpense": "14541000000", "nonInterestIncome": "30750000000", "otherNonOperatingIncome": "420000000", "depreciation": "None", "depreciationAndAmortization": "419000000", "incomeBeforeTax": "13572000000", "incomeTaxExpense": "2525000000", "interestAndDebtExpense": "14541000000", "netIncomeFromContinuingOperations": "11067000000", "comprehensiveIncomeNetOfTax": "15307000000", "ebit": "28113000000", "ebitda": "28532000000", "netIncome": "11047000000"}, {"fiscalDateEnding": "2019-12-31", "reportedCurrency": "USD", "grossProfit": "65903000000", "totalRevenue": "74286000000", "costOfRevenue": "8383000000", "costofGoodsAndServicesSold": "-8383000000", "operatingIncome": "54386000000", "sellingGeneralAndAdministrative": "10921000000", "researchAndDevelopment": "None", "operatingExpenses": "11517000000", "investmentIncomeNet": "None", "netInterestIncome": "47347000000", "interestIncome": "76510000000", "interestExpense": "29163000000", "nonInterestIncome": "26939000000", "otherNonOperatingIncome": "1448000000", "depreciation": "None", "depreciationAndAmortization": "564000000", "incomeBeforeTax": "23831000000", "incomeTaxExpense": "4430000000", "interestAndDebtExpense": "29163000000", "netIncomeFromContinuingOperations": "19405000000", "comprehensiveIncomeNetOfTax": "20253000000", "ebit": "52994000000", "ebitda": "53558000000", "netIncome": "19401000000"}, {"fiscalDateEnding": "2018-12-31", "reportedCurrency": "USD", "grossProfit": "65286000000", "totalRevenue": "72854000000", "costOfRevenue": "7568000000", "costofGoodsAndServicesSold": "None", "operatingIncome": "10593000000", "sellingGeneralAndAdministrative": "12062000000", "researchAndDevelopment": "None", "operatingExpenses": "12751000000", "investmentIncomeNet": "None", "netInterestIncome": "46562000000", "interestIncome": "70828000000", "interestExpense": "24266000000", "nonInterestIncome": "26292000000", "otherNonOperatingIncome": "1661000000", "depreciation": "None", "depreciationAndAmortization": "557000000", "incomeBeforeTax": "23402000000", "incomeTaxExpense": "5357000000", "interestAndDebtExpense": "24266000000", "netIncomeFromContinuingOperations": "18053000000", "comprehensiveIncomeNetOfTax": "15546000000", "ebit": "47668000000", "ebitda": "48225000000", "netIncome": "18045000000"}, {"fiscalDateEnding": "2017-12-31", "reportedCurrency": "USD", "grossProfit": "64993000000", "totalRevenue": "72444000000", "costOfRevenue": "7451000000", "costofGoodsAndServicesSold": "51275000000", "operatingIncome": "-11275000000", "sellingGeneralAndAdministrative": "33233000000", "researchAndDevelopment": "None", "operatingExpenses": "33927000000", "investmentIncomeNet": "None", "netInterestIncome": "45061000000", "interestIncome": "61579000000", "interestExpense": "16518000000", "nonInterestIncome": "27383000000", "otherNonOperatingIncome": "1437000000", "depreciation": "None", "depreciationAndAmortization": "603000000", "incomeBeforeTax": "22590000000", "incomeTaxExpense": "29388000000", "interestAndDebtExpense": "16517000000", "netIncomeFromContinuingOperations": "-6687000000", "comprehensiveIncomeNetOfTax": "-9589000000", "ebit": "39108000000", "ebitda": "39711000000", "netIncome": "-6798000000"}, {"fiscalDateEnding": "2016-12-31", "reportedCurrency": "USD", "grossProfit": "21273000000", "totalRevenue": "70797000000", "costOfRevenue": "48602000000", "costofGoodsAndServicesSold": "49473000000", "operatingIncome": "-12872000000", "sellingGeneralAndAdministrative": "32929000000", "researchAndDevelopment": "None", "operatingExpenses": "34145000000", "investmentIncomeNet": "None", "netInterestIncome": "45476000000", "interestIncome": "57988000000", "interestExpense": "12512000000", "nonInterestIncome": "25321000000", "otherNonOperatingIncome": "2163000000", "depreciation": "None", "depreciationAndAmortization": "595000000", "incomeBeforeTax": "21356000000", "incomeTaxExpense": "6444000000", "interestAndDebtExpense": "12511000000", "netIncomeFromContinuingOperations": "14970000000", "comprehensiveIncomeNetOfTax": "11890000000", "ebit": "33868000000", "ebitda": "34463000000", "netIncome": "14912000000"}], "quarterlyReports": [{"fiscalDateEnding": "2021-09-30", "reportedCurrency": "USD", "grossProfit": "5836000000", "totalRevenue": "17154000000", "costOfRevenue": "11318000000", "costofGoodsAndServicesSold": "-22000000", "operatingIncome": "2877000000", "sellingGeneralAndAdministrative": "2959000000", "researchAndDevelopment": "None", "operatingExpenses": "2959000000", "investmentIncomeNet": "None", "netInterestIncome": "10398000000", "interestIncome": "12650000000", "interestExpense": "2252000000", "nonInterestIncome": "6756000000", "otherNonOperatingIncome": "31000000", "depreciation": "None", "depreciationAndAmortization": "1035000000", "incomeBeforeTax": "5837000000", "incomeTaxExpense": "1193000000", "interestAndDebtExpense": "2252000000", "netIncomeFromContinuingOperations": "4645000000", "comprehensiveIncomeNetOfTax": "2913000000", "ebit": "8089000000", "ebitda": "9124000000", "netIncome": "4644000000"}, {"fiscalDateEnding": "2021-06-30", "reportedCurrency": "USD", "grossProfit": "7393000000", "totalRevenue": "17474000000", "costOfRevenue": "10081000000", "costofGoodsAndServicesSold": "-15000000", "operatingIncome": "4600000000", "sellingGeneralAndAdministrative": "2793000000", "researchAndDevelopment": "None", "operatingExpenses": "2793000000", "investmentIncomeNet": "None", "netInterestIncome": "10199000000", "interestIncome": "12463000000", "interestExpense": "2264000000", "nonInterestIncome": "7275000000", "otherNonOperatingIncome": "451000000", "depreciation": "None", "depreciationAndAmortization": "982000000", "incomeBeforeTax": "7348000000", "incomeTaxExpense": "1155000000", "interestAndDebtExpense": "2264000000", "netIncomeFromContinuingOperations": "6183000000", "comprehensiveIncomeNetOfTax": "6084000000", "ebit": "9612000000", "ebitda": "10594000000", "netIncome": "6193000000"}, {"fiscalDateEnding": "2021-03-31", "reportedCurrency": "USD", "grossProfit": "9681000000", "totalRevenue": "19327000000", "costOfRevenue": "9646000000", "costofGoodsAndServicesSold": "None", "operatingIncome": "6914000000", "sellingGeneralAndAdministrative": "2698000000", "researchAndDevelopment": "None", "operatingExpenses": "2767000000", "investmentIncomeNet": "None", "netInterestIncome": "10166000000", "interestIncome": "12534000000", "interestExpense": "2368000000", "nonInterestIncome": "9161000000", "otherNonOperatingIncome": "285000000", "depreciation": "None", "depreciationAndAmortization": "962000000", "incomeBeforeTax": "10274000000", "incomeTaxExpense": "2332000000", "interestAndDebtExpense": "2368000000", "netIncomeFromContinuingOperations": "7944000000", "comprehensiveIncomeNetOfTax": "4989000000", "ebit": "12642000000", "ebitda": "13604000000", "netIncome": "7942000000"}, {"fiscalDateEnding": "2020-12-31", "reportedCurrency": "USD", "grossProfit": "16545000000", "totalRevenue": "16499000000", "costOfRevenue": "-46000000", "costofGoodsAndServicesSold": "None", "operatingIncome": "16545000000", "sellingGeneralAndAdministrative": "3011000000", "researchAndDevelopment": "None", "operatingExpenses": "3441000000", "investmentIncomeNet": "None", "netInterestIncome": "10483000000", "interestIncome": "13047000000", "interestExpense": "2564000000", "nonInterestIncome": "6016000000", "otherNonOperatingIncome": "210000000", "depreciation": "None", "depreciationAndAmortization": "1051000000", "incomeBeforeTax": "5425000000", "incomeTaxExpense": "1116000000", "interestAndDebtExpense": "2564000000", "netIncomeFromContinuingOperations": "3973000000", "comprehensiveIncomeNetOfTax": "4986000000", "ebit": "7989000000", "ebitda": "8264000000", "netIncome": "4309000000"}, {"fiscalDateEnding": "2020-09-30", "reportedCurrency": "USD", "grossProfit": "14918000000", "totalRevenue": "17302000000", "costOfRevenue": "2384000000", "costofGoodsAndServicesSold": "None", "operatingIncome": "12336000000", "sellingGeneralAndAdministrative": "2704000000", "researchAndDevelopment": "None", "operatingExpenses": "2704000000", "investmentIncomeNet": "None", "netInterestIncome": "10493000000", "interestIncome": "13314000000", "interestExpense": "2821000000", "nonInterestIncome": "6809000000", "otherNonOperatingIncome": "378000000", "depreciation": "None", "depreciationAndAmortization": "1033000000", "incomeBeforeTax": "3923000000", "incomeTaxExpense": "777000000", "interestAndDebtExpense": "2821000000", "netIncomeFromContinuingOperations": "3237000000", "comprehensiveIncomeNetOfTax": "3426000000", "ebit": "6744000000", "ebitda": "7899000000", "netIncome": "3146000000"}, {"fiscalDateEnding": "2020-06-30", "reportedCurrency": "USD", "grossProfit": "11569000000", "totalRevenue": "19766000000", "costOfRevenue": "8197000000", "costofGoodsAndServicesSold": "-7903000000", "operatingIncome": "9261000000", "sellingGeneralAndAdministrative": "2602000000", "researchAndDevelopment": "None", "operatingExpenses": "2602000000", "investmentIncomeNet": "None", "netInterestIncome": "11080000000", "interestIncome": "14589000000", "interestExpense": "3509000000", "nonInterestIncome": "8686000000", "otherNonOperatingIncome": "106000000", "depreciation": "None", "depreciationAndAmortization": "926000000", "incomeBeforeTax": "1108000000", "incomeTaxExpense": "52000000", "interestAndDebtExpense": "3509000000", "netIncomeFromContinuingOperations": "1303000000", "comprehensiveIncomeNetOfTax": "232000000", "ebit": "4617000000", "ebitda": "None", "netIncome": "1056000000"}, {"fiscalDateEnding": "2020-03-31", "reportedCurrency": "USD", "grossProfit": "13771000000", "totalRevenue": "20731000000", "costOfRevenue": "6960000000", "costofGoodsAndServicesSold": "-7027000000", "operatingIncome": "11033000000", "sellingGeneralAndAdministrative": "2616000000", "researchAndDevelopment": "None", "operatingExpenses": "2671000000", "investmentIncomeNet": "None", "netInterestIncome": "11492000000", "interestIncome": "17139000000", "interestExpense": "5647000000", "nonInterestIncome": "9239000000", "otherNonOperatingIncome": "-274000000", "depreciation": "None", "depreciationAndAmortization": "927000000", "incomeBeforeTax": "3116000000", "incomeTaxExpense": "580000000", "interestAndDebtExpense": "5647000000", "netIncomeFromContinuingOperations": "2554000000", "comprehensiveIncomeNetOfTax": "6333000000", "ebit": "8763000000", "ebitda": "None", "netIncome": "2536000000"}, {"fiscalDateEnding": "2019-12-31", "reportedCurrency": "USD", "grossProfit": "16156000000", "totalRevenue": "18378000000", "costOfRevenue": "2222000000", "costofGoodsAndServicesSold": "-8383000000", "operatingIncome": "16156000000", "sellingGeneralAndAdministrative": "2810000000", "researchAndDevelopment": "None", "operatingExpenses": "3378000000", "investmentIncomeNet": "None", "netInterestIncome": "11997000000", "interestIncome": "18545000000", "interestExpense": "6548000000", "nonInterestIncome": "6381000000", "otherNonOperatingIncome": "603000000", "depreciation": "None", "depreciationAndAmortization": "1039000000", "incomeBeforeTax": "5682000000", "incomeTaxExpense": "703000000", "interestAndDebtExpense": "6548000000", "netIncomeFromContinuingOperations": "4983000000", "comprehensiveIncomeNetOfTax": "4796000000", "ebit": "12230000000", "ebitda": "None", "netIncome": "4979000000"}, {"fiscalDateEnding": "2019-09-30", "reportedCurrency": "USD", "grossProfit": "16486000000", "totalRevenue": "18574000000", "costOfRevenue": "2088000000", "costofGoodsAndServicesSold": "None", "operatingIncome": "3264000000", "sellingGeneralAndAdministrative": "2741000000", "researchAndDevelopment": "None", "operatingExpenses": "2741000000", "investmentIncomeNet": "None", "netInterestIncome": "11641000000", "interestIncome": "19177000000", "interestExpense": "7536000000", "nonInterestIncome": "6933000000", "otherNonOperatingIncome": "-2000000", "depreciation": "None", "depreciationAndAmortization": "983000000", "incomeBeforeTax": "5992000000", "incomeTaxExpense": "1079000000", "interestAndDebtExpense": "7536000000", "netIncomeFromContinuingOperations": "4928000000", "comprehensiveIncomeNetOfTax": "3981000000", "ebit": "13528000000", "ebitda": "None", "netIncome": "4913000000"}, {"fiscalDateEnding": "2019-06-30", "reportedCurrency": "USD", "grossProfit": "16665000000", "totalRevenue": "18758000000", "costOfRevenue": "2093000000", "costofGoodsAndServicesSold": "None", "operatingIncome": "3419000000", "sellingGeneralAndAdministrative": "2727000000", "researchAndDevelopment": "None", "operatingExpenses": "2727000000", "investmentIncomeNet": "None", "netInterestIncome": "11950000000", "interestIncome": "19712000000", "interestExpense": "7762000000", "nonInterestIncome": "6808000000", "otherNonOperatingIncome": "721000000", "depreciation": "None", "depreciationAndAmortization": "952000000", "incomeBeforeTax": "6172000000", "incomeTaxExpense": "1373000000", "interestAndDebtExpense": "7762000000", "netIncomeFromContinuingOperations": "4782000000", "comprehensiveIncomeNetOfTax": "5904000000", "ebit": "13934000000", "ebitda": "None", "netIncome": "4799000000"}, {"fiscalDateEnding": "2019-03-31", "reportedCurrency": "USD", "grossProfit": "16596000000", "totalRevenue": "18576000000", "costOfRevenue": "1980000000", "costofGoodsAndServicesSold": "None", "operatingIncome": "3349000000", "sellingGeneralAndAdministrative": "2643000000", "researchAndDevelopment": "None", "operatingExpenses": "2651000000", "investmentIncomeNet": "None", "netInterestIncome": "11759000000", "interestIncome": "19076000000", "interestExpense": "7317000000", "nonInterestIncome": "6817000000", "otherNonOperatingIncome": "126000000", "depreciation": "None", "depreciationAndAmortization": "931000000", "incomeBeforeTax": "5985000000", "incomeTaxExpense": "1275000000", "interestAndDebtExpense": "7317000000", "netIncomeFromContinuingOperations": "4712000000", "comprehensiveIncomeNetOfTax": "5572000000", "ebit": "13302000000", "ebitda": "None", "netIncome": "4710000000"}, {"fiscalDateEnding": "2018-12-31", "reportedCurrency": "USD", "grossProfit": "15199000000", "totalRevenue": "17124000000", "costOfRevenue": "1925000000", "costofGoodsAndServicesSold": "14613000000", "operatingIncome": "5306000000", "sellingGeneralAndAdministrative": "3803000000", "researchAndDevelopment": "None", "operatingExpenses": "4379000000", "investmentIncomeNet": "None", "netInterestIncome": "11923000000", "interestIncome": "18776000000", "interestExpense": "6853000000", "nonInterestIncome": "5201000000", "otherNonOperatingIncome": "224000000", "depreciation": "None", "depreciationAndAmortization": "954000000", "incomeBeforeTax": "5314000000", "incomeTaxExpense": "1001000000", "interestAndDebtExpense": "6853000000", "netIncomeFromContinuingOperations": "4321000000", "comprehensiveIncomeNetOfTax": "5788000000", "ebit": "12167000000", "ebitda": "None", "netIncome": "4313000000"}, {"fiscalDateEnding": "2018-09-30", "reportedCurrency": "USD", "grossProfit": "16415000000", "totalRevenue": "18389000000", "costOfRevenue": "1974000000", "costofGoodsAndServicesSold": "13920000000", "operatingIncome": "3329000000", "sellingGeneralAndAdministrative": "2749000000", "researchAndDevelopment": "None", "operatingExpenses": "2749000000", "investmentIncomeNet": "None", "netInterestIncome": "11802000000", "interestIncome": "18170000000", "interestExpense": "6368000000", "nonInterestIncome": "6587000000", "otherNonOperatingIncome": "510000000", "depreciation": "None", "depreciationAndAmortization": "945000000", "incomeBeforeTax": "6093000000", "incomeTaxExpense": "1471000000", "interestAndDebtExpense": "6368000000", "netIncomeFromContinuingOperations": "4630000000", "comprehensiveIncomeNetOfTax": "3471000000", "ebit": "12461000000", "ebitda": "None", "netIncome": "4622000000"}, {"fiscalDateEnding": "2018-06-30", "reportedCurrency": "USD", "grossProfit": "16657000000", "totalRevenue": "18469000000", "costOfRevenue": "1812000000", "costofGoodsAndServicesSold": "13839000000", "operatingIncome": "3146000000", "sellingGeneralAndAdministrative": "2778000000", "researchAndDevelopment": "None", "operatingExpenses": "2778000000", "investmentIncomeNet": "None", "netInterestIncome": "11665000000", "interestIncome": "17550000000", "interestExpense": "5885000000", "nonInterestIncome": "6804000000", "otherNonOperatingIncome": "546000000", "depreciation": "None", "depreciationAndAmortization": "929000000", "incomeBeforeTax": "5934000000", "incomeTaxExpense": "1444000000", "interestAndDebtExpense": "5885000000", "netIncomeFromContinuingOperations": "4475000000", "comprehensiveIncomeNetOfTax": "1615000000", "ebit": "11819000000", "ebitda": "None", "netIncome": "4490000000"}, {"fiscalDateEnding": "2018-03-31", "reportedCurrency": "USD", "grossProfit": "17015000000", "totalRevenue": "18872000000", "costOfRevenue": "1857000000", "costofGoodsAndServicesSold": "13853000000", "operatingIncome": "-2503000000", "sellingGeneralAndAdministrative": "8539000000", "researchAndDevelopment": "None", "operatingExpenses": "8567000000", "investmentIncomeNet": "None", "netInterestIncome": "11172000000", "interestIncome": "16332000000", "interestExpense": "5160000000", "nonInterestIncome": "7700000000", "otherNonOperatingIncome": "381000000", "depreciation": "None", "depreciationAndAmortization": "926000000", "incomeBeforeTax": "6061000000", "incomeTaxExpense": "1441000000", "interestAndDebtExpense": "5160000000", "netIncomeFromContinuingOperations": "4627000000", "comprehensiveIncomeNetOfTax": "4672000000", "ebit": "11221000000", "ebitda": "None", "netIncome": "4620000000"}, {"fiscalDateEnding": "2017-12-31", "reportedCurrency": "USD", "grossProfit": "5099000000", "totalRevenue": "17504000000", "costOfRevenue": "-29162000000", "costofGoodsAndServicesSold": "13004000000", "operatingIncome": "5099000000", "sellingGeneralAndAdministrative": "8770000000", "researchAndDevelopment": "None", "operatingExpenses": "9389000000", "investmentIncomeNet": "None", "netInterestIncome": "11313000000", "interestIncome": "15850000000", "interestExpense": "4537000000", "nonInterestIncome": "6191000000", "otherNonOperatingIncome": "1033000000", "depreciation": "None", "depreciationAndAmortization": "942000000", "incomeBeforeTax": "4971000000", "incomeTaxExpense": "23864000000", "interestAndDebtExpense": "4536000000", "netIncomeFromContinuingOperations": "-18784000000", "comprehensiveIncomeNetOfTax": "-23670000000", "ebit": "9508000000", "ebitda": "None", "netIncome": "-18893000000"}, {"fiscalDateEnding": "2017-09-30", "reportedCurrency": "USD", "grossProfit": "5975000000", "totalRevenue": "18419000000", "costOfRevenue": "12198000000", "costofGoodsAndServicesSold": "13270000000", "operatingIncome": "-2113000000", "sellingGeneralAndAdministrative": "8088000000", "researchAndDevelopment": "None", "operatingExpenses": "8088000000", "investmentIncomeNet": "None", "netInterestIncome": "11535000000", "interestIncome": "15914000000", "interestExpense": "4379000000", "nonInterestIncome": "6884000000", "otherNonOperatingIncome": "268000000", "depreciation": "None", "depreciationAndAmortization": "920000000", "incomeBeforeTax": "5999000000", "incomeTaxExpense": "1866000000", "interestAndDebtExpense": "4379000000", "netIncomeFromContinuingOperations": "4138000000", "comprehensiveIncomeNetOfTax": "4141000000", "ebit": "10378000000", "ebitda": "None", "netIncome": "4133000000"}, {"fiscalDateEnding": "2017-06-30", "reportedCurrency": "USD", "grossProfit": "5655000000", "totalRevenue": "18155000000", "costOfRevenue": "12246000000", "costofGoodsAndServicesSold": "13172000000", "operatingIncome": "-2534000000", "sellingGeneralAndAdministrative": "8189000000", "researchAndDevelopment": "None", "operatingExpenses": "8189000000", "investmentIncomeNet": "None", "netInterestIncome": "11258000000", "interestIncome": "15294000000", "interestExpense": "4036000000", "nonInterestIncome": "6897000000", "otherNonOperatingIncome": "-112000000", "depreciation": "None", "depreciationAndAmortization": "901000000", "incomeBeforeTax": "5667000000", "incomeTaxExpense": "1795000000", "interestAndDebtExpense": "4036000000", "netIncomeFromContinuingOperations": "3851000000", "comprehensiveIncomeNetOfTax": "4386000000", "ebit": "9703000000", "ebitda": "None", "netIncome": "3872000000"}, {"fiscalDateEnding": "2017-03-31", "reportedCurrency": "USD", "grossProfit": "5951000000", "totalRevenue": "18366000000", "costOfRevenue": "12169000000", "costofGoodsAndServicesSold": "12825000000", "operatingIncome": "-2275000000", "sellingGeneralAndAdministrative": "8186000000", "researchAndDevelopment": "None", "operatingExpenses": "8226000000", "investmentIncomeNet": "None", "netInterestIncome": "10955000000", "interestIncome": "14521000000", "interestExpense": "3566000000", "nonInterestIncome": "7411000000", "otherNonOperatingIncome": "248000000", "depreciation": "None", "depreciationAndAmortization": "896000000", "incomeBeforeTax": "5953000000", "incomeTaxExpense": "1863000000", "interestAndDebtExpense": "3566000000", "netIncomeFromContinuingOperations": "4108000000", "comprehensiveIncomeNetOfTax": "5554000000", "ebit": "9519000000", "ebitda": "None", "netIncome": "4090000000"}, {"fiscalDateEnding": "2016-12-31", "reportedCurrency": "USD", "grossProfit": "5100000000", "totalRevenue": "17012000000", "costOfRevenue": "11912000000", "costofGoodsAndServicesSold": "12249000000", "operatingIncome": "5100000000", "sellingGeneralAndAdministrative": "8798000000", "researchAndDevelopment": "None", "operatingExpenses": "9398000000", "investmentIncomeNet": "None", "netInterestIncome": "11534000000", "interestIncome": "14812000000", "interestExpense": "3278000000", "nonInterestIncome": "6400000000", "otherNonOperatingIncome": "242000000", "depreciation": "None", "depreciationAndAmortization": "1006000000", "incomeBeforeTax": "5082000000", "incomeTaxExpense": "1509000000", "interestAndDebtExpense": "3277000000", "netIncomeFromContinuingOperations": "3576000000", "comprehensiveIncomeNetOfTax": "-1615000000", "ebit": "8360000000", "ebitda": "None", "netIncome": "3573000000"}]}