{"symbol": "CAH", "annualReports": [{"fiscalDateEnding": "2021-06-30", "reportedCurrency": "USD", "grossProfit": "6778000000", "totalRevenue": "162467000000", "costOfRevenue": "155689000000", "costofGoodsAndServicesSold": "155689000000", "operatingIncome": "472000000", "sellingGeneralAndAdministrative": "4533000000", "researchAndDevelopment": "None", "operatingExpenses": "6285000000", "investmentIncomeNet": "None", "netInterestIncome": "-180000000", "interestIncome": "-182000000", "interestExpense": "180000000", "nonInterestIncome": "-14000000", "otherNonOperatingIncome": "47000000", "depreciation": "377000000", "depreciationAndAmortization": "444000000", "incomeBeforeTax": "322000000", "incomeTaxExpense": "-289000000", "interestAndDebtExpense": "194000000", "netIncomeFromContinuingOperations": "612000000", "comprehensiveIncomeNetOfTax": "681000000", "ebit": "502000000", "ebitda": "946000000", "netIncome": "611000000"}, {"fiscalDateEnding": "2020-06-30", "reportedCurrency": "USD", "grossProfit": "6868000000", "totalRevenue": "152922000000", "costOfRevenue": "146054000000", "costofGoodsAndServicesSold": "146054000000", "operatingIncome": "-4098000000", "sellingGeneralAndAdministrative": "4572000000", "researchAndDevelopment": "None", "operatingExpenses": "11066000000", "investmentIncomeNet": "None", "netInterestIncome": "-238000000", "interestIncome": "341000000", "interestExpense": "238000000", "nonInterestIncome": "-16000000", "otherNonOperatingIncome": "1000000", "depreciation": "405000000", "depreciationAndAmortization": "525000000", "incomeBeforeTax": "-3775000000", "incomeTaxExpense": "-79000000", "interestAndDebtExpense": "254000000", "netIncomeFromContinuingOperations": "-3691000000", "comprehensiveIncomeNetOfTax": "-3721000000", "ebit": "-3537000000", "ebitda": "-3012000000", "netIncome": "-3696000000"}, {"fiscalDateEnding": "2019-06-30", "reportedCurrency": "USD", "grossProfit": "6834000000", "totalRevenue": "145534000000", "costOfRevenue": "138700000000", "costofGoodsAndServicesSold": "138700000000", "operatingIncome": "2060000000", "sellingGeneralAndAdministrative": "4480000000", "researchAndDevelopment": "None", "operatingExpenses": "5260000000", "investmentIncomeNet": "None", "netInterestIncome": "-294000000", "interestIncome": "-307000000", "interestExpense": "294000000", "nonInterestIncome": "0", "otherNonOperatingIncome": "-15000000", "depreciation": "455000000", "depreciationAndAmortization": "531000000", "incomeBeforeTax": "1749000000", "incomeTaxExpense": "386000000", "interestAndDebtExpense": "294000000", "netIncomeFromContinuingOperations": "1365000000", "comprehensiveIncomeNetOfTax": "1376000000", "ebit": "2043000000", "ebitda": "2574000000", "netIncome": "1363000000"}, {"fiscalDateEnding": "2018-06-30", "reportedCurrency": "USD", "grossProfit": "7181000000", "totalRevenue": "136809000000", "costOfRevenue": "129628000000", "costofGoodsAndServicesSold": "129628000000", "operatingIncome": "126000000", "sellingGeneralAndAdministrative": "4596000000", "researchAndDevelopment": "None", "operatingExpenses": "6988000000", "investmentIncomeNet": "None", "netInterestIncome": "-329000000", "interestIncome": "-334000000", "interestExpense": "329000000", "nonInterestIncome": "-2000000", "otherNonOperatingIncome": "-23000000", "depreciation": "446000000", "depreciationAndAmortization": "574000000", "incomeBeforeTax": "-231000000", "incomeTaxExpense": "-487000000", "interestAndDebtExpense": "331000000", "netIncomeFromContinuingOperations": "259000000", "comprehensiveIncomeNetOfTax": "289000000", "ebit": "98000000", "ebitda": "672000000", "netIncome": "256000000"}, {"fiscalDateEnding": "2017-06-30", "reportedCurrency": "USD", "grossProfit": "6544000000", "totalRevenue": "129976000000", "costOfRevenue": "123432000000", "costofGoodsAndServicesSold": "123432000000", "operatingIncome": "2120000000", "sellingGeneralAndAdministrative": "3775000000", "researchAndDevelopment": "None", "operatingExpenses": "4337000000", "investmentIncomeNet": "None", "netInterestIncome": "-201000000", "interestIncome": "-206000000", "interestExpense": "201000000", "nonInterestIncome": "0", "otherNonOperatingIncome": "5000000", "depreciation": "314000000", "depreciationAndAmortization": "395000000", "incomeBeforeTax": "1918000000", "incomeTaxExpense": "630000000", "interestAndDebtExpense": "201000000", "netIncomeFromContinuingOperations": "1288000000", "comprehensiveIncomeNetOfTax": "1279000000", "ebit": "2119000000", "ebitda": "2514000000", "netIncome": "1288000000"}], "quarterlyReports": [{"fiscalDateEnding": "2021-09-30", "reportedCurrency": "USD", "grossProfit": "1642000000", "totalRevenue": "43968000000", "costOfRevenue": "42326000000", "costofGoodsAndServicesSold": "42326000000", "operatingIncome": "415000000", "sellingGeneralAndAdministrative": "1114000000", "researchAndDevelopment": "None", "operatingExpenses": "1240000000", "investmentIncomeNet": "None", "netInterestIncome": "-40000000", "interestIncome": "-40000000", "interestExpense": "40000000", "nonInterestIncome": "-10000000", "otherNonOperatingIncome": "4000000", "depreciation": "None", "depreciationAndAmortization": "78000000", "incomeBeforeTax": "368000000", "incomeTaxExpense": "97000000", "interestAndDebtExpense": "50000000", "netIncomeFromContinuingOperations": "272000000", "comprehensiveIncomeNetOfTax": "244000000", "ebit": "408000000", "ebitda": "486000000", "netIncome": "271000000"}, {"fiscalDateEnding": "2021-06-30", "reportedCurrency": "USD", "grossProfit": "1475000000", "totalRevenue": "42586000000", "costOfRevenue": "41111000000", "costofGoodsAndServicesSold": "41111000000", "operatingIncome": "162000000", "sellingGeneralAndAdministrative": "1129000000", "researchAndDevelopment": "None", "operatingExpenses": "1329000000", "investmentIncomeNet": "None", "netInterestIncome": "-44000000", "interestIncome": "-46000000", "interestExpense": "44000000", "nonInterestIncome": "-13000000", "otherNonOperatingIncome": "16000000", "depreciation": "None", "depreciationAndAmortization": "107000000", "incomeBeforeTax": "-466000000", "incomeTaxExpense": "-582000000", "interestAndDebtExpense": "57000000", "netIncomeFromContinuingOperations": "701000000", "comprehensiveIncomeNetOfTax": "130000000", "ebit": "-422000000", "ebitda": "-315000000", "netIncome": "116000000"}, {"fiscalDateEnding": "2021-03-31", "reportedCurrency": "USD", "grossProfit": "1812000000", "totalRevenue": "39275000000", "costOfRevenue": "37463000000", "costofGoodsAndServicesSold": "37463000000", "operatingIncome": "473000000", "sellingGeneralAndAdministrative": "1120000000", "researchAndDevelopment": "None", "operatingExpenses": "1268000000", "investmentIncomeNet": "None", "netInterestIncome": "-45000000", "interestIncome": "-45000000", "interestExpense": "45000000", "nonInterestIncome": "0", "otherNonOperatingIncome": "12000000", "depreciation": "None", "depreciationAndAmortization": "109000000", "incomeBeforeTax": "-201000000", "incomeTaxExpense": "-320000000", "interestAndDebtExpense": "45000000", "netIncomeFromContinuingOperations": "760000000", "comprehensiveIncomeNetOfTax": "124000000", "ebit": "-156000000", "ebitda": "-47000000", "netIncome": "119000000"}, {"fiscalDateEnding": "2020-12-31", "reportedCurrency": "USD", "grossProfit": "1776000000", "totalRevenue": "41541000000", "costOfRevenue": "39765000000", "costofGoodsAndServicesSold": "39765000000", "operatingIncome": "461000000", "sellingGeneralAndAdministrative": "1147000000", "researchAndDevelopment": "None", "operatingExpenses": "1312000000", "investmentIncomeNet": "None", "netInterestIncome": "-46000000", "interestIncome": "-46000000", "interestExpense": "46000000", "nonInterestIncome": "0", "otherNonOperatingIncome": "12000000", "depreciation": "None", "depreciationAndAmortization": "113000000", "incomeBeforeTax": "832000000", "incomeTaxExpense": "203000000", "interestAndDebtExpense": "46000000", "netIncomeFromContinuingOperations": "224000000", "comprehensiveIncomeNetOfTax": "663000000", "ebit": "878000000", "ebitda": "991000000", "netIncome": "629000000"}, {"fiscalDateEnding": "2020-09-30", "reportedCurrency": "USD", "grossProfit": "1715000000", "totalRevenue": "39065000000", "costOfRevenue": "37350000000", "costofGoodsAndServicesSold": "37350000000", "operatingIncome": "-624000000", "sellingGeneralAndAdministrative": "1137000000", "researchAndDevelopment": "None", "operatingExpenses": "2343000000", "investmentIncomeNet": "None", "netInterestIncome": "-45000000", "interestIncome": "-45000000", "interestExpense": "45000000", "nonInterestIncome": "-1000000", "otherNonOperatingIncome": "7000000", "depreciation": "None", "depreciationAndAmortization": "115000000", "incomeBeforeTax": "-663000000", "incomeTaxExpense": "-410000000", "interestAndDebtExpense": "45000000", "netIncomeFromContinuingOperations": "-253000000", "comprehensiveIncomeNetOfTax": "-236000000", "ebit": "-618000000", "ebitda": "-503000000", "netIncome": "-253000000"}, {"fiscalDateEnding": "2020-06-30", "reportedCurrency": "USD", "grossProfit": "1590000000", "totalRevenue": "36689000000", "costOfRevenue": "35099000000", "costofGoodsAndServicesSold": "35099000000", "operatingIncome": "270000000", "sellingGeneralAndAdministrative": "1137000000", "researchAndDevelopment": "None", "operatingExpenses": "1137000000", "investmentIncomeNet": "None", "netInterestIncome": "-49000000", "interestIncome": "530000000", "interestExpense": "49000000", "nonInterestIncome": "-7000000", "otherNonOperatingIncome": "22000000", "depreciation": "None", "depreciationAndAmortization": "131000000", "incomeBeforeTax": "340000000", "incomeTaxExpense": "-316000000", "interestAndDebtExpense": "56000000", "netIncomeFromContinuingOperations": "453000000", "comprehensiveIncomeNetOfTax": "693000000", "ebit": "389000000", "ebitda": "520000000", "netIncome": "656000000"}, {"fiscalDateEnding": "2020-03-31", "reportedCurrency": "USD", "grossProfit": "1885000000", "totalRevenue": "39157000000", "costOfRevenue": "37272000000", "costofGoodsAndServicesSold": "37272000000", "operatingIncome": "562000000", "sellingGeneralAndAdministrative": "1165000000", "researchAndDevelopment": "None", "operatingExpenses": "1324000000", "investmentIncomeNet": "None", "netInterestIncome": "-60000000", "interestIncome": "-60000000", "interestExpense": "60000000", "nonInterestIncome": "-5000000", "otherNonOperatingIncome": "-19000000", "depreciation": "None", "depreciationAndAmortization": "130000000", "incomeBeforeTax": "223000000", "incomeTaxExpense": "-127000000", "interestAndDebtExpense": "65000000", "netIncomeFromContinuingOperations": "351000000", "comprehensiveIncomeNetOfTax": "312000000", "ebit": "283000000", "ebitda": "413000000", "netIncome": "350000000"}, {"fiscalDateEnding": "2019-12-31", "reportedCurrency": "USD", "grossProfit": "1714000000", "totalRevenue": "39735000000", "costOfRevenue": "38021000000", "costofGoodsAndServicesSold": "38021000000", "operatingIncome": "334000000", "sellingGeneralAndAdministrative": "1163000000", "researchAndDevelopment": "None", "operatingExpenses": "1371000000", "investmentIncomeNet": "None", "netInterestIncome": "-63000000", "interestIncome": "-63000000", "interestExpense": "63000000", "nonInterestIncome": "-4000000", "otherNonOperatingIncome": "12000000", "depreciation": "None", "depreciationAndAmortization": "131000000", "incomeBeforeTax": "161000000", "incomeTaxExpense": "-59000000", "interestAndDebtExpense": "67000000", "netIncomeFromContinuingOperations": "220000000", "comprehensiveIncomeNetOfTax": "218000000", "ebit": "224000000", "ebitda": "355000000", "netIncome": "220000000"}, {"fiscalDateEnding": "2019-09-30", "reportedCurrency": "USD", "grossProfit": "1679000000", "totalRevenue": "37341000000", "costOfRevenue": "35662000000", "costofGoodsAndServicesSold": "35662000000", "operatingIncome": "-5264000000", "sellingGeneralAndAdministrative": "1107000000", "researchAndDevelopment": "None", "operatingExpenses": "6972000000", "investmentIncomeNet": "None", "netInterestIncome": "-66000000", "interestIncome": "-66000000", "interestExpense": "66000000", "nonInterestIncome": "0", "otherNonOperatingIncome": "-14000000", "depreciation": "None", "depreciationAndAmortization": "133000000", "incomeBeforeTax": "-5345000000", "incomeTaxExpense": "-423000000", "interestAndDebtExpense": "66000000", "netIncomeFromContinuingOperations": "-4921000000", "comprehensiveIncomeNetOfTax": "-4944000000", "ebit": "-5279000000", "ebitda": "-5146000000", "netIncome": "-4922000000"}, {"fiscalDateEnding": "2019-06-30", "reportedCurrency": "USD", "grossProfit": "1674000000", "totalRevenue": "37353000000", "costOfRevenue": "35679000000", "costofGoodsAndServicesSold": "35679000000", "operatingIncome": "308000000", "sellingGeneralAndAdministrative": "1168000000", "researchAndDevelopment": "None", "operatingExpenses": "1168000000", "investmentIncomeNet": "None", "netInterestIncome": "-67000000", "interestIncome": "-67000000", "interestExpense": "67000000", "nonInterestIncome": "0", "otherNonOperatingIncome": "-2000000", "depreciation": "None", "depreciationAndAmortization": "132000000", "incomeBeforeTax": "238000000", "incomeTaxExpense": "44000000", "interestAndDebtExpense": "67000000", "netIncomeFromContinuingOperations": "506000000", "comprehensiveIncomeNetOfTax": "226000000", "ebit": "305000000", "ebitda": "437000000", "netIncome": "194000000"}, {"fiscalDateEnding": "2019-03-31", "reportedCurrency": "USD", "grossProfit": "1764000000", "totalRevenue": "35228000000", "costOfRevenue": "33464000000", "costofGoodsAndServicesSold": "33464000000", "operatingIncome": "432000000", "sellingGeneralAndAdministrative": "1097000000", "researchAndDevelopment": "None", "operatingExpenses": "1300000000", "investmentIncomeNet": "None", "netInterestIncome": "-75000000", "interestIncome": "-75000000", "interestExpense": "75000000", "nonInterestIncome": "0", "otherNonOperatingIncome": "13000000", "depreciation": "None", "depreciationAndAmortization": "133000000", "incomeBeforeTax": "370000000", "incomeTaxExpense": "74000000", "interestAndDebtExpense": "75000000", "netIncomeFromContinuingOperations": "296000000", "comprehensiveIncomeNetOfTax": "308000000", "ebit": "445000000", "ebitda": "578000000", "netIncome": "296000000"}, {"fiscalDateEnding": "2018-12-31", "reportedCurrency": "USD", "grossProfit": "1730000000", "totalRevenue": "37740000000", "costOfRevenue": "36010000000", "costofGoodsAndServicesSold": "36010000000", "operatingIncome": "504000000", "sellingGeneralAndAdministrative": "1064000000", "researchAndDevelopment": "None", "operatingExpenses": "1194000000", "investmentIncomeNet": "None", "netInterestIncome": "-76000000", "interestIncome": "None", "interestExpense": "76000000", "nonInterestIncome": "0", "otherNonOperatingIncome": "-21000000", "depreciation": "None", "depreciationAndAmortization": "133000000", "incomeBeforeTax": "406000000", "incomeTaxExpense": "126000000", "interestAndDebtExpense": "76000000", "netIncomeFromContinuingOperations": "281000000", "comprehensiveIncomeNetOfTax": "253000000", "ebit": "482000000", "ebitda": "615000000", "netIncome": "280000000"}, {"fiscalDateEnding": "2018-09-30", "reportedCurrency": "USD", "grossProfit": "1667000000", "totalRevenue": "35213000000", "costOfRevenue": "33546000000", "costofGoodsAndServicesSold": "33546000000", "operatingIncome": "816000000", "sellingGeneralAndAdministrative": "1155000000", "researchAndDevelopment": "None", "operatingExpenses": "1360000000", "investmentIncomeNet": "None", "netInterestIncome": "-77000000", "interestIncome": "None", "interestExpense": "77000000", "nonInterestIncome": "0", "otherNonOperatingIncome": "-3000000", "depreciation": "None", "depreciationAndAmortization": "133000000", "incomeBeforeTax": "735000000", "incomeTaxExpense": "142000000", "interestAndDebtExpense": "77000000", "netIncomeFromContinuingOperations": "594000000", "comprehensiveIncomeNetOfTax": "589000000", "ebit": "812000000", "ebitda": "945000000", "netIncome": "593000000"}, {"fiscalDateEnding": "2018-06-30", "reportedCurrency": "USD", "grossProfit": "1735000000", "totalRevenue": "35349000000", "costOfRevenue": "33614000000", "costofGoodsAndServicesSold": "33614000000", "operatingIncome": "-1080000000", "sellingGeneralAndAdministrative": "1270000000", "researchAndDevelopment": "None", "operatingExpenses": "1270000000", "investmentIncomeNet": "None", "netInterestIncome": "-78000000", "interestIncome": "None", "interestExpense": "78000000", "nonInterestIncome": "0", "otherNonOperatingIncome": "-29000000", "depreciation": "None", "depreciationAndAmortization": "139000000", "incomeBeforeTax": "-1187000000", "incomeTaxExpense": "-21000000", "interestAndDebtExpense": "78000000", "netIncomeFromContinuingOperations": "465000000", "comprehensiveIncomeNetOfTax": "-1253000000", "ebit": "-1109000000", "ebitda": "-970000000", "netIncome": "-1166000000"}, {"fiscalDateEnding": "2018-03-31", "reportedCurrency": "USD", "grossProfit": "1913000000", "totalRevenue": "33633000000", "costOfRevenue": "31720000000", "costofGoodsAndServicesSold": "31720000000", "operatingIncome": "546000000", "sellingGeneralAndAdministrative": "1132000000", "researchAndDevelopment": "None", "operatingExpenses": "1346000000", "investmentIncomeNet": "None", "netInterestIncome": "-84000000", "interestIncome": "None", "interestExpense": "84000000", "nonInterestIncome": "0", "otherNonOperatingIncome": "2000000", "depreciation": "None", "depreciationAndAmortization": "148000000", "incomeBeforeTax": "464000000", "incomeTaxExpense": "209000000", "interestAndDebtExpense": "84000000", "netIncomeFromContinuingOperations": "255000000", "comprehensiveIncomeNetOfTax": "345000000", "ebit": "548000000", "ebitda": "696000000", "netIncome": "255000000"}, {"fiscalDateEnding": "2017-12-31", "reportedCurrency": "USD", "grossProfit": "1861000000", "totalRevenue": "35186000000", "costOfRevenue": "33325000000", "costofGoodsAndServicesSold": "33325000000", "operatingIncome": "399000000", "sellingGeneralAndAdministrative": "1131000000", "researchAndDevelopment": "None", "operatingExpenses": "1362000000", "investmentIncomeNet": "None", "netInterestIncome": "-87000000", "interestIncome": "None", "interestExpense": "87000000", "nonInterestIncome": "0", "otherNonOperatingIncome": "5000000", "depreciation": "None", "depreciationAndAmortization": "152000000", "incomeBeforeTax": "317000000", "incomeTaxExpense": "-736000000", "interestAndDebtExpense": "87000000", "netIncomeFromContinuingOperations": "1053000000", "comprehensiveIncomeNetOfTax": "1044000000", "ebit": "404000000", "ebitda": "556000000", "netIncome": "1053000000"}, {"fiscalDateEnding": "2017-09-30", "reportedCurrency": "USD", "grossProfit": "1672000000", "totalRevenue": "32641000000", "costOfRevenue": "30969000000", "costofGoodsAndServicesSold": "30969000000", "operatingIncome": "262000000", "sellingGeneralAndAdministrative": "1062000000", "researchAndDevelopment": "None", "operatingExpenses": "1386000000", "investmentIncomeNet": "None", "netInterestIncome": "-81000000", "interestIncome": "None", "interestExpense": "81000000", "nonInterestIncome": "-1000000", "otherNonOperatingIncome": "-2000000", "depreciation": "None", "depreciationAndAmortization": "135000000", "incomeBeforeTax": "176000000", "incomeTaxExpense": "61000000", "interestAndDebtExpense": "82000000", "netIncomeFromContinuingOperations": "117000000", "comprehensiveIncomeNetOfTax": "154000000", "ebit": "257000000", "ebitda": "392000000", "netIncome": "115000000"}, {"fiscalDateEnding": "2017-06-30", "reportedCurrency": "USD", "grossProfit": "1623000000", "totalRevenue": "32966000000", "costOfRevenue": "31343000000", "costofGoodsAndServicesSold": "31343000000", "operatingIncome": "439000000", "sellingGeneralAndAdministrative": "983000000", "researchAndDevelopment": "None", "operatingExpenses": "983000000", "investmentIncomeNet": "None", "netInterestIncome": "-67000000", "interestIncome": "None", "interestExpense": "67000000", "nonInterestIncome": "0", "otherNonOperatingIncome": "3000000", "depreciation": "None", "depreciationAndAmortization": "104000000", "incomeBeforeTax": "371000000", "incomeTaxExpense": "97000000", "interestAndDebtExpense": "67000000", "netIncomeFromContinuingOperations": "272000000", "comprehensiveIncomeNetOfTax": "285000000", "ebit": "438000000", "ebitda": "542000000", "netIncome": "274000000"}, {"fiscalDateEnding": "2017-03-31", "reportedCurrency": "USD", "grossProfit": "1728000000", "totalRevenue": "31821000000", "costOfRevenue": "30093000000", "costofGoodsAndServicesSold": "30093000000", "operatingIncome": "605000000", "sellingGeneralAndAdministrative": "960000000", "researchAndDevelopment": "None", "operatingExpenses": "1089000000", "investmentIncomeNet": "None", "netInterestIncome": "-46000000", "interestIncome": "None", "interestExpense": "46000000", "nonInterestIncome": "0", "otherNonOperatingIncome": "5000000", "depreciation": "None", "depreciationAndAmortization": "96000000", "incomeBeforeTax": "563000000", "incomeTaxExpense": "182000000", "interestAndDebtExpense": "46000000", "netIncomeFromContinuingOperations": "382000000", "comprehensiveIncomeNetOfTax": "416000000", "ebit": "609000000", "ebitda": "705000000", "netIncome": "381000000"}, {"fiscalDateEnding": "2016-12-31", "reportedCurrency": "USD", "grossProfit": "1602000000", "totalRevenue": "33150000000", "costOfRevenue": "31548000000", "costofGoodsAndServicesSold": "31548000000", "operatingIncome": "542000000", "sellingGeneralAndAdministrative": "910000000", "researchAndDevelopment": "None", "operatingExpenses": "1031000000", "investmentIncomeNet": "None", "netInterestIncome": "-44000000", "interestIncome": "None", "interestExpense": "44000000", "nonInterestIncome": "0", "otherNonOperatingIncome": "-7000000", "depreciation": "None", "depreciationAndAmortization": "95000000", "incomeBeforeTax": "491000000", "incomeTaxExpense": "167000000", "interestAndDebtExpense": "44000000", "netIncomeFromContinuingOperations": "324000000", "comprehensiveIncomeNetOfTax": "270000000", "ebit": "535000000", "ebitda": "630000000", "netIncome": "324000000"}]}