{"symbol": "CAT", "annualReports": [{"fiscalDateEnding": "2020-12-31", "reportedCurrency": "USD", "grossProfit": "9940000000", "totalRevenue": "41748000000", "costOfRevenue": "29082000000", "costofGoodsAndServicesSold": "29671000000", "operatingIncome": "4553000000", "sellingGeneralAndAdministrative": "4642000000", "researchAndDevelopment": "1415000000", "operatingExpenses": "6230000000", "investmentIncomeNet": "112000000", "netInterestIncome": "-514000000", "interestIncome": "-514000000", "interestExpense": "514000000", "nonInterestIncome": "-193000000", "otherNonOperatingIncome": "-44000000", "depreciation": "2122000000", "depreciationAndAmortization": "311000000", "incomeBeforeTax": "4004000000", "incomeTaxExpense": "1006000000", "interestAndDebtExpense": "None", "netIncomeFromContinuingOperations": "3003000000", "comprehensiveIncomeNetOfTax": "3677000000", "ebit": "4553000000", "ebitda": "4864000000", "netIncome": "2998000000"}, {"fiscalDateEnding": "2019-12-31", "reportedCurrency": "USD", "grossProfit": "14125000000", "totalRevenue": "53800000000", "costOfRevenue": "36630000000", "costofGoodsAndServicesSold": "37384000000", "operatingIncome": "8290000000", "sellingGeneralAndAdministrative": "5162000000", "researchAndDevelopment": "1693000000", "operatingExpenses": "45510000000", "investmentIncomeNet": "202000000", "netInterestIncome": "-421000000", "interestIncome": "-227000000", "interestExpense": "421000000", "nonInterestIncome": "-67000000", "otherNonOperatingIncome": "-57000000", "depreciation": "2253000000", "depreciationAndAmortization": "324000000", "incomeBeforeTax": "7839000000", "incomeTaxExpense": "1746000000", "interestAndDebtExpense": "None", "netIncomeFromContinuingOperations": "6094000000", "comprehensiveIncomeNetOfTax": "6102000000", "ebit": "8290000000", "ebitda": "8614000000", "netIncome": "6093000000"}, {"fiscalDateEnding": "2018-12-31", "reportedCurrency": "USD", "grossProfit": "14825000000", "totalRevenue": "54722000000", "costOfRevenue": "36997000000", "costofGoodsAndServicesSold": "819000000", "operatingIncome": "8293000000", "sellingGeneralAndAdministrative": "5478000000", "researchAndDevelopment": "1850000000", "operatingExpenses": "46429000000", "investmentIncomeNet": "195000000", "netInterestIncome": "-404000000", "interestIncome": "-513000000", "interestExpense": "404000000", "nonInterestIncome": "-201000000", "otherNonOperatingIncome": "-67000000", "depreciation": "2435000000", "depreciationAndAmortization": "331000000", "incomeBeforeTax": "7845000000", "incomeTaxExpense": "1698000000", "interestAndDebtExpense": "None", "netIncomeFromContinuingOperations": "6148000000", "comprehensiveIncomeNetOfTax": "5666000000", "ebit": "8293000000", "ebitda": "8624000000", "netIncome": "6147000000"}, {"fiscalDateEnding": "2017-12-31", "reportedCurrency": "USD", "grossProfit": "11416000000", "totalRevenue": "45462000000", "costOfRevenue": "31260000000", "costofGoodsAndServicesSold": "31049000000", "operatingIncome": "4460000000", "sellingGeneralAndAdministrative": "4999000000", "researchAndDevelopment": "1842000000", "operatingExpenses": "41002000000", "investmentIncomeNet": "122000000", "netInterestIncome": "-531000000", "interestIncome": "-409000000", "interestExpense": "531000000", "nonInterestIncome": "-213000000", "otherNonOperatingIncome": "153000000", "depreciation": "2555000000", "depreciationAndAmortization": "323000000", "incomeBeforeTax": "4093000000", "incomeTaxExpense": "3339000000", "interestAndDebtExpense": "None", "netIncomeFromContinuingOperations": "759000000", "comprehensiveIncomeNetOfTax": "1601000000", "ebit": "4460000000", "ebitda": "4783000000", "netIncome": "754000000"}, {"fiscalDateEnding": "2016-12-31", "reportedCurrency": "USD", "grossProfit": "7464000000", "totalRevenue": "38537000000", "costOfRevenue": "28044000000", "costofGoodsAndServicesSold": "28309000000", "operatingIncome": "1162000000", "sellingGeneralAndAdministrative": "4383000000", "researchAndDevelopment": "1853000000", "operatingExpenses": "37375000000", "investmentIncomeNet": "74000000", "netInterestIncome": "-505000000", "interestIncome": "-451000000", "interestExpense": "505000000", "nonInterestIncome": "-57000000", "otherNonOperatingIncome": "-518000000", "depreciation": "2707000000", "depreciationAndAmortization": "326000000", "incomeBeforeTax": "125000000", "incomeTaxExpense": "192000000", "interestAndDebtExpense": "None", "netIncomeFromContinuingOperations": "-59000000", "comprehensiveIncomeNetOfTax": "-71000000", "ebit": "1162000000", "ebitda": "1488000000", "netIncome": "-67000000"}], "quarterlyReports": [{"fiscalDateEnding": "2021-09-30", "reportedCurrency": "USD", "grossProfit": "3780000000", "totalRevenue": "12397000000", "costOfRevenue": "8617000000", "costofGoodsAndServicesSold": "8728000000", "operatingIncome": "1664000000", "sellingGeneralAndAdministrative": "1340000000", "researchAndDevelopment": "427000000", "operatingExpenses": "1757000000", "investmentIncomeNet": "20000000", "netInterestIncome": "-114000000", "interestIncome": "-114000000", "interestExpense": "114000000", "nonInterestIncome": "47000000", "otherNonOperatingIncome": "225000000", "depreciation": "None", "depreciationAndAmortization": "75000000", "incomeBeforeTax": "1794000000", "incomeTaxExpense": "368000000", "interestAndDebtExpense": "None", "netIncomeFromContinuingOperations": "1428000000", "comprehensiveIncomeNetOfTax": "1140000000", "ebit": "1664000000", "ebitda": "1739000000", "netIncome": "1426000000"}, {"fiscalDateEnding": "2021-06-30", "reportedCurrency": "USD", "grossProfit": "4008000000", "totalRevenue": "12889000000", "costOfRevenue": "8881000000", "costofGoodsAndServicesSold": "8997000000", "operatingIncome": "1789000000", "sellingGeneralAndAdministrative": "1364000000", "researchAndDevelopment": "446000000", "operatingExpenses": "1787000000", "investmentIncomeNet": "21000000", "netInterestIncome": "-120000000", "interestIncome": "-120000000", "interestExpense": "120000000", "nonInterestIncome": "-32000000", "otherNonOperatingIncome": "201000000", "depreciation": "None", "depreciationAndAmortization": "76000000", "incomeBeforeTax": "1883000000", "incomeTaxExpense": "470000000", "interestAndDebtExpense": "None", "netIncomeFromContinuingOperations": "1414000000", "comprehensiveIncomeNetOfTax": "1549000000", "ebit": "1789000000", "ebitda": "1865000000", "netIncome": "1413000000"}, {"fiscalDateEnding": "2021-03-31", "reportedCurrency": "USD", "grossProfit": "3875000000", "totalRevenue": "11887000000", "costOfRevenue": "8012000000", "costofGoodsAndServicesSold": "8137000000", "operatingIncome": "1814000000", "sellingGeneralAndAdministrative": "1239000000", "researchAndDevelopment": "374000000", "operatingExpenses": "1629000000", "investmentIncomeNet": "23000000", "netInterestIncome": "-142000000", "interestIncome": "-142000000", "interestExpense": "142000000", "nonInterestIncome": "95000000", "otherNonOperatingIncome": "325000000", "depreciation": "None", "depreciationAndAmortization": "77000000", "incomeBeforeTax": "2005000000", "incomeTaxExpense": "475000000", "interestAndDebtExpense": "None", "netIncomeFromContinuingOperations": "1531000000", "comprehensiveIncomeNetOfTax": "1128000000", "ebit": "1814000000", "ebitda": "1891000000", "netIncome": "1530000000"}, {"fiscalDateEnding": "2020-12-31", "reportedCurrency": "USD", "grossProfit": "2786000000", "totalRevenue": "11235000000", "costOfRevenue": "7784000000", "costofGoodsAndServicesSold": "7912000000", "operatingIncome": "1380000000", "sellingGeneralAndAdministrative": "1216000000", "researchAndDevelopment": "374000000", "operatingExpenses": "1600000000", "investmentIncomeNet": "21000000", "netInterestIncome": "-130000000", "interestIncome": "-130000000", "interestExpense": "130000000", "nonInterestIncome": "-71000000", "otherNonOperatingIncome": "-309000000", "depreciation": "None", "depreciationAndAmortization": "75000000", "incomeBeforeTax": "2953000000", "incomeTaxExpense": "167000000", "interestAndDebtExpense": "None", "netIncomeFromContinuingOperations": "2786000000", "comprehensiveIncomeNetOfTax": "1340000000", "ebit": "1380000000", "ebitda": "1455000000", "netIncome": "2786000000"}, {"fiscalDateEnding": "2020-09-30", "reportedCurrency": "USD", "grossProfit": "2309000000", "totalRevenue": "9881000000", "costOfRevenue": "6919000000", "costofGoodsAndServicesSold": "7056000000", "operatingIncome": "985000000", "sellingGeneralAndAdministrative": "1126000000", "researchAndDevelopment": "344000000", "operatingExpenses": "1535000000", "investmentIncomeNet": "21000000", "netInterestIncome": "-136000000", "interestIncome": "-149000000", "interestExpense": "136000000", "nonInterestIncome": "-43000000", "otherNonOperatingIncome": "14000000", "depreciation": "None", "depreciationAndAmortization": "78000000", "incomeBeforeTax": "855000000", "incomeTaxExpense": "187000000", "interestAndDebtExpense": "None", "netIncomeFromContinuingOperations": "671000000", "comprehensiveIncomeNetOfTax": "1035000000", "ebit": "985000000", "ebitda": "1063000000", "netIncome": "668000000"}, {"fiscalDateEnding": "2020-06-30", "reportedCurrency": "USD", "grossProfit": "2197000000", "totalRevenue": "9997000000", "costOfRevenue": "7113000000", "costofGoodsAndServicesSold": "7262000000", "operatingIncome": "784000000", "sellingGeneralAndAdministrative": "1179000000", "researchAndDevelopment": "341000000", "operatingExpenses": "1626000000", "investmentIncomeNet": "27000000", "netInterestIncome": "-135000000", "interestIncome": "-75000000", "interestExpense": "135000000", "nonInterestIncome": "-4000000", "otherNonOperatingIncome": "29000000", "depreciation": "None", "depreciationAndAmortization": "78000000", "incomeBeforeTax": "685000000", "incomeTaxExpense": "227000000", "interestAndDebtExpense": "None", "netIncomeFromContinuingOperations": "459000000", "comprehensiveIncomeNetOfTax": "655000000", "ebit": "784000000", "ebitda": "862000000", "netIncome": "458000000"}, {"fiscalDateEnding": "2020-03-31", "reportedCurrency": "USD", "grossProfit": "2648000000", "totalRevenue": "10635000000", "costOfRevenue": "7266000000", "costofGoodsAndServicesSold": "7441000000", "operatingIncome": "1404000000", "sellingGeneralAndAdministrative": "1121000000", "researchAndDevelopment": "356000000", "operatingExpenses": "1469000000", "investmentIncomeNet": "43000000", "netInterestIncome": "-113000000", "interestIncome": "-203000000", "interestExpense": "113000000", "nonInterestIncome": "-75000000", "otherNonOperatingIncome": "222000000", "depreciation": "None", "depreciationAndAmortization": "80000000", "incomeBeforeTax": "1517000000", "incomeTaxExpense": "425000000", "interestAndDebtExpense": "None", "netIncomeFromContinuingOperations": "1093000000", "comprehensiveIncomeNetOfTax": "647000000", "ebit": "1404000000", "ebitda": "1484000000", "netIncome": "1092000000"}, {"fiscalDateEnding": "2019-12-31", "reportedCurrency": "USD", "grossProfit": "3269000000", "totalRevenue": "13144000000", "costOfRevenue": "9117000000", "costofGoodsAndServicesSold": "9300000000", "operatingIncome": "1850000000", "sellingGeneralAndAdministrative": "1283000000", "researchAndDevelopment": "386000000", "operatingExpenses": "11294000000", "investmentIncomeNet": "46000000", "netInterestIncome": "-112000000", "interestIncome": "-93000000", "interestExpense": "112000000", "nonInterestIncome": "-33000000", "otherNonOperatingIncome": "-373000000", "depreciation": "None", "depreciationAndAmortization": "80000000", "incomeBeforeTax": "3545000000", "incomeTaxExpense": "276000000", "interestAndDebtExpense": "None", "netIncomeFromContinuingOperations": "3269000000", "comprehensiveIncomeNetOfTax": "1314000000", "ebit": "1850000000", "ebitda": "1930000000", "netIncome": "3269000000"}, {"fiscalDateEnding": "2019-09-30", "reportedCurrency": "USD", "grossProfit": "3405000000", "totalRevenue": "12758000000", "costOfRevenue": "8569000000", "costofGoodsAndServicesSold": "8758000000", "operatingIncome": "2020000000", "sellingGeneralAndAdministrative": "1251000000", "researchAndDevelopment": "431000000", "operatingExpenses": "10738000000", "investmentIncomeNet": "50000000", "netInterestIncome": "-103000000", "interestIncome": "-48000000", "interestExpense": "103000000", "nonInterestIncome": "-5000000", "otherNonOperatingIncome": "88000000", "depreciation": "None", "depreciationAndAmortization": "81000000", "incomeBeforeTax": "2012000000", "incomeTaxExpense": "518000000", "interestAndDebtExpense": "None", "netIncomeFromContinuingOperations": "1494000000", "comprehensiveIncomeNetOfTax": "1210000000", "ebit": "2020000000", "ebitda": "2101000000", "netIncome": "1494000000"}, {"fiscalDateEnding": "2019-06-30", "reportedCurrency": "USD", "grossProfit": "3730000000", "totalRevenue": "14432000000", "costOfRevenue": "9941000000", "costofGoodsAndServicesSold": "10133000000", "operatingIncome": "2213000000", "sellingGeneralAndAdministrative": "1309000000", "researchAndDevelopment": "441000000", "operatingExpenses": "12219000000", "investmentIncomeNet": "54000000", "netInterestIncome": "-103000000", "interestIncome": "-92000000", "interestExpense": "103000000", "nonInterestIncome": "-47000000", "otherNonOperatingIncome": "68000000", "depreciation": "None", "depreciationAndAmortization": "81000000", "incomeBeforeTax": "2185000000", "incomeTaxExpense": "565000000", "interestAndDebtExpense": "None", "netIncomeFromContinuingOperations": "1619000000", "comprehensiveIncomeNetOfTax": "1709000000", "ebit": "2213000000", "ebitda": "2294000000", "netIncome": "1620000000"}, {"fiscalDateEnding": "2019-03-31", "reportedCurrency": "USD", "grossProfit": "3721000000", "totalRevenue": "13466000000", "costOfRevenue": "9003000000", "costofGoodsAndServicesSold": "9193000000", "operatingIncome": "2207000000", "sellingGeneralAndAdministrative": "1319000000", "researchAndDevelopment": "435000000", "operatingExpenses": "11259000000", "investmentIncomeNet": "52000000", "netInterestIncome": "-103000000", "interestIncome": "6000000", "interestExpense": "103000000", "nonInterestIncome": "18000000", "otherNonOperatingIncome": "160000000", "depreciation": "None", "depreciationAndAmortization": "82000000", "incomeBeforeTax": "2268000000", "incomeTaxExpense": "387000000", "interestAndDebtExpense": "None", "netIncomeFromContinuingOperations": "1884000000", "comprehensiveIncomeNetOfTax": "1869000000", "ebit": "2207000000", "ebitda": "2289000000", "netIncome": "1881000000"}, {"fiscalDateEnding": "2018-12-31", "reportedCurrency": "USD", "grossProfit": "3643000000", "totalRevenue": "14342000000", "costOfRevenue": "9987000000", "costofGoodsAndServicesSold": "10176000000", "operatingIncome": "1883000000", "sellingGeneralAndAdministrative": "1463000000", "researchAndDevelopment": "466000000", "operatingExpenses": "12459000000", "investmentIncomeNet": "56000000", "netInterestIncome": "None", "interestIncome": "None", "interestExpense": "99000000", "nonInterestIncome": "-41000000", "otherNonOperatingIncome": "-417000000", "depreciation": "None", "depreciationAndAmortization": "83000000", "incomeBeforeTax": "3964000000", "incomeTaxExpense": "321000000", "interestAndDebtExpense": "None", "netIncomeFromContinuingOperations": "3643000000", "comprehensiveIncomeNetOfTax": "932000000", "ebit": "1883000000", "ebitda": "1966000000", "netIncome": "3643000000"}, {"fiscalDateEnding": "2018-09-30", "reportedCurrency": "USD", "grossProfit": "3741000000", "totalRevenue": "13510000000", "costOfRevenue": "9022000000", "costofGoodsAndServicesSold": "9207000000", "operatingIncome": "2135000000", "sellingGeneralAndAdministrative": "1299000000", "researchAndDevelopment": "479000000", "operatingExpenses": "11375000000", "investmentIncomeNet": "59000000", "netInterestIncome": "None", "interestIncome": "None", "interestExpense": "102000000", "nonInterestIncome": "-81000000", "otherNonOperatingIncome": "102000000", "depreciation": "None", "depreciationAndAmortization": "82000000", "incomeBeforeTax": "2142000000", "incomeTaxExpense": "415000000", "interestAndDebtExpense": "None", "netIncomeFromContinuingOperations": "1727000000", "comprehensiveIncomeNetOfTax": "1655000000", "ebit": "2135000000", "ebitda": "2217000000", "netIncome": "1727000000"}, {"fiscalDateEnding": "2018-06-30", "reportedCurrency": "USD", "grossProfit": "3857000000", "totalRevenue": "14011000000", "costOfRevenue": "9422000000", "costofGoodsAndServicesSold": "9422000000", "operatingIncome": "2167000000", "sellingGeneralAndAdministrative": "1440000000", "researchAndDevelopment": "462000000", "operatingExpenses": "11844000000", "investmentIncomeNet": "45000000", "netInterestIncome": "None", "interestIncome": "None", "interestExpense": "102000000", "nonInterestIncome": "-60000000", "otherNonOperatingIncome": "121000000", "depreciation": "None", "depreciationAndAmortization": "83000000", "incomeBeforeTax": "2197000000", "incomeTaxExpense": "490000000", "interestAndDebtExpense": "None", "netIncomeFromContinuingOperations": "1705000000", "comprehensiveIncomeNetOfTax": "1227000000", "ebit": "2167000000", "ebitda": "2250000000", "netIncome": "1707000000"}, {"fiscalDateEnding": "2018-03-31", "reportedCurrency": "USD", "grossProfit": "3584000000", "totalRevenue": "12859000000", "costOfRevenue": "8566000000", "costofGoodsAndServicesSold": "8566000000", "operatingIncome": "2108000000", "sellingGeneralAndAdministrative": "1276000000", "researchAndDevelopment": "443000000", "operatingExpenses": "10751000000", "investmentIncomeNet": "36000000", "netInterestIncome": "None", "interestIncome": "None", "interestExpense": "101000000", "nonInterestIncome": "-19000000", "otherNonOperatingIncome": "127000000", "depreciation": "None", "depreciationAndAmortization": "83000000", "incomeBeforeTax": "2137000000", "incomeTaxExpense": "472000000", "interestAndDebtExpense": "None", "netIncomeFromContinuingOperations": "1667000000", "comprehensiveIncomeNetOfTax": "1852000000", "ebit": "2108000000", "ebitda": "2191000000", "netIncome": "1665000000"}, {"fiscalDateEnding": "2017-12-31", "reportedCurrency": "USD", "grossProfit": "3229000000", "totalRevenue": "12896000000", "costOfRevenue": "8965000000", "costofGoodsAndServicesSold": "8889000000", "operatingIncome": "1387000000", "sellingGeneralAndAdministrative": "1380000000", "researchAndDevelopment": "498000000", "operatingExpenses": "11509000000", "investmentIncomeNet": "36000000", "netInterestIncome": "None", "interestIncome": "None", "interestExpense": "169000000", "nonInterestIncome": "-24000000", "otherNonOperatingIncome": "-107000000", "depreciation": "None", "depreciationAndAmortization": "82000000", "incomeBeforeTax": "5128000000", "incomeTaxExpense": "2418000000", "interestAndDebtExpense": "None", "netIncomeFromContinuingOperations": "2710000000", "comprehensiveIncomeNetOfTax": "-1258000000", "ebit": "1387000000", "ebitda": "1469000000", "netIncome": "2710000000"}, {"fiscalDateEnding": "2017-09-30", "reportedCurrency": "USD", "grossProfit": "3035000000", "totalRevenue": "11413000000", "costOfRevenue": "7678000000", "costofGoodsAndServicesSold": "7633000000", "operatingIncome": "1509000000", "sellingGeneralAndAdministrative": "1254000000", "researchAndDevelopment": "461000000", "operatingExpenses": "9904000000", "investmentIncomeNet": "32000000", "netInterestIncome": "None", "interestIncome": "None", "interestExpense": "118000000", "nonInterestIncome": "-29000000", "otherNonOperatingIncome": "132000000", "depreciation": "None", "depreciationAndAmortization": "82000000", "incomeBeforeTax": "1529000000", "incomeTaxExpense": "470000000", "interestAndDebtExpense": "None", "netIncomeFromContinuingOperations": "1061000000", "comprehensiveIncomeNetOfTax": "1297000000", "ebit": "1509000000", "ebitda": "1591000000", "netIncome": "1059000000"}, {"fiscalDateEnding": "2017-06-30", "reportedCurrency": "USD", "grossProfit": "2823000000", "totalRevenue": "11331000000", "costOfRevenue": "7816000000", "costofGoodsAndServicesSold": "7769000000", "operatingIncome": "1184000000", "sellingGeneralAndAdministrative": "1304000000", "researchAndDevelopment": "458000000", "operatingExpenses": "10147000000", "investmentIncomeNet": "32000000", "netInterestIncome": "None", "interestIncome": "None", "interestExpense": "121000000", "nonInterestIncome": "-112000000", "otherNonOperatingIncome": "96000000", "depreciation": "None", "depreciationAndAmortization": "80000000", "incomeBeforeTax": "1163000000", "incomeTaxExpense": "361000000", "interestAndDebtExpense": "None", "netIncomeFromContinuingOperations": "803000000", "comprehensiveIncomeNetOfTax": "1158000000", "ebit": "1184000000", "ebitda": "1264000000", "netIncome": "802000000"}, {"fiscalDateEnding": "2017-03-31", "reportedCurrency": "USD", "grossProfit": "2329000000", "totalRevenue": "9822000000", "costOfRevenue": "6801000000", "costofGoodsAndServicesSold": "6758000000", "operatingIncome": "380000000", "sellingGeneralAndAdministrative": "1061000000", "researchAndDevelopment": "425000000", "operatingExpenses": "9442000000", "investmentIncomeNet": "22000000", "netInterestIncome": "None", "interestIncome": "None", "interestExpense": "123000000", "nonInterestIncome": "-48000000", "otherNonOperatingIncome": "32000000", "depreciation": "None", "depreciationAndAmortization": "79000000", "incomeBeforeTax": "282000000", "incomeTaxExpense": "90000000", "interestAndDebtExpense": "None", "netIncomeFromContinuingOperations": "194000000", "comprehensiveIncomeNetOfTax": "404000000", "ebit": "380000000", "ebitda": "459000000", "netIncome": "192000000"}, {"fiscalDateEnding": "2016-12-31", "reportedCurrency": "USD", "grossProfit": "1344000000", "totalRevenue": "9574000000", "costOfRevenue": "8230000000", "costofGoodsAndServicesSold": "7541000000", "operatingIncome": "-598000000", "sellingGeneralAndAdministrative": "1180000000", "researchAndDevelopment": "424000000", "operatingExpenses": "10172000000", "investmentIncomeNet": "None", "netInterestIncome": "None", "interestIncome": "None", "interestExpense": "120000000", "nonInterestIncome": "None", "otherNonOperatingIncome": "-630000000", "depreciation": "None", "depreciationAndAmortization": "80000000", "incomeBeforeTax": "174000000", "incomeTaxExpense": "-180000000", "interestAndDebtExpense": "None", "netIncomeFromContinuingOperations": "354000000", "comprehensiveIncomeNetOfTax": "-1683000000", "ebit": "-598000000", "ebitda": "-518000000", "netIncome": "354000000"}]}