{"symbol": "CBOE", "annualReports": [{"fiscalDateEnding": "2020-12-31", "reportedCurrency": "USD", "grossProfit": "1254300000", "totalRevenue": "3427100000", "costOfRevenue": "2172800000", "costofGoodsAndServicesSold": "2397700000", "operatingIncome": "662200000", "sellingGeneralAndAdministrative": "154400000", "researchAndDevelopment": "None", "operatingExpenses": "592100000", "investmentIncomeNet": "1100000", "netInterestIncome": "-38700000", "interestIncome": "1100000", "interestExpense": "38700000", "nonInterestIncome": "3427100000", "otherNonOperatingIncome": "35800000", "depreciation": "26800000", "depreciationAndAmortization": "124800000", "incomeBeforeTax": "660400000", "incomeTaxExpense": "192200000", "interestAndDebtExpense": "38700000", "netIncomeFromContinuingOperations": "468200000", "comprehensiveIncomeNetOfTax": "469100000", "ebit": "662200000", "ebitda": "823900000", "netIncome": "468200000"}, {"fiscalDateEnding": "2019-12-31", "reportedCurrency": "USD", "grossProfit": "1136900000", "totalRevenue": "2496100000", "costOfRevenue": "1359200000", "costofGoodsAndServicesSold": "1558200000", "operatingIncome": "537200000", "sellingGeneralAndAdministrative": "147300000", "researchAndDevelopment": "None", "operatingExpenses": "599700000", "investmentIncomeNet": "1900000", "netInterestIncome": "-37800000", "interestIncome": "1900000", "interestExpense": "37800000", "nonInterestIncome": "2491700000", "otherNonOperatingIncome": "100000", "depreciation": "24500000", "depreciationAndAmortization": "138600000", "incomeBeforeTax": "505500000", "incomeTaxExpense": "130600000", "interestAndDebtExpense": "37800000", "netIncomeFromContinuingOperations": "370800000", "comprehensiveIncomeNetOfTax": "374900000", "ebit": "537200000", "ebitda": "681900000", "netIncome": "374900000"}, {"fiscalDateEnding": "2018-12-31", "reportedCurrency": "USD", "grossProfit": "1216900000", "totalRevenue": "2768800000", "costOfRevenue": "1551900000", "costofGoodsAndServicesSold": "1780700000", "operatingIncome": "599400000", "sellingGeneralAndAdministrative": "172900000", "researchAndDevelopment": "None", "operatingExpenses": "617500000", "investmentIncomeNet": "2300000", "netInterestIncome": "-40500000", "interestIncome": "2300000", "interestExpense": "40500000", "nonInterestIncome": "2767800000", "otherNonOperatingIncome": "10000000", "depreciation": "25100000", "depreciationAndAmortization": "160000000", "incomeBeforeTax": "572500000", "incomeTaxExpense": "146000000", "interestAndDebtExpense": "40500000", "netIncomeFromContinuingOperations": "425200000", "comprehensiveIncomeNetOfTax": "426500000", "ebit": "599400000", "ebitda": "773000000", "netIncome": "426500000"}, {"fiscalDateEnding": "2017-12-31", "reportedCurrency": "USD", "grossProfit": "995600000", "totalRevenue": "2229100000", "costOfRevenue": "1233500000", "costofGoodsAndServicesSold": "1434900000", "operatingIncome": "371900000", "sellingGeneralAndAdministrative": "327400000", "researchAndDevelopment": "None", "operatingExpenses": "623700000", "investmentIncomeNet": "1300000", "netInterestIncome": "-42600000", "interestIncome": "1300000", "interestExpense": "42600000", "nonInterestIncome": "2229100000", "otherNonOperatingIncome": "3800000", "depreciation": "31300000", "depreciationAndAmortization": "142900000", "incomeBeforeTax": "335500000", "incomeTaxExpense": "-66200000", "interestAndDebtExpense": "42600000", "netIncomeFromContinuingOperations": "400600000", "comprehensiveIncomeNetOfTax": "401900000", "ebit": "371900000", "ebitda": "521000000", "netIncome": "401700000"}, {"fiscalDateEnding": "2016-12-31", "reportedCurrency": "USD", "grossProfit": "566400000", "totalRevenue": "703100000", "costOfRevenue": "136700000", "costofGoodsAndServicesSold": "77953000", "operatingIncome": "298200000", "sellingGeneralAndAdministrative": "241224000", "researchAndDevelopment": "None", "operatingExpenses": "268200000", "investmentIncomeNet": "12984000", "netInterestIncome": "-5700000", "interestIncome": "None", "interestExpense": "5700000", "nonInterestIncome": "-9000", "otherNonOperatingIncome": "14100000", "depreciation": "24000000", "depreciationAndAmortization": "44377000", "incomeBeforeTax": "307700000", "incomeTaxExpense": "120900000", "interestAndDebtExpense": "5747000", "netIncomeFromContinuingOperations": "185720000", "comprehensiveIncomeNetOfTax": "186882000", "ebit": "298200000", "ebitda": "357777000", "netIncome": "186800000"}], "quarterlyReports": [{"fiscalDateEnding": "2021-09-30", "reportedCurrency": "USD", "grossProfit": "369500000", "totalRevenue": "816800000", "costOfRevenue": "447300000", "costofGoodsAndServicesSold": "521300000", "operatingIncome": "190700000", "sellingGeneralAndAdministrative": "52000000", "researchAndDevelopment": "None", "operatingExpenses": "178800000", "investmentIncomeNet": "0", "netInterestIncome": "-11700000", "interestIncome": "None", "interestExpense": "11700000", "nonInterestIncome": "816800000", "otherNonOperatingIncome": "-5200000", "depreciation": "9200000", "depreciationAndAmortization": "31800000", "incomeBeforeTax": "173800000", "incomeTaxExpense": "53400000", "interestAndDebtExpense": "11700000", "netIncomeFromContinuingOperations": "120400000", "comprehensiveIncomeNetOfTax": "120300000", "ebit": "190700000", "ebitda": "217300000", "netIncome": "120400000"}, {"fiscalDateEnding": "2021-06-30", "reportedCurrency": "USD", "grossProfit": "350600000", "totalRevenue": "800800000", "costOfRevenue": "450200000", "costofGoodsAndServicesSold": "517900000", "operatingIncome": "190000000", "sellingGeneralAndAdministrative": "49500000", "researchAndDevelopment": "None", "operatingExpenses": "160600000", "investmentIncomeNet": "100000", "netInterestIncome": "-12400000", "interestIncome": "100000", "interestExpense": "12400000", "nonInterestIncome": "800800000", "otherNonOperatingIncome": "1500000", "depreciation": "8200000", "depreciationAndAmortization": "30600000", "incomeBeforeTax": "179200000", "incomeTaxExpense": "73700000", "interestAndDebtExpense": "12400000", "netIncomeFromContinuingOperations": "105500000", "comprehensiveIncomeNetOfTax": "105500000", "ebit": "190000000", "ebitda": "222200000", "netIncome": "105500000"}, {"fiscalDateEnding": "2021-03-31", "reportedCurrency": "USD", "grossProfit": "365500000", "totalRevenue": "1010800000", "costOfRevenue": "645300000", "costofGoodsAndServicesSold": "717600000", "operatingIncome": "204600000", "sellingGeneralAndAdministrative": "49800000", "researchAndDevelopment": "None", "operatingExpenses": "160900000", "investmentIncomeNet": "100000", "netInterestIncome": "-12400000", "interestIncome": "100000", "interestExpense": "12400000", "nonInterestIncome": "1010800000", "otherNonOperatingIncome": "600000", "depreciation": "7400000", "depreciationAndAmortization": "32900000", "incomeBeforeTax": "192900000", "incomeTaxExpense": "55700000", "interestAndDebtExpense": "12400000", "netIncomeFromContinuingOperations": "137200000", "comprehensiveIncomeNetOfTax": "137200000", "ebit": "204600000", "ebitda": "238200000", "netIncome": "137200000"}, {"fiscalDateEnding": "2020-12-31", "reportedCurrency": "USD", "grossProfit": "307100000", "totalRevenue": "844200000", "costOfRevenue": "537100000", "costofGoodsAndServicesSold": "594600000", "operatingIncome": "134800000", "sellingGeneralAndAdministrative": "41900000", "researchAndDevelopment": "None", "operatingExpenses": "172300000", "investmentIncomeNet": "200000", "netInterestIncome": "-13700000", "interestIncome": "200000", "interestExpense": "13700000", "nonInterestIncome": "844200000", "otherNonOperatingIncome": "1600000", "depreciation": "7500000", "depreciationAndAmortization": "31300000", "incomeBeforeTax": "122900000", "incomeTaxExpense": "35600000", "interestAndDebtExpense": "13700000", "netIncomeFromContinuingOperations": "134800000", "comprehensiveIncomeNetOfTax": "87300000", "ebit": "134800000", "ebitda": "167900000", "netIncome": "87300000"}, {"fiscalDateEnding": "2020-09-30", "reportedCurrency": "USD", "grossProfit": "292000000", "totalRevenue": "792700000", "costOfRevenue": "500700000", "costofGoodsAndServicesSold": "559900000", "operatingIncome": "139300000", "sellingGeneralAndAdministrative": "39800000", "researchAndDevelopment": "None", "operatingExpenses": "152700000", "investmentIncomeNet": "100000", "netInterestIncome": "-9600000", "interestIncome": "100000", "interestExpense": "9600000", "nonInterestIncome": "792700000", "otherNonOperatingIncome": "33600000", "depreciation": "6900000", "depreciationAndAmortization": "30900000", "incomeBeforeTax": "163400000", "incomeTaxExpense": "53500000", "interestAndDebtExpense": "9600000", "netIncomeFromContinuingOperations": "109900000", "comprehensiveIncomeNetOfTax": "109900000", "ebit": "139300000", "ebitda": "203900000", "netIncome": "109900000"}, {"fiscalDateEnding": "2020-06-30", "reportedCurrency": "USD", "grossProfit": "296900000", "totalRevenue": "868700000", "costOfRevenue": "571800000", "costofGoodsAndServicesSold": "626700000", "operatingIncome": "161700000", "sellingGeneralAndAdministrative": "33500000", "researchAndDevelopment": "None", "operatingExpenses": "135200000", "investmentIncomeNet": "100000", "netInterestIncome": "-7400000", "interestIncome": "100000", "interestExpense": "7400000", "nonInterestIncome": "868700000", "otherNonOperatingIncome": "2200000", "depreciation": "6200000", "depreciationAndAmortization": "30100000", "incomeBeforeTax": "156600000", "incomeTaxExpense": "43000000", "interestAndDebtExpense": "7400000", "netIncomeFromContinuingOperations": "113600000", "comprehensiveIncomeNetOfTax": "114400000", "ebit": "161700000", "ebitda": "194100000", "netIncome": "113600000"}, {"fiscalDateEnding": "2020-03-31", "reportedCurrency": "USD", "grossProfit": "358300000", "totalRevenue": "921500000", "costOfRevenue": "563200000", "costofGoodsAndServicesSold": "616500000", "operatingIncome": "226400000", "sellingGeneralAndAdministrative": "39200000", "researchAndDevelopment": "None", "operatingExpenses": "131900000", "investmentIncomeNet": "700000", "netInterestIncome": "-8000000", "interestIncome": "700000", "interestExpense": "8000000", "nonInterestIncome": "921500000", "otherNonOperatingIncome": "-1600000", "depreciation": "6200000", "depreciationAndAmortization": "32500000", "incomeBeforeTax": "217500000", "incomeTaxExpense": "60100000", "interestAndDebtExpense": "8000000", "netIncomeFromContinuingOperations": "157400000", "comprehensiveIncomeNetOfTax": "157400000", "ebit": "226400000", "ebitda": "258000000", "netIncome": "157400000"}, {"fiscalDateEnding": "2019-12-31", "reportedCurrency": "USD", "grossProfit": "280300000", "totalRevenue": "598600000", "costOfRevenue": "318300000", "costofGoodsAndServicesSold": "367300000", "operatingIncome": "119200000", "sellingGeneralAndAdministrative": "35300000", "researchAndDevelopment": "None", "operatingExpenses": "161100000", "investmentIncomeNet": "300000", "netInterestIncome": "-8100000", "interestIncome": "300000", "interestExpense": "8100000", "nonInterestIncome": "594200000", "otherNonOperatingIncome": "2800000", "depreciation": "6300000", "depreciationAndAmortization": "33500000", "incomeBeforeTax": "114200000", "incomeTaxExpense": "27900000", "interestAndDebtExpense": "8100000", "netIncomeFromContinuingOperations": "119200000", "comprehensiveIncomeNetOfTax": "86300000", "ebit": "119200000", "ebitda": "155800000", "netIncome": "86300000"}, {"fiscalDateEnding": "2019-09-30", "reportedCurrency": "USD", "grossProfit": "294000000", "totalRevenue": "675400000", "costOfRevenue": "381400000", "costofGoodsAndServicesSold": "431100000", "operatingIncome": "147400000", "sellingGeneralAndAdministrative": "36100000", "researchAndDevelopment": "None", "operatingExpenses": "146600000", "investmentIncomeNet": "600000", "netInterestIncome": "-8800000", "interestIncome": "600000", "interestExpense": "8800000", "nonInterestIncome": "675400000", "otherNonOperatingIncome": "1700000", "depreciation": "5900000", "depreciationAndAmortization": "33400000", "incomeBeforeTax": "141000000", "incomeTaxExpense": "35000000", "interestAndDebtExpense": "8800000", "netIncomeFromContinuingOperations": "105900000", "comprehensiveIncomeNetOfTax": "106000000", "ebit": "147400000", "ebitda": "183200000", "netIncome": "106000000"}, {"fiscalDateEnding": "2019-06-30", "reportedCurrency": "USD", "grossProfit": "283200000", "totalRevenue": "620600000", "costOfRevenue": "337400000", "costofGoodsAndServicesSold": "389600000", "operatingIncome": "125200000", "sellingGeneralAndAdministrative": "40300000", "researchAndDevelopment": "None", "operatingExpenses": "158000000", "investmentIncomeNet": "500000", "netInterestIncome": "-10500000", "interestIncome": "500000", "interestExpense": "10500000", "nonInterestIncome": "620600000", "otherNonOperatingIncome": "4400000", "depreciation": "6100000", "depreciationAndAmortization": "34200000", "incomeBeforeTax": "123400000", "incomeTaxExpense": "35100000", "interestAndDebtExpense": "10500000", "netIncomeFromContinuingOperations": "84500000", "comprehensiveIncomeNetOfTax": "88300000", "ebit": "125200000", "ebitda": "168100000", "netIncome": "88300000"}, {"fiscalDateEnding": "2019-03-31", "reportedCurrency": "USD", "grossProfit": "279400000", "totalRevenue": "601500000", "costOfRevenue": "322100000", "costofGoodsAndServicesSold": "370200000", "operatingIncome": "145400000", "sellingGeneralAndAdministrative": "35600000", "researchAndDevelopment": "None", "operatingExpenses": "134000000", "investmentIncomeNet": "500000", "netInterestIncome": "-10400000", "interestIncome": "500000", "interestExpense": "10400000", "nonInterestIncome": "602200000", "otherNonOperatingIncome": "-8800000", "depreciation": "6200000", "depreciationAndAmortization": "37500000", "incomeBeforeTax": "128000000", "incomeTaxExpense": "32600000", "interestAndDebtExpense": "10400000", "netIncomeFromContinuingOperations": "95200000", "comprehensiveIncomeNetOfTax": "95400000", "ebit": "145400000", "ebitda": "175900000", "netIncome": "95400000"}, {"fiscalDateEnding": "2018-12-31", "reportedCurrency": "USD", "grossProfit": "334400000", "totalRevenue": "747700000", "costOfRevenue": "413300000", "costofGoodsAndServicesSold": "474000000", "operatingIncome": "176500000", "sellingGeneralAndAdministrative": "41600000", "researchAndDevelopment": "None", "operatingExpenses": "157900000", "investmentIncomeNet": "-100000", "netInterestIncome": "-9600000", "interestIncome": "None", "interestExpense": "9600000", "nonInterestIncome": "747700000", "otherNonOperatingIncome": "8900000", "depreciation": "5900000", "depreciationAndAmortization": "39400000", "incomeBeforeTax": "176100000", "incomeTaxExpense": "37300000", "interestAndDebtExpense": "9600000", "netIncomeFromContinuingOperations": "176500000", "comprehensiveIncomeNetOfTax": "138400000", "ebit": "176500000", "ebitda": "225100000", "netIncome": "138800000"}, {"fiscalDateEnding": "2018-09-30", "reportedCurrency": "USD", "grossProfit": "270500000", "totalRevenue": "575900000", "costOfRevenue": "305400000", "costofGoodsAndServicesSold": "357200000", "operatingIncome": "126100000", "sellingGeneralAndAdministrative": "41500000", "researchAndDevelopment": "None", "operatingExpenses": "144400000", "investmentIncomeNet": "1100000", "netInterestIncome": "-10700000", "interestIncome": "None", "interestExpense": "10700000", "nonInterestIncome": "575900000", "otherNonOperatingIncome": "-200000", "depreciation": "6200000", "depreciationAndAmortization": "38800000", "incomeBeforeTax": "116600000", "incomeTaxExpense": "30600000", "interestAndDebtExpense": "10700000", "netIncomeFromContinuingOperations": "85700000", "comprehensiveIncomeNetOfTax": "86000000", "ebit": "126100000", "ebitda": "166100000", "netIncome": "86000000"}, {"fiscalDateEnding": "2018-06-30", "reportedCurrency": "USD", "grossProfit": "283500000", "totalRevenue": "667500000", "costOfRevenue": "384000000", "costofGoodsAndServicesSold": "441400000", "operatingIncome": "129100000", "sellingGeneralAndAdministrative": "92300000", "researchAndDevelopment": "None", "operatingExpenses": "154400000", "investmentIncomeNet": "900000", "netInterestIncome": "-10200000", "interestIncome": "None", "interestExpense": "10200000", "nonInterestIncome": "667500000", "otherNonOperatingIncome": "0", "depreciation": "6100000", "depreciationAndAmortization": "39700000", "incomeBeforeTax": "120100000", "incomeTaxExpense": "36800000", "interestAndDebtExpense": "10200000", "netIncomeFromContinuingOperations": "83000000", "comprehensiveIncomeNetOfTax": "82900000", "ebit": "129100000", "ebitda": "170000000", "netIncome": "83300000"}, {"fiscalDateEnding": "2018-03-31", "reportedCurrency": "USD", "grossProfit": "328500000", "totalRevenue": "777700000", "costOfRevenue": "449200000", "costofGoodsAndServicesSold": "508100000", "operatingIncome": "167700000", "sellingGeneralAndAdministrative": "92900000", "researchAndDevelopment": "None", "operatingExpenses": "160800000", "investmentIncomeNet": "400000", "netInterestIncome": "-10000000", "interestIncome": "None", "interestExpense": "10000000", "nonInterestIncome": "777700000", "otherNonOperatingIncome": "1300000", "depreciation": "6900000", "depreciationAndAmortization": "42100000", "incomeBeforeTax": "159700000", "incomeTaxExpense": "41300000", "interestAndDebtExpense": "10000000", "netIncomeFromContinuingOperations": "118100000", "comprehensiveIncomeNetOfTax": "118300000", "ebit": "167700000", "ebitda": "211800000", "netIncome": "118400000"}, {"fiscalDateEnding": "2017-12-31", "reportedCurrency": "USD", "grossProfit": "265600000", "totalRevenue": "620700000", "costOfRevenue": "355100000", "costofGoodsAndServicesSold": "408300000", "operatingIncome": "108700000", "sellingGeneralAndAdministrative": "86000000", "researchAndDevelopment": "None", "operatingExpenses": "156900000", "investmentIncomeNet": "100000", "netInterestIncome": "-10500000", "interestIncome": "None", "interestExpense": "10500000", "nonInterestIncome": "620700000", "otherNonOperatingIncome": "5800000", "depreciation": "8100000", "depreciationAndAmortization": "43000000", "incomeBeforeTax": "104400000", "incomeTaxExpense": "-153000000", "interestAndDebtExpense": "10500000", "netIncomeFromContinuingOperations": "108700000", "comprehensiveIncomeNetOfTax": "257100000", "ebit": "108700000", "ebitda": "157900000", "netIncome": "257400000"}, {"fiscalDateEnding": "2017-09-30", "reportedCurrency": "USD", "grossProfit": "269700000", "totalRevenue": "611400000", "costOfRevenue": "341700000", "costofGoodsAndServicesSold": "392100000", "operatingIncome": "119300000", "sellingGeneralAndAdministrative": "84500000", "researchAndDevelopment": "None", "operatingExpenses": "150400000", "investmentIncomeNet": "500000", "netInterestIncome": "-11000000", "interestIncome": "None", "interestExpense": "11000000", "nonInterestIncome": "611400000", "otherNonOperatingIncome": "-2900000", "depreciation": "7900000", "depreciationAndAmortization": "42800000", "incomeBeforeTax": "106100000", "incomeTaxExpense": "45600000", "interestAndDebtExpense": "11000000", "netIncomeFromContinuingOperations": "60300000", "comprehensiveIncomeNetOfTax": "80900000", "ebit": "119300000", "ebitda": "159900000", "netIncome": "60500000"}, {"fiscalDateEnding": "2017-06-30", "reportedCurrency": "USD", "grossProfit": "266900000", "totalRevenue": "640800000", "costOfRevenue": "373900000", "costofGoodsAndServicesSold": "423900000", "operatingIncome": "117800000", "sellingGeneralAndAdministrative": "84300000", "researchAndDevelopment": "None", "operatingExpenses": "149100000", "investmentIncomeNet": "0", "netInterestIncome": "-12500000", "interestIncome": "None", "interestExpense": "12500000", "nonInterestIncome": "640800000", "otherNonOperatingIncome": "800000", "depreciation": "8700000", "depreciationAndAmortization": "42700000", "incomeBeforeTax": "106400000", "incomeTaxExpense": "38100000", "interestAndDebtExpense": "12500000", "netIncomeFromContinuingOperations": "68000000", "comprehensiveIncomeNetOfTax": "95700000", "ebit": "117800000", "ebitda": "161600000", "netIncome": "68300000"}, {"fiscalDateEnding": "2017-03-31", "reportedCurrency": "USD", "grossProfit": "193400000", "totalRevenue": "356200000", "costOfRevenue": "162800000", "costofGoodsAndServicesSold": "210600000", "operatingIncome": "26100000", "sellingGeneralAndAdministrative": "73500000", "researchAndDevelopment": "None", "operatingExpenses": "167300000", "investmentIncomeNet": "600000", "netInterestIncome": "-8500000", "interestIncome": "None", "interestExpense": "8500000", "nonInterestIncome": "356200000", "otherNonOperatingIncome": "100000", "depreciation": "6400000", "depreciationAndAmortization": "14400000", "incomeBeforeTax": "18600000", "incomeTaxExpense": "3100000", "interestAndDebtExpense": "8500000", "netIncomeFromContinuingOperations": "15200000", "comprehensiveIncomeNetOfTax": "18500000", "ebit": "26100000", "ebitda": "41500000", "netIncome": "15500000"}, {"fiscalDateEnding": "2016-12-31", "reportedCurrency": "USD", "grossProfit": "143000000", "totalRevenue": "175080000", "costOfRevenue": "47800000", "costofGoodsAndServicesSold": "20104000", "operatingIncome": "74900000", "sellingGeneralAndAdministrative": "78658000", "researchAndDevelopment": "None", "operatingExpenses": "99978000", "investmentIncomeNet": "5063000", "netInterestIncome": "-5500000", "interestIncome": "None", "interestExpense": "5500000", "nonInterestIncome": "0", "otherNonOperatingIncome": "5500000", "depreciation": "6100000", "depreciationAndAmortization": "10066000", "incomeBeforeTax": "75200000", "incomeTaxExpense": "29800000", "interestAndDebtExpense": "5515000", "netIncomeFromContinuingOperations": "75102000", "comprehensiveIncomeNetOfTax": "45483000", "ebit": "74900000", "ebitda": "90766000", "netIncome": "45400000"}]}