{"symbol": "CDNS", "annualReports": [{"fiscalDateEnding": "2020-12-31", "reportedCurrency": "USD", "grossProfit": "1915072000", "totalRevenue": "2661765000", "costOfRevenue": "746693000", "costofGoodsAndServicesSold": "46184000", "operatingIncome": "645552000", "sellingGeneralAndAdministrative": "670885000", "researchAndDevelopment": "1033732000", "operatingExpenses": "1735869000", "investmentIncomeNet": "3817000", "netInterestIncome": "-20749000", "interestIncome": "3817000", "interestExpense": "20749000", "nonInterestIncome": "2687320000", "otherNonOperatingIncome": "7945000", "depreciation": "67600000", "depreciationAndAmortization": "18009000", "incomeBeforeTax": "632748000", "incomeTaxExpense": "42104000", "interestAndDebtExpense": "20749000", "netIncomeFromContinuingOperations": "590644000", "comprehensiveIncomeNetOfTax": "610145000", "ebit": "653497000", "ebitda": "671506000", "netIncome": "590644000"}, {"fiscalDateEnding": "2019-12-31", "reportedCurrency": "USD", "grossProfit": "1623098000", "totalRevenue": "2308577000", "costOfRevenue": "685479000", "costofGoodsAndServicesSold": "40951000", "operatingIncome": "491796000", "sellingGeneralAndAdministrative": "621479000", "researchAndDevelopment": "935938000", "operatingExpenses": "1581098000", "investmentIncomeNet": "9509000", "netInterestIncome": "-18829000", "interestIncome": "9509000", "interestExpense": "18829000", "nonInterestIncome": "2332208000", "otherNonOperatingIncome": "6001000", "depreciation": "63300000", "depreciationAndAmortization": "12128000", "incomeBeforeTax": "478968000", "incomeTaxExpense": "-510011000", "interestAndDebtExpense": "18829000", "netIncomeFromContinuingOperations": "988979000", "comprehensiveIncomeNetOfTax": "976833000", "ebit": "497797000", "ebitda": "509925000", "netIncome": "988979000"}, {"fiscalDateEnding": "2018-12-31", "reportedCurrency": "USD", "grossProfit": "1514376000", "totalRevenue": "2112626000", "costOfRevenue": "598250000", "costofGoodsAndServicesSold": "39247000", "operatingIncome": "396209000", "sellingGeneralAndAdministrative": "573075000", "researchAndDevelopment": "884816000", "operatingExpenses": "1488168000", "investmentIncomeNet": "8070000", "netInterestIncome": "-23139000", "interestIncome": "8070000", "interestExpense": "23139000", "nonInterestIncome": "2132465000", "otherNonOperatingIncome": "3320000", "depreciation": "60400000", "depreciationAndAmortization": "14086000", "incomeBeforeTax": "376390000", "incomeTaxExpense": "30613000", "interestAndDebtExpense": "23139000", "netIncomeFromContinuingOperations": "345777000", "comprehensiveIncomeNetOfTax": "327265000", "ebit": "399529000", "ebitda": "413615000", "netIncome": "345777000"}, {"fiscalDateEnding": "2017-12-31", "reportedCurrency": "USD", "grossProfit": "1264604000", "totalRevenue": "1923382000", "costOfRevenue": "658778000", "costofGoodsAndServicesSold": "80714000", "operatingIncome": "323955000", "sellingGeneralAndAdministrative": "553342000", "researchAndDevelopment": "804223000", "operatingExpenses": "1384910000", "investmentIncomeNet": "3879000", "netInterestIncome": "-25664000", "interestIncome": "3879000", "interestExpense": "25664000", "nonInterestIncome": "-2920000", "otherNonOperatingIncome": "16755000", "depreciation": "52900000", "depreciationAndAmortization": "14716000", "incomeBeforeTax": "315046000", "incomeTaxExpense": "110945000", "interestAndDebtExpense": "25664000", "netIncomeFromContinuingOperations": "204101000", "comprehensiveIncomeNetOfTax": "225631000", "ebit": "340710000", "ebitda": "355426000", "netIncome": "204101000"}, {"fiscalDateEnding": "2016-12-31", "reportedCurrency": "USD", "grossProfit": "1149232000", "totalRevenue": "1802883000", "costOfRevenue": "653651000", "costofGoodsAndServicesSold": "73201000", "operatingIncome": "244901000", "sellingGeneralAndAdministrative": "520300000", "researchAndDevelopment": "735340000", "operatingExpenses": "1314867000", "investmentIncomeNet": "2917000", "netInterestIncome": "-23670000", "interestIncome": "2917000", "interestExpense": "23670000", "nonInterestIncome": "7802000", "otherNonOperatingIncome": "15922000", "depreciation": "52700000", "depreciationAndAmortization": "18095000", "incomeBeforeTax": "237153000", "incomeTaxExpense": "34067000", "interestAndDebtExpense": "23670000", "netIncomeFromContinuingOperations": "203086000", "comprehensiveIncomeNetOfTax": "190351000", "ebit": "260823000", "ebitda": "278918000", "netIncome": "203086000"}], "quarterlyReports": [{"fiscalDateEnding": "2021-09-30", "reportedCurrency": "USD", "grossProfit": "543756000", "totalRevenue": "746699000", "costOfRevenue": "202943000", "costofGoodsAndServicesSold": "11774000", "operatingIncome": "194034000", "sellingGeneralAndAdministrative": "186391000", "researchAndDevelopment": "289105000", "operatingExpenses": "480274000", "investmentIncomeNet": "None", "netInterestIncome": "-4196000", "interestIncome": "None", "interestExpense": "4196000", "nonInterestIncome": "750895000", "otherNonOperatingIncome": "-1143000", "depreciation": "None", "depreciationAndAmortization": "5000000", "incomeBeforeTax": "188695000", "incomeTaxExpense": "12388000", "interestAndDebtExpense": "4196000", "netIncomeFromContinuingOperations": "176307000", "comprehensiveIncomeNetOfTax": "170536000", "ebit": "192891000", "ebitda": "197891000", "netIncome": "176307000"}, {"fiscalDateEnding": "2021-06-30", "reportedCurrency": "USD", "grossProfit": "530876000", "totalRevenue": "723969000", "costOfRevenue": "193093000", "costofGoodsAndServicesSold": "12232000", "operatingIncome": "185438000", "sellingGeneralAndAdministrative": "176300000", "researchAndDevelopment": "285227000", "operatingExpenses": "466088000", "investmentIncomeNet": "None", "netInterestIncome": "-4316000", "interestIncome": "None", "interestExpense": "4316000", "nonInterestIncome": "728285000", "otherNonOperatingIncome": "2143000", "depreciation": "None", "depreciationAndAmortization": "5030000", "incomeBeforeTax": "183265000", "incomeTaxExpense": "27365000", "interestAndDebtExpense": "4316000", "netIncomeFromContinuingOperations": "155900000", "comprehensiveIncomeNetOfTax": "161145000", "ebit": "187581000", "ebitda": "192611000", "netIncome": "155900000"}, {"fiscalDateEnding": "2021-03-31", "reportedCurrency": "USD", "grossProfit": "542911000", "totalRevenue": "731811000", "costOfRevenue": "188900000", "costofGoodsAndServicesSold": "11768000", "operatingIncome": "203937000", "sellingGeneralAndAdministrative": "172778000", "researchAndDevelopment": "270992000", "operatingExpenses": "448201000", "investmentIncomeNet": "None", "netInterestIncome": "-4217000", "interestIncome": "None", "interestExpense": "4217000", "nonInterestIncome": "736028000", "otherNonOperatingIncome": "2701000", "depreciation": "None", "depreciationAndAmortization": "4631000", "incomeBeforeTax": "202421000", "incomeTaxExpense": "15252000", "interestAndDebtExpense": "4217000", "netIncomeFromContinuingOperations": "187169000", "comprehensiveIncomeNetOfTax": "177557000", "ebit": "206638000", "ebitda": "211269000", "netIncome": "187169000"}, {"fiscalDateEnding": "2020-12-31", "reportedCurrency": "USD", "grossProfit": "528781000", "totalRevenue": "754659000", "costOfRevenue": "225878000", "costofGoodsAndServicesSold": "12393000", "operatingIncome": "184979000", "sellingGeneralAndAdministrative": "195766000", "researchAndDevelopment": "290309000", "operatingExpenses": "504335000", "investmentIncomeNet": "None", "netInterestIncome": "-4873000", "interestIncome": "None", "interestExpense": "4873000", "nonInterestIncome": "764338000", "otherNonOperatingIncome": "6083000", "depreciation": "None", "depreciationAndAmortization": "4775000", "incomeBeforeTax": "186189000", "incomeTaxExpense": "12451000", "interestAndDebtExpense": "4873000", "netIncomeFromContinuingOperations": "173738000", "comprehensiveIncomeNetOfTax": "189933000", "ebit": "191062000", "ebitda": "195837000", "netIncome": "173738000"}, {"fiscalDateEnding": "2020-09-30", "reportedCurrency": "USD", "grossProfit": "485718000", "totalRevenue": "661282000", "costOfRevenue": "175564000", "costofGoodsAndServicesSold": "11447000", "operatingIncome": "169272000", "sellingGeneralAndAdministrative": "159666000", "researchAndDevelopment": "250934000", "operatingExpenses": "415051000", "investmentIncomeNet": "None", "netInterestIncome": "-5325000", "interestIncome": "None", "interestExpense": "5325000", "nonInterestIncome": "666607000", "otherNonOperatingIncome": "1766000", "depreciation": "None", "depreciationAndAmortization": "4438000", "incomeBeforeTax": "165713000", "incomeTaxExpense": "4083000", "interestAndDebtExpense": "5325000", "netIncomeFromContinuingOperations": "161630000", "comprehensiveIncomeNetOfTax": "173027000", "ebit": "171038000", "ebitda": "175476000", "netIncome": "161630000"}, {"fiscalDateEnding": "2020-06-30", "reportedCurrency": "USD", "grossProfit": "460588000", "totalRevenue": "632504000", "costOfRevenue": "171916000", "costofGoodsAndServicesSold": "11484000", "operatingIncome": "151950000", "sellingGeneralAndAdministrative": "156117000", "researchAndDevelopment": "250821000", "operatingExpenses": "411253000", "investmentIncomeNet": "None", "netInterestIncome": "-5914000", "interestIncome": "None", "interestExpense": "5914000", "nonInterestIncome": "638418000", "otherNonOperatingIncome": "4630000", "depreciation": "None", "depreciationAndAmortization": "4590000", "incomeBeforeTax": "150666000", "incomeTaxExpense": "19378000", "interestAndDebtExpense": "5914000", "netIncomeFromContinuingOperations": "131288000", "comprehensiveIncomeNetOfTax": "132846000", "ebit": "156580000", "ebitda": "161170000", "netIncome": "131288000"}, {"fiscalDateEnding": "2020-03-31", "reportedCurrency": "USD", "grossProfit": "439985000", "totalRevenue": "613320000", "costOfRevenue": "173335000", "costofGoodsAndServicesSold": "10860000", "operatingIncome": "139351000", "sellingGeneralAndAdministrative": "159336000", "researchAndDevelopment": "241668000", "operatingExpenses": "404066000", "investmentIncomeNet": "None", "netInterestIncome": "-4637000", "interestIncome": "None", "interestExpense": "4637000", "nonInterestIncome": "617957000", "otherNonOperatingIncome": "-4534000", "depreciation": "None", "depreciationAndAmortization": "4206000", "incomeBeforeTax": "130180000", "incomeTaxExpense": "6192000", "interestAndDebtExpense": "4637000", "netIncomeFromContinuingOperations": "123988000", "comprehensiveIncomeNetOfTax": "114339000", "ebit": "134817000", "ebitda": "139023000", "netIncome": "123988000"}, {"fiscalDateEnding": "2019-12-31", "reportedCurrency": "USD", "grossProfit": "392291000", "totalRevenue": "586420000", "costOfRevenue": "194129000", "costofGoodsAndServicesSold": "9873000", "operatingIncome": "108899000", "sellingGeneralAndAdministrative": "169360000", "researchAndDevelopment": "235372000", "operatingExpenses": "420618000", "investmentIncomeNet": "None", "netInterestIncome": "-4222000", "interestIncome": "None", "interestExpense": "4222000", "nonInterestIncome": "595444000", "otherNonOperatingIncome": "748000", "depreciation": "None", "depreciationAndAmortization": "2787000", "incomeBeforeTax": "105425000", "incomeTaxExpense": "-554250000", "interestAndDebtExpense": "4222000", "netIncomeFromContinuingOperations": "659675000", "comprehensiveIncomeNetOfTax": "662741000", "ebit": "109647000", "ebitda": "112434000", "netIncome": "659675000"}, {"fiscalDateEnding": "2019-09-30", "reportedCurrency": "USD", "grossProfit": "408178000", "totalRevenue": "575363000", "costOfRevenue": "167185000", "costofGoodsAndServicesSold": "9925000", "operatingIncome": "120826000", "sellingGeneralAndAdministrative": "154572000", "researchAndDevelopment": "240542000", "operatingExpenses": "397802000", "investmentIncomeNet": "None", "netInterestIncome": "-4240000", "interestIncome": "None", "interestExpense": "4240000", "nonInterestIncome": "579603000", "otherNonOperatingIncome": "122000", "depreciation": "None", "depreciationAndAmortization": "2874000", "incomeBeforeTax": "116708000", "incomeTaxExpense": "15194000", "interestAndDebtExpense": "4240000", "netIncomeFromContinuingOperations": "101514000", "comprehensiveIncomeNetOfTax": "89519000", "ebit": "120948000", "ebitda": "123822000", "netIncome": "101514000"}, {"fiscalDateEnding": "2019-06-30", "reportedCurrency": "USD", "grossProfit": "421982000", "totalRevenue": "575443000", "costOfRevenue": "153461000", "costofGoodsAndServicesSold": "11299000", "operatingIncome": "133675000", "sellingGeneralAndAdministrative": "150615000", "researchAndDevelopment": "231814000", "operatingExpenses": "385275000", "investmentIncomeNet": "None", "netInterestIncome": "-4976000", "interestIncome": "None", "interestExpense": "4976000", "nonInterestIncome": "580419000", "otherNonOperatingIncome": "-110000", "depreciation": "None", "depreciationAndAmortization": "3159000", "incomeBeforeTax": "128589000", "incomeTaxExpense": "21354000", "interestAndDebtExpense": "4976000", "netIncomeFromContinuingOperations": "107235000", "comprehensiveIncomeNetOfTax": "105313000", "ebit": "133565000", "ebitda": "136724000", "netIncome": "107235000"}, {"fiscalDateEnding": "2019-03-31", "reportedCurrency": "USD", "grossProfit": "421800000", "totalRevenue": "571351000", "costOfRevenue": "149551000", "costofGoodsAndServicesSold": "9854000", "operatingIncome": "128396000", "sellingGeneralAndAdministrative": "146932000", "researchAndDevelopment": "228210000", "operatingExpenses": "377578000", "investmentIncomeNet": "None", "netInterestIncome": "-5391000", "interestIncome": "None", "interestExpense": "5391000", "nonInterestIncome": "576742000", "otherNonOperatingIncome": "5241000", "depreciation": "None", "depreciationAndAmortization": "3308000", "incomeBeforeTax": "128246000", "incomeTaxExpense": "7691000", "interestAndDebtExpense": "5391000", "netIncomeFromContinuingOperations": "120555000", "comprehensiveIncomeNetOfTax": "119260000", "ebit": "133637000", "ebitda": "136945000", "netIncome": "120555000"}, {"fiscalDateEnding": "2018-12-31", "reportedCurrency": "USD", "grossProfit": "401510000", "totalRevenue": "563275000", "costOfRevenue": "161765000", "costofGoodsAndServicesSold": "9474000", "operatingIncome": "113690000", "sellingGeneralAndAdministrative": "144598000", "researchAndDevelopment": "218271000", "operatingExpenses": "380348000", "investmentIncomeNet": "None", "netInterestIncome": "-4318000", "interestIncome": "None", "interestExpense": "4318000", "nonInterestIncome": "564293000", "otherNonOperatingIncome": "-735000", "depreciation": "None", "depreciationAndAmortization": "3468000", "incomeBeforeTax": "108637000", "incomeTaxExpense": "10212000", "interestAndDebtExpense": "4318000", "netIncomeFromContinuingOperations": "98425000", "comprehensiveIncomeNetOfTax": "95996000", "ebit": "112955000", "ebitda": "116423000", "netIncome": "98425000"}, {"fiscalDateEnding": "2018-09-30", "reportedCurrency": "USD", "grossProfit": "382138000", "totalRevenue": "527291000", "costOfRevenue": "145153000", "costofGoodsAndServicesSold": "9505000", "operatingIncome": "103630000", "sellingGeneralAndAdministrative": "141855000", "researchAndDevelopment": "223231000", "operatingExpenses": "368384000", "investmentIncomeNet": "None", "netInterestIncome": "-5177000", "interestIncome": "None", "interestExpense": "5177000", "nonInterestIncome": "532468000", "otherNonOperatingIncome": "1106000", "depreciation": "None", "depreciationAndAmortization": "3470000", "incomeBeforeTax": "99559000", "incomeTaxExpense": "241000", "interestAndDebtExpense": "5177000", "netIncomeFromContinuingOperations": "99318000", "comprehensiveIncomeNetOfTax": "90139000", "ebit": "104736000", "ebitda": "108206000", "netIncome": "99318000"}, {"fiscalDateEnding": "2018-06-30", "reportedCurrency": "USD", "grossProfit": "345643000", "totalRevenue": "511722000", "costOfRevenue": "166079000", "costofGoodsAndServicesSold": "18833000", "operatingIncome": "93056000", "sellingGeneralAndAdministrative": "144175000", "researchAndDevelopment": "219129000", "operatingExpenses": "366375000", "investmentIncomeNet": "None", "netInterestIncome": "-6669000", "interestIncome": "None", "interestExpense": "6669000", "nonInterestIncome": "518391000", "otherNonOperatingIncome": "3638000", "depreciation": "None", "depreciationAndAmortization": "3518000", "incomeBeforeTax": "90025000", "incomeTaxExpense": "14876000", "interestAndDebtExpense": "6669000", "netIncomeFromContinuingOperations": "75149000", "comprehensiveIncomeNetOfTax": "56037000", "ebit": "96694000", "ebitda": "100212000", "netIncome": "75149000"}, {"fiscalDateEnding": "2018-03-31", "reportedCurrency": "USD", "grossProfit": "344773000", "totalRevenue": "510338000", "costOfRevenue": "165565000", "costofGoodsAndServicesSold": "21479000", "operatingIncome": "85833000", "sellingGeneralAndAdministrative": "142447000", "researchAndDevelopment": "224185000", "operatingExpenses": "368937000", "investmentIncomeNet": "None", "netInterestIncome": "-6975000", "interestIncome": "None", "interestExpense": "6975000", "nonInterestIncome": "517313000", "otherNonOperatingIncome": "-689000", "depreciation": "None", "depreciationAndAmortization": "3630000", "incomeBeforeTax": "78169000", "incomeTaxExpense": "5284000", "interestAndDebtExpense": "6975000", "netIncomeFromContinuingOperations": "72885000", "comprehensiveIncomeNetOfTax": "85093000", "ebit": "85144000", "ebitda": "88774000", "netIncome": "72885000"}, {"fiscalDateEnding": "2017-12-31", "reportedCurrency": "USD", "grossProfit": "322753000", "totalRevenue": "501024000", "costOfRevenue": "178271000", "costofGoodsAndServicesSold": "20979000", "operatingIncome": "81278000", "sellingGeneralAndAdministrative": "140943000", "researchAndDevelopment": "203468000", "operatingExpenses": "363383000", "investmentIncomeNet": "None", "netInterestIncome": "-6712000", "interestIncome": "None", "interestExpense": "6712000", "nonInterestIncome": "-2920000", "otherNonOperatingIncome": "2385000", "depreciation": "None", "depreciationAndAmortization": "3571000", "incomeBeforeTax": "76951000", "incomeTaxExpense": "91393000", "interestAndDebtExpense": "6712000", "netIncomeFromContinuingOperations": "-14442000", "comprehensiveIncomeNetOfTax": "-8052000", "ebit": "83663000", "ebitda": "87234000", "netIncome": "-14442000"}, {"fiscalDateEnding": "2017-09-30", "reportedCurrency": "USD", "grossProfit": "315553000", "totalRevenue": "479173000", "costOfRevenue": "163620000", "costofGoodsAndServicesSold": "19657000", "operatingIncome": "80385000", "sellingGeneralAndAdministrative": "140565000", "researchAndDevelopment": "206568000", "operatingExpenses": "350531000", "investmentIncomeNet": "None", "netInterestIncome": "-6225000", "interestIncome": "None", "interestExpense": "6225000", "nonInterestIncome": "485398000", "otherNonOperatingIncome": "12387000", "depreciation": "None", "depreciationAndAmortization": "3453000", "incomeBeforeTax": "86547000", "incomeTaxExpense": "5390000", "interestAndDebtExpense": "6225000", "netIncomeFromContinuingOperations": "81157000", "comprehensiveIncomeNetOfTax": "85725000", "ebit": "92772000", "ebitda": "96225000", "netIncome": "81157000"}, {"fiscalDateEnding": "2017-06-30", "reportedCurrency": "USD", "grossProfit": "311172000", "totalRevenue": "472753000", "costOfRevenue": "161581000", "costofGoodsAndServicesSold": "22003000", "operatingIncome": "82690000", "sellingGeneralAndAdministrative": "136671000", "researchAndDevelopment": "195901000", "operatingExpenses": "335479000", "investmentIncomeNet": "None", "netInterestIncome": "-6248000", "interestIncome": "None", "interestExpense": "6248000", "nonInterestIncome": "None", "otherNonOperatingIncome": "924000", "depreciation": "None", "depreciationAndAmortization": "3836000", "incomeBeforeTax": "77366000", "incomeTaxExpense": "8239000", "interestAndDebtExpense": "6248000", "netIncomeFromContinuingOperations": "69127000", "comprehensiveIncomeNetOfTax": "76815000", "ebit": "83614000", "ebitda": "87450000", "netIncome": "69127000"}, {"fiscalDateEnding": "2017-03-31", "reportedCurrency": "USD", "grossProfit": "315126000", "totalRevenue": "470432000", "costOfRevenue": "155306000", "costofGoodsAndServicesSold": "18075000", "operatingIncome": "79602000", "sellingGeneralAndAdministrative": "135163000", "researchAndDevelopment": "198286000", "operatingExpenses": "335517000", "investmentIncomeNet": "None", "netInterestIncome": "-6479000", "interestIncome": "None", "interestExpense": "6479000", "nonInterestIncome": "None", "otherNonOperatingIncome": "1059000", "depreciation": "None", "depreciationAndAmortization": "3856000", "incomeBeforeTax": "74182000", "incomeTaxExpense": "5923000", "interestAndDebtExpense": "6479000", "netIncomeFromContinuingOperations": "68259000", "comprehensiveIncomeNetOfTax": "71143000", "ebit": "80661000", "ebitda": "84517000", "netIncome": "68259000"}, {"fiscalDateEnding": "2016-12-31", "reportedCurrency": "USD", "grossProfit": "294567000", "totalRevenue": "472604000", "costOfRevenue": "178037000", "costofGoodsAndServicesSold": "18638000", "operatingIncome": "53117000", "sellingGeneralAndAdministrative": "128068000", "researchAndDevelopment": "181516000", "operatingExpenses": "340474000", "investmentIncomeNet": "None", "netInterestIncome": "-6364000", "interestIncome": "None", "interestExpense": "6364000", "nonInterestIncome": "7320000", "otherNonOperatingIncome": "5481000", "depreciation": "None", "depreciationAndAmortization": "3889000", "incomeBeforeTax": "52234000", "incomeTaxExpense": "13757000", "interestAndDebtExpense": "6364000", "netIncomeFromContinuingOperations": "38477000", "comprehensiveIncomeNetOfTax": "22467000", "ebit": "58598000", "ebitda": "62487000", "netIncome": "38477000"}]}