{"symbol": "CHTR", "annualReports": [{"fiscalDateEnding": "2020-12-31", "reportedCurrency": "USD", "grossProfit": "42739000000", "totalRevenue": "48097000000", "costOfRevenue": "5358000000", "costofGoodsAndServicesSold": "29930000000", "operatingIncome": "8405000000", "sellingGeneralAndAdministrative": "3382000000", "researchAndDevelopment": "None", "operatingExpenses": "29930000000", "investmentIncomeNet": "None", "netInterestIncome": "-3848000000", "interestIncome": "-3889000000", "interestExpense": "-41000000", "nonInterestIncome": "-213000000", "otherNonOperatingIncome": "-31000000", "depreciation": "7800000000", "depreciationAndAmortization": "1900000000", "incomeBeforeTax": "3848000000", "incomeTaxExpense": "626000000", "interestAndDebtExpense": "102000000", "netIncomeFromContinuingOperations": "3676000000", "comprehensiveIncomeNetOfTax": "3222000000", "ebit": "8405000000", "ebitda": "5707000000", "netIncome": "3222000000"}, {"fiscalDateEnding": "2019-12-31", "reportedCurrency": "USD", "grossProfit": "39961000000", "totalRevenue": "45764000000", "costOfRevenue": "5803000000", "costofGoodsAndServicesSold": "29224000000", "operatingIncome": "6511000000", "sellingGeneralAndAdministrative": "3359000000", "researchAndDevelopment": "None", "operatingExpenses": "29224000000", "investmentIncomeNet": "None", "netInterestIncome": "-3797000000", "interestIncome": "-3898000000", "interestExpense": "-101000000", "nonInterestIncome": "-146000000", "otherNonOperatingIncome": "-135000000", "depreciation": "7800000000", "depreciationAndAmortization": "2212000000", "incomeBeforeTax": "2107000000", "incomeTaxExpense": "439000000", "interestAndDebtExpense": "-76000000", "netIncomeFromContinuingOperations": "1992000000", "comprehensiveIncomeNetOfTax": "1670000000", "ebit": "6511000000", "ebitda": "4218000000", "netIncome": "1668000000"}, {"fiscalDateEnding": "2018-12-31", "reportedCurrency": "USD", "grossProfit": "37717000000", "totalRevenue": "43634000000", "costOfRevenue": "5917000000", "costofGoodsAndServicesSold": "27860000000", "operatingIncome": "5221000000", "sellingGeneralAndAdministrative": "3709000000", "researchAndDevelopment": "None", "operatingExpenses": "27860000000", "investmentIncomeNet": "None", "netInterestIncome": "-3540000000", "interestIncome": "-3847000000", "interestExpense": "-307000000", "nonInterestIncome": "-8000000", "otherNonOperatingIncome": "-77000000", "depreciation": "7900000000", "depreciationAndAmortization": "2400000000", "incomeBeforeTax": "1410000000", "incomeTaxExpense": "180000000", "interestAndDebtExpense": "-307000000", "netIncomeFromContinuingOperations": "1506000000", "comprehensiveIncomeNetOfTax": "1229000000", "ebit": "5221000000", "ebitda": "3503000000", "netIncome": "1230000000"}, {"fiscalDateEnding": "2017-12-31", "reportedCurrency": "USD", "grossProfit": "35880000000", "totalRevenue": "41581000000", "costOfRevenue": "5701000000", "costofGoodsAndServicesSold": "26541000000", "operatingIncome": "4106000000", "sellingGeneralAndAdministrative": "3001000000", "researchAndDevelopment": "None", "operatingExpenses": "26541000000", "investmentIncomeNet": "None", "netInterestIncome": "-3090000000", "interestIncome": "-3460000000", "interestExpense": "-370000000", "nonInterestIncome": "-192000000", "otherNonOperatingIncome": "-18000000", "depreciation": "7800000000", "depreciationAndAmortization": "2700000000", "incomeBeforeTax": "808000000", "incomeTaxExpense": "-9087000000", "interestAndDebtExpense": "-330000000", "netIncomeFromContinuingOperations": "10115000000", "comprehensiveIncomeNetOfTax": "9901000000", "ebit": "4106000000", "ebitda": "3138000000", "netIncome": "9895000000"}, {"fiscalDateEnding": "2016-12-31", "reportedCurrency": "USD", "grossProfit": "25758000000", "totalRevenue": "29003000000", "costOfRevenue": "3245000000", "costofGoodsAndServicesSold": "18655000000", "operatingIncome": "2456000000", "sellingGeneralAndAdministrative": "1345000000", "researchAndDevelopment": "None", "operatingExpenses": "18655000000", "investmentIncomeNet": "None", "netInterestIncome": "-2499000000", "interestIncome": "-2755000000", "interestExpense": "-256000000", "nonInterestIncome": "176000000", "otherNonOperatingIncome": "-14000000", "depreciation": "5000000000", "depreciationAndAmortization": "1900000000", "incomeBeforeTax": "597000000", "incomeTaxExpense": "-2925000000", "interestAndDebtExpense": "-145000000", "netIncomeFromContinuingOperations": "3745000000", "comprehensiveIncomeNetOfTax": "3528000000", "ebit": "2456000000", "ebitda": "2241000000", "netIncome": "3522000000"}], "quarterlyReports": [{"fiscalDateEnding": "2021-09-30", "reportedCurrency": "USD", "grossProfit": "11868000000", "totalRevenue": "13146000000", "costOfRevenue": "1278000000", "costofGoodsAndServicesSold": "7958000000", "operatingIncome": "2927000000", "sellingGeneralAndAdministrative": "886000000", "researchAndDevelopment": "None", "operatingExpenses": "7958000000", "investmentIncomeNet": "None", "netInterestIncome": "-1016000000", "interestIncome": "-1021000000", "interestExpense": "-5000000", "nonInterestIncome": "-86000000", "otherNonOperatingIncome": "-157000000", "depreciation": "None", "depreciationAndAmortization": "377000000", "incomeBeforeTax": "1564000000", "incomeTaxExpense": "347000000", "interestAndDebtExpense": "69000000", "netIncomeFromContinuingOperations": "1407000000", "comprehensiveIncomeNetOfTax": "1217000000", "ebit": "2927000000", "ebitda": "1936000000", "netIncome": "1217000000"}, {"fiscalDateEnding": "2021-06-30", "reportedCurrency": "USD", "grossProfit": "11559000000", "totalRevenue": "12802000000", "costOfRevenue": "1243000000", "costofGoodsAndServicesSold": "7882000000", "operatingIncome": "2575000000", "sellingGeneralAndAdministrative": "841000000", "researchAndDevelopment": "None", "operatingExpenses": "7882000000", "investmentIncomeNet": "None", "netInterestIncome": "-1004000000", "interestIncome": "-1012000000", "interestExpense": "-8000000", "nonInterestIncome": "-143000000", "otherNonOperatingIncome": "-132000000", "depreciation": "None", "depreciationAndAmortization": "410000000", "incomeBeforeTax": "1301000000", "incomeTaxExpense": "281000000", "interestAndDebtExpense": "46000000", "netIncomeFromContinuingOperations": "1158000000", "comprehensiveIncomeNetOfTax": "1020000000", "ebit": "2575000000", "ebitda": "1703000000", "netIncome": "1020000000"}, {"fiscalDateEnding": "2021-03-31", "reportedCurrency": "USD", "grossProfit": "11215000000", "totalRevenue": "12522000000", "costOfRevenue": "1307000000", "costofGoodsAndServicesSold": "7711000000", "operatingIncome": "2068000000", "sellingGeneralAndAdministrative": "885000000", "researchAndDevelopment": "None", "operatingExpenses": "7711000000", "investmentIncomeNet": "None", "netInterestIncome": "-983000000", "interestIncome": "-990000000", "interestExpense": "-7000000", "nonInterestIncome": "4000000", "otherNonOperatingIncome": "52000000", "depreciation": "None", "depreciationAndAmortization": "440000000", "incomeBeforeTax": "1023000000", "incomeTaxExpense": "216000000", "interestAndDebtExpense": "22000000", "netIncomeFromContinuingOperations": "921000000", "comprehensiveIncomeNetOfTax": "807000000", "ebit": "2068000000", "ebitda": "1456000000", "netIncome": "807000000"}, {"fiscalDateEnding": "2020-12-31", "reportedCurrency": "USD", "grossProfit": "12624000000", "totalRevenue": "12624000000", "costOfRevenue": "1328000000", "costofGoodsAndServicesSold": "7718000000", "operatingIncome": "2462000000", "sellingGeneralAndAdministrative": "846000000", "researchAndDevelopment": "None", "operatingExpenses": "7718000000", "investmentIncomeNet": "None", "netInterestIncome": "-965000000", "interestIncome": "-975000000", "interestExpense": "-10000000", "nonInterestIncome": "48000000", "otherNonOperatingIncome": "-18000000", "depreciation": "None", "depreciationAndAmortization": "500000000", "incomeBeforeTax": "1500000000", "incomeTaxExpense": "254000000", "interestAndDebtExpense": "12000000", "netIncomeFromContinuingOperations": "2462000000", "comprehensiveIncomeNetOfTax": "1246000000", "ebit": "2462000000", "ebitda": "1990000000", "netIncome": "1246000000"}, {"fiscalDateEnding": "2020-09-30", "reportedCurrency": "USD", "grossProfit": "10608000000", "totalRevenue": "12039000000", "costOfRevenue": "1431000000", "costofGoodsAndServicesSold": "7483000000", "operatingIncome": "2172000000", "sellingGeneralAndAdministrative": "871000000", "researchAndDevelopment": "None", "operatingExpenses": "7483000000", "investmentIncomeNet": "None", "netInterestIncome": "-946000000", "interestIncome": "-956000000", "interestExpense": "-10000000", "nonInterestIncome": "-55000000", "otherNonOperatingIncome": "-13000000", "depreciation": "None", "depreciationAndAmortization": "445000000", "incomeBeforeTax": "991000000", "incomeTaxExpense": "177000000", "interestAndDebtExpense": "58000000", "netIncomeFromContinuingOperations": "932000000", "comprehensiveIncomeNetOfTax": "814000000", "ebit": "2172000000", "ebitda": "1426000000", "netIncome": "814000000"}, {"fiscalDateEnding": "2020-06-30", "reportedCurrency": "USD", "grossProfit": "10420000000", "totalRevenue": "11696000000", "costOfRevenue": "1276000000", "costofGoodsAndServicesSold": "7297000000", "operatingIncome": "1969000000", "sellingGeneralAndAdministrative": "809000000", "researchAndDevelopment": "None", "operatingExpenses": "7297000000", "investmentIncomeNet": "None", "netInterestIncome": "-957000000", "interestIncome": "-966000000", "interestExpense": "-9000000", "nonInterestIncome": "31000000", "otherNonOperatingIncome": "-9000000", "depreciation": "None", "depreciationAndAmortization": "478000000", "incomeBeforeTax": "932000000", "incomeTaxExpense": "166000000", "interestAndDebtExpense": "36000000", "netIncomeFromContinuingOperations": "876000000", "comprehensiveIncomeNetOfTax": "766000000", "ebit": "1969000000", "ebitda": "1401000000", "netIncome": "766000000"}, {"fiscalDateEnding": "2020-03-31", "reportedCurrency": "USD", "grossProfit": "10384000000", "totalRevenue": "11738000000", "costOfRevenue": "1354000000", "costofGoodsAndServicesSold": "7432000000", "operatingIncome": "1802000000", "sellingGeneralAndAdministrative": "856000000", "researchAndDevelopment": "None", "operatingExpenses": "7432000000", "investmentIncomeNet": "None", "netInterestIncome": "-980000000", "interestIncome": "-992000000", "interestExpense": "-12000000", "nonInterestIncome": "-237000000", "otherNonOperatingIncome": "9000000", "depreciation": "None", "depreciationAndAmortization": "508000000", "incomeBeforeTax": "425000000", "incomeTaxExpense": "29000000", "interestAndDebtExpense": "15000000", "netIncomeFromContinuingOperations": "467000000", "comprehensiveIncomeNetOfTax": "396000000", "ebit": "1802000000", "ebitda": "921000000", "netIncome": "396000000"}, {"fiscalDateEnding": "2019-12-31", "reportedCurrency": "USD", "grossProfit": "11761000000", "totalRevenue": "11761000000", "costOfRevenue": "1565000000", "costofGoodsAndServicesSold": "7309000000", "operatingIncome": "1959000000", "sellingGeneralAndAdministrative": "825000000", "researchAndDevelopment": "None", "operatingExpenses": "7309000000", "investmentIncomeNet": "None", "netInterestIncome": "-964000000", "interestIncome": "-980000000", "interestExpense": "-16000000", "nonInterestIncome": "-86000000", "otherNonOperatingIncome": "-4000000", "depreciation": "None", "depreciationAndAmortization": "602000000", "incomeBeforeTax": "824000000", "incomeTaxExpense": "110000000", "interestAndDebtExpense": "9000000", "netIncomeFromContinuingOperations": "1959000000", "comprehensiveIncomeNetOfTax": "716000000", "ebit": "1959000000", "ebitda": "1410000000", "netIncome": "714000000"}, {"fiscalDateEnding": "2019-09-30", "reportedCurrency": "USD", "grossProfit": "10076000000", "totalRevenue": "11450000000", "costOfRevenue": "1374000000", "costofGoodsAndServicesSold": "7435000000", "operatingIncome": "1586000000", "sellingGeneralAndAdministrative": "864000000", "researchAndDevelopment": "None", "operatingExpenses": "7435000000", "investmentIncomeNet": "None", "netInterestIncome": "-963000000", "interestIncome": "-962000000", "interestExpense": "1000000", "nonInterestIncome": "18000000", "otherNonOperatingIncome": "-5000000", "depreciation": "None", "depreciationAndAmortization": "519000000", "incomeBeforeTax": "513000000", "incomeTaxExpense": "126000000", "interestAndDebtExpense": "1000000", "netIncomeFromContinuingOperations": "467000000", "comprehensiveIncomeNetOfTax": "387000000", "ebit": "1586000000", "ebitda": "1033000000", "netIncome": "387000000"}, {"fiscalDateEnding": "2019-06-30", "reportedCurrency": "USD", "grossProfit": "9794000000", "totalRevenue": "11347000000", "costOfRevenue": "1553000000", "costofGoodsAndServicesSold": "7244000000", "operatingIncome": "1541000000", "sellingGeneralAndAdministrative": "959000000", "researchAndDevelopment": "None", "operatingExpenses": "7244000000", "investmentIncomeNet": "None", "netInterestIncome": "-945000000", "interestIncome": "-943000000", "interestExpense": "2000000", "nonInterestIncome": "-75000000", "otherNonOperatingIncome": "-16000000", "depreciation": "None", "depreciationAndAmortization": "551000000", "incomeBeforeTax": "398000000", "incomeTaxExpense": "84000000", "interestAndDebtExpense": "2000000", "netIncomeFromContinuingOperations": "386000000", "comprehensiveIncomeNetOfTax": "314000000", "ebit": "1541000000", "ebitda": "951000000", "netIncome": "314000000"}, {"fiscalDateEnding": "2019-03-31", "reportedCurrency": "USD", "grossProfit": "9817000000", "totalRevenue": "11206000000", "costOfRevenue": "1389000000", "costofGoodsAndServicesSold": "7236000000", "operatingIncome": "1425000000", "sellingGeneralAndAdministrative": "820000000", "researchAndDevelopment": "None", "operatingExpenses": "7236000000", "investmentIncomeNet": "None", "netInterestIncome": "-925000000", "interestIncome": "-980000000", "interestExpense": "-55000000", "nonInterestIncome": "-3000000", "otherNonOperatingIncome": "-110000000", "depreciation": "None", "depreciationAndAmortization": "578000000", "incomeBeforeTax": "372000000", "incomeTaxExpense": "119000000", "interestAndDebtExpense": "-55000000", "netIncomeFromContinuingOperations": "317000000", "comprehensiveIncomeNetOfTax": "253000000", "ebit": "1425000000", "ebitda": "895000000", "netIncome": "253000000"}, {"fiscalDateEnding": "2018-12-31", "reportedCurrency": "USD", "grossProfit": "11231000000", "totalRevenue": "11231000000", "costOfRevenue": "1841000000", "costofGoodsAndServicesSold": "7139000000", "operatingIncome": "1439000000", "sellingGeneralAndAdministrative": "1186000000", "researchAndDevelopment": "None", "operatingExpenses": "7139000000", "investmentIncomeNet": "None", "netInterestIncome": "-910000000", "interestIncome": "-975000000", "interestExpense": "-65000000", "nonInterestIncome": "-71000000", "otherNonOperatingIncome": "-2000000", "depreciation": "None", "depreciationAndAmortization": "600000000", "incomeBeforeTax": "298000000", "incomeTaxExpense": "2000000", "interestAndDebtExpense": "-65000000", "netIncomeFromContinuingOperations": "1439000000", "comprehensiveIncomeNetOfTax": "296000000", "ebit": "1439000000", "ebitda": "833000000", "netIncome": "296000000"}, {"fiscalDateEnding": "2018-09-30", "reportedCurrency": "USD", "grossProfit": "9655000000", "totalRevenue": "10892000000", "costOfRevenue": "1237000000", "costofGoodsAndServicesSold": "7012000000", "operatingIncome": "1380000000", "sellingGeneralAndAdministrative": "861000000", "researchAndDevelopment": "None", "operatingExpenses": "7012000000", "investmentIncomeNet": "None", "netInterestIncome": "-901000000", "interestIncome": "-966000000", "interestExpense": "-65000000", "nonInterestIncome": "34000000", "otherNonOperatingIncome": "-5000000", "depreciation": "None", "depreciationAndAmortization": "583000000", "incomeBeforeTax": "602000000", "incomeTaxExpense": "109000000", "interestAndDebtExpense": "0", "netIncomeFromContinuingOperations": "584000000", "comprehensiveIncomeNetOfTax": "493000000", "ebit": "1380000000", "ebitda": "1120000000", "netIncome": "493000000"}, {"fiscalDateEnding": "2018-06-30", "reportedCurrency": "USD", "grossProfit": "9401000000", "totalRevenue": "10854000000", "costOfRevenue": "1453000000", "costofGoodsAndServicesSold": "6873000000", "operatingIncome": "1360000000", "sellingGeneralAndAdministrative": "839000000", "researchAndDevelopment": "None", "operatingExpenses": "6873000000", "investmentIncomeNet": "None", "netInterestIncome": "-878000000", "interestIncome": "-966000000", "interestExpense": "-88000000", "nonInterestIncome": "31000000", "otherNonOperatingIncome": "-47000000", "depreciation": "None", "depreciationAndAmortization": "614000000", "incomeBeforeTax": "314000000", "incomeTaxExpense": "41000000", "interestAndDebtExpense": "0", "netIncomeFromContinuingOperations": "339000000", "comprehensiveIncomeNetOfTax": "272000000", "ebit": "1360000000", "ebitda": "840000000", "netIncome": "273000000"}, {"fiscalDateEnding": "2018-03-31", "reportedCurrency": "USD", "grossProfit": "9209000000", "totalRevenue": "10657000000", "costOfRevenue": "1448000000", "costofGoodsAndServicesSold": "6836000000", "operatingIncome": "1042000000", "sellingGeneralAndAdministrative": "803000000", "researchAndDevelopment": "None", "operatingExpenses": "6836000000", "investmentIncomeNet": "None", "netInterestIncome": "-851000000", "interestIncome": "-940000000", "interestExpense": "-89000000", "nonInterestIncome": "-65000000", "otherNonOperatingIncome": "-23000000", "depreciation": "None", "depreciationAndAmortization": "645000000", "incomeBeforeTax": "196000000", "incomeTaxExpense": "28000000", "interestAndDebtExpense": "-89000000", "netIncomeFromContinuingOperations": "223000000", "comprehensiveIncomeNetOfTax": "168000000", "ebit": "1042000000", "ebitda": "752000000", "netIncome": "168000000"}, {"fiscalDateEnding": "2017-12-31", "reportedCurrency": "USD", "grossProfit": "10577000000", "totalRevenue": "10602000000", "costOfRevenue": "25000000", "costofGoodsAndServicesSold": "6684000000", "operatingIncome": "1204000000", "sellingGeneralAndAdministrative": "25000000", "researchAndDevelopment": "None", "operatingExpenses": "6684000000", "investmentIncomeNet": "None", "netInterestIncome": "-840000000", "interestIncome": "-927000000", "interestExpense": "-87000000", "nonInterestIncome": "-20000000", "otherNonOperatingIncome": "-4000000", "depreciation": "None", "depreciationAndAmortization": "600000000", "incomeBeforeTax": "367000000", "incomeTaxExpense": "-9186000000", "interestAndDebtExpense": "-82000000", "netIncomeFromContinuingOperations": "1204000000", "comprehensiveIncomeNetOfTax": "9554000000", "ebit": "1204000000", "ebitda": "880000000", "netIncome": "9553000000"}, {"fiscalDateEnding": "2017-09-30", "reportedCurrency": "USD", "grossProfit": "9084000000", "totalRevenue": "10458000000", "costOfRevenue": "1374000000", "costofGoodsAndServicesSold": "6703000000", "operatingIncome": "909000000", "sellingGeneralAndAdministrative": "710000000", "researchAndDevelopment": "None", "operatingExpenses": "6703000000", "investmentIncomeNet": "None", "netInterestIncome": "-788000000", "interestIncome": "-875000000", "interestExpense": "-87000000", "nonInterestIncome": "-50000000", "otherNonOperatingIncome": "-3000000", "depreciation": "None", "depreciationAndAmortization": "664000000", "incomeBeforeTax": "74000000", "incomeTaxExpense": "26000000", "interestAndDebtExpense": "0", "netIncomeFromContinuingOperations": "92000000", "comprehensiveIncomeNetOfTax": "50000000", "ebit": "909000000", "ebitda": "651000000", "netIncome": "48000000"}, {"fiscalDateEnding": "2017-06-30", "reportedCurrency": "USD", "grossProfit": "9009000000", "totalRevenue": "10357000000", "costOfRevenue": "1348000000", "costofGoodsAndServicesSold": "6575000000", "operatingIncome": "1052000000", "sellingGeneralAndAdministrative": "653000000", "researchAndDevelopment": "None", "operatingExpenses": "6575000000", "investmentIncomeNet": "None", "netInterestIncome": "-749000000", "interestIncome": "-837000000", "interestExpense": "-88000000", "nonInterestIncome": "-62000000", "otherNonOperatingIncome": "11000000", "depreciation": "None", "depreciationAndAmortization": "695000000", "incomeBeforeTax": "187000000", "incomeTaxExpense": "48000000", "interestAndDebtExpense": "1000000", "netIncomeFromContinuingOperations": "195000000", "comprehensiveIncomeNetOfTax": "141000000", "ebit": "1052000000", "ebitda": "794000000", "netIncome": "139000000"}, {"fiscalDateEnding": "2017-03-31", "reportedCurrency": "USD", "grossProfit": "8800000000", "totalRevenue": "10164000000", "costOfRevenue": "1364000000", "costofGoodsAndServicesSold": "6579000000", "operatingIncome": "941000000", "sellingGeneralAndAdministrative": "638000000", "researchAndDevelopment": "None", "operatingExpenses": "6579000000", "investmentIncomeNet": "None", "netInterestIncome": "-713000000", "interestIncome": "-821000000", "interestExpense": "-108000000", "nonInterestIncome": "-60000000", "otherNonOperatingIncome": "4000000", "depreciation": "None", "depreciationAndAmortization": "726000000", "incomeBeforeTax": "180000000", "incomeTaxExpense": "25000000", "interestAndDebtExpense": "-74000000", "netIncomeFromContinuingOperations": "211000000", "comprehensiveIncomeNetOfTax": "156000000", "ebit": "941000000", "ebitda": "798000000", "netIncome": "155000000"}, {"fiscalDateEnding": "2016-12-31", "reportedCurrency": "USD", "grossProfit": "10275000000", "totalRevenue": "10275000000", "costOfRevenue": "1054000000", "costofGoodsAndServicesSold": "6498000000", "operatingIncome": "1073000000", "sellingGeneralAndAdministrative": "354000000", "researchAndDevelopment": "None", "operatingExpenses": "6498000000", "investmentIncomeNet": "None", "netInterestIncome": "-728000000", "interestIncome": "-836000000", "interestExpense": "-108000000", "nonInterestIncome": "85000000", "otherNonOperatingIncome": "-4000000", "depreciation": "1800000000", "depreciationAndAmortization": "700000000", "incomeBeforeTax": "664000000", "incomeTaxExpense": "210000000", "interestAndDebtExpense": "-107000000", "netIncomeFromContinuingOperations": "1439000000", "comprehensiveIncomeNetOfTax": "455000000", "ebit": "1073000000", "ebitda": "1256000000", "netIncome": "454000000"}]}