{"symbol": "CLX", "annualReports": [{"fiscalDateEnding": "2021-06-30", "reportedCurrency": "USD", "grossProfit": "3199000000", "totalRevenue": "7232000000", "costOfRevenue": "5511000000", "costofGoodsAndServicesSold": "4142000000", "operatingIncome": "1681000000", "sellingGeneralAndAdministrative": "1004000000", "researchAndDevelopment": "149000000", "operatingExpenses": "1518000000", "investmentIncomeNet": "5000000", "netInterestIncome": "-99000000", "interestIncome": "5000000", "interestExpense": "99000000", "nonInterestIncome": "7331000000", "otherNonOperatingIncome": "None", "depreciation": "None", "depreciationAndAmortization": "36000000", "incomeBeforeTax": "891000000", "incomeTaxExpense": "181000000", "interestAndDebtExpense": "99000000", "netIncomeFromContinuingOperations": "719000000", "comprehensiveIncomeNetOfTax": "804000000", "ebit": "990000000", "ebitda": "1026000000", "netIncome": "710000000"}, {"fiscalDateEnding": "2020-06-30", "reportedCurrency": "USD", "grossProfit": "3063000000", "totalRevenue": "6615000000", "costOfRevenue": "4647000000", "costofGoodsAndServicesSold": "3658000000", "operatingIncome": "1929000000", "sellingGeneralAndAdministrative": "969000000", "researchAndDevelopment": "145000000", "operatingExpenses": "1134000000", "investmentIncomeNet": "2000000", "netInterestIncome": "-99000000", "interestIncome": "2000000", "interestExpense": "99000000", "nonInterestIncome": "6714000000", "otherNonOperatingIncome": "None", "depreciation": "None", "depreciationAndAmortization": "18000000", "incomeBeforeTax": "1185000000", "incomeTaxExpense": "246000000", "interestAndDebtExpense": "99000000", "netIncomeFromContinuingOperations": "939000000", "comprehensiveIncomeNetOfTax": "901000000", "ebit": "1284000000", "ebitda": "1302000000", "netIncome": "939000000"}, {"fiscalDateEnding": "2019-06-30", "reportedCurrency": "USD", "grossProfit": "2728000000", "totalRevenue": "6110000000", "costOfRevenue": "4357000000", "costofGoodsAndServicesSold": "3486000000", "operatingIncome": "1721000000", "sellingGeneralAndAdministrative": "856000000", "researchAndDevelopment": "136000000", "operatingExpenses": "1007000000", "investmentIncomeNet": "3000000", "netInterestIncome": "-97000000", "interestIncome": "3000000", "interestExpense": "97000000", "nonInterestIncome": "6207000000", "otherNonOperatingIncome": "None", "depreciation": "None", "depreciationAndAmortization": "15000000", "incomeBeforeTax": "1024000000", "incomeTaxExpense": "204000000", "interestAndDebtExpense": "97000000", "netIncomeFromContinuingOperations": "820000000", "comprehensiveIncomeNetOfTax": "804000000", "ebit": "1121000000", "ebitda": "1136000000", "netIncome": "820000000"}, {"fiscalDateEnding": "2018-06-30", "reportedCurrency": "USD", "grossProfit": "2675000000", "totalRevenue": "6124000000", "costOfRevenue": "3449000000", "costofGoodsAndServicesSold": "3449000000", "operatingIncome": "1691000000", "sellingGeneralAndAdministrative": "837000000", "researchAndDevelopment": "132000000", "operatingExpenses": "984000000", "investmentIncomeNet": "6000000", "netInterestIncome": "-85000000", "interestIncome": "6000000", "interestExpense": "85000000", "nonInterestIncome": "-3000000", "otherNonOperatingIncome": "None", "depreciation": "None", "depreciationAndAmortization": "10000000", "incomeBeforeTax": "1054000000", "incomeTaxExpense": "231000000", "interestAndDebtExpense": "85000000", "netIncomeFromContinuingOperations": "823000000", "comprehensiveIncomeNetOfTax": "819000000", "ebit": "1139000000", "ebitda": "1149000000", "netIncome": "823000000"}, {"fiscalDateEnding": "2017-06-30", "reportedCurrency": "USD", "grossProfit": "2671000000", "totalRevenue": "5973000000", "costOfRevenue": "3302000000", "costofGoodsAndServicesSold": "3302000000", "operatingIncome": "1701000000", "sellingGeneralAndAdministrative": "810000000", "researchAndDevelopment": "135000000", "operatingExpenses": "970000000", "investmentIncomeNet": "4000000", "netInterestIncome": "-88000000", "interestIncome": "4000000", "interestExpense": "88000000", "nonInterestIncome": "11000000", "otherNonOperatingIncome": "None", "depreciation": "None", "depreciationAndAmortization": "10000000", "incomeBeforeTax": "1031000000", "incomeTaxExpense": "330000000", "interestAndDebtExpense": "88000000", "netIncomeFromContinuingOperations": "703000000", "comprehensiveIncomeNetOfTax": "728000000", "ebit": "1119000000", "ebitda": "1129000000", "netIncome": "701000000"}], "quarterlyReports": [{"fiscalDateEnding": "2021-09-30", "reportedCurrency": "USD", "grossProfit": "670000000", "totalRevenue": "1781000000", "costOfRevenue": "1372000000", "costofGoodsAndServicesSold": "1136000000", "operatingIncome": "401000000", "sellingGeneralAndAdministrative": "236000000", "researchAndDevelopment": "33000000", "operatingExpenses": "269000000", "investmentIncomeNet": "None", "netInterestIncome": "-25000000", "interestIncome": "None", "interestExpense": "25000000", "nonInterestIncome": "1806000000", "otherNonOperatingIncome": "None", "depreciation": "None", "depreciationAndAmortization": "55000000", "incomeBeforeTax": "184000000", "incomeTaxExpense": "42000000", "interestAndDebtExpense": "25000000", "netIncomeFromContinuingOperations": "143000000", "comprehensiveIncomeNetOfTax": "121000000", "ebit": "209000000", "ebitda": "264000000", "netIncome": "142000000"}, {"fiscalDateEnding": "2021-06-30", "reportedCurrency": "USD", "grossProfit": "668000000", "totalRevenue": "1802000000", "costOfRevenue": "1134000000", "costofGoodsAndServicesSold": "1134000000", "operatingIncome": "668000000", "sellingGeneralAndAdministrative": "260000000", "researchAndDevelopment": "45000000", "operatingExpenses": "318000000", "investmentIncomeNet": "None", "netInterestIncome": "-25000000", "interestIncome": "None", "interestExpense": "25000000", "nonInterestIncome": "1802000000", "otherNonOperatingIncome": "None", "depreciation": "None", "depreciationAndAmortization": "13000000", "incomeBeforeTax": "98000000", "incomeTaxExpense": "1000000", "interestAndDebtExpense": "25000000", "netIncomeFromContinuingOperations": "668000000", "comprehensiveIncomeNetOfTax": "104000000", "ebit": "123000000", "ebitda": "136000000", "netIncome": "97000000"}, {"fiscalDateEnding": "2021-03-31", "reportedCurrency": "USD", "grossProfit": "774000000", "totalRevenue": "1756000000", "costOfRevenue": "1581000000", "costofGoodsAndServicesSold": "1007000000", "operatingIncome": "168000000", "sellingGeneralAndAdministrative": "237000000", "researchAndDevelopment": "32000000", "operatingExpenses": "606000000", "investmentIncomeNet": "None", "netInterestIncome": "-25000000", "interestIncome": "None", "interestExpense": "25000000", "nonInterestIncome": "1781000000", "otherNonOperatingIncome": "None", "depreciation": "None", "depreciationAndAmortization": "8000000", "incomeBeforeTax": "-61000000", "incomeTaxExpense": "0", "interestAndDebtExpense": "25000000", "netIncomeFromContinuingOperations": "-59000000", "comprehensiveIncomeNetOfTax": "-39000000", "ebit": "-36000000", "ebitda": "-28000000", "netIncome": "-61000000"}, {"fiscalDateEnding": "2020-12-31", "reportedCurrency": "USD", "grossProfit": "837000000", "totalRevenue": "1818000000", "costOfRevenue": "1274000000", "costofGoodsAndServicesSold": "1005000000", "operatingIncome": "528000000", "sellingGeneralAndAdministrative": "269000000", "researchAndDevelopment": "40000000", "operatingExpenses": "309000000", "investmentIncomeNet": "None", "netInterestIncome": "-24000000", "interestIncome": "None", "interestExpense": "24000000", "nonInterestIncome": "1842000000", "otherNonOperatingIncome": "None", "depreciation": "None", "depreciationAndAmortization": "53000000", "incomeBeforeTax": "330000000", "incomeTaxExpense": "71000000", "interestAndDebtExpense": "24000000", "netIncomeFromContinuingOperations": "261000000", "comprehensiveIncomeNetOfTax": "307000000", "ebit": "354000000", "ebitda": "407000000", "netIncome": "259000000"}, {"fiscalDateEnding": "2020-09-30", "reportedCurrency": "USD", "grossProfit": "920000000", "totalRevenue": "1891000000", "costOfRevenue": "1234000000", "costofGoodsAndServicesSold": "996000000", "operatingIncome": "650000000", "sellingGeneralAndAdministrative": "238000000", "researchAndDevelopment": "32000000", "operatingExpenses": "270000000", "investmentIncomeNet": "None", "netInterestIncome": "-25000000", "interestIncome": "None", "interestExpense": "25000000", "nonInterestIncome": "1916000000", "otherNonOperatingIncome": "None", "depreciation": "None", "depreciationAndAmortization": "51000000", "incomeBeforeTax": "524000000", "incomeTaxExpense": "109000000", "interestAndDebtExpense": "25000000", "netIncomeFromContinuingOperations": "417000000", "comprehensiveIncomeNetOfTax": "432000000", "ebit": "549000000", "ebitda": "600000000", "netIncome": "415000000"}, {"fiscalDateEnding": "2020-06-30", "reportedCurrency": "USD", "grossProfit": "929000000", "totalRevenue": "1983000000", "costOfRevenue": "1054000000", "costofGoodsAndServicesSold": "1054000000", "operatingIncome": "929000000", "sellingGeneralAndAdministrative": "279000000", "researchAndDevelopment": "42000000", "operatingExpenses": "338000000", "investmentIncomeNet": "None", "netInterestIncome": "-25000000", "interestIncome": "None", "interestExpense": "25000000", "nonInterestIncome": "1983000000", "otherNonOperatingIncome": "None", "depreciation": "None", "depreciationAndAmortization": "15000000", "incomeBeforeTax": "395000000", "incomeTaxExpense": "85000000", "interestAndDebtExpense": "25000000", "netIncomeFromContinuingOperations": "310000000", "comprehensiveIncomeNetOfTax": "326000000", "ebit": "420000000", "ebitda": "435000000", "netIncome": "310000000"}, {"fiscalDateEnding": "2020-03-31", "reportedCurrency": "USD", "grossProfit": "832000000", "totalRevenue": "1759000000", "costOfRevenue": "1221000000", "costofGoodsAndServicesSold": "951000000", "operatingIncome": "523000000", "sellingGeneralAndAdministrative": "269000000", "researchAndDevelopment": "39000000", "operatingExpenses": "309000000", "investmentIncomeNet": "None", "netInterestIncome": "-24000000", "interestIncome": "None", "interestExpense": "24000000", "nonInterestIncome": "1783000000", "otherNonOperatingIncome": "None", "depreciation": "None", "depreciationAndAmortization": "1000000", "incomeBeforeTax": "297000000", "incomeTaxExpense": "56000000", "interestAndDebtExpense": "24000000", "netIncomeFromContinuingOperations": "241000000", "comprehensiveIncomeNetOfTax": "186000000", "ebit": "321000000", "ebitda": "322000000", "netIncome": "241000000"}, {"fiscalDateEnding": "2019-12-31", "reportedCurrency": "USD", "grossProfit": "639000000", "totalRevenue": "1424000000", "costOfRevenue": "1020000000", "costofGoodsAndServicesSold": "810000000", "operatingIncome": "395000000", "sellingGeneralAndAdministrative": "210000000", "researchAndDevelopment": "34000000", "operatingExpenses": "244000000", "investmentIncomeNet": "None", "netInterestIncome": "-25000000", "interestIncome": "None", "interestExpense": "25000000", "nonInterestIncome": "1449000000", "otherNonOperatingIncome": "None", "depreciation": "None", "depreciationAndAmortization": "44000000", "incomeBeforeTax": "235000000", "incomeTaxExpense": "50000000", "interestAndDebtExpense": "25000000", "netIncomeFromContinuingOperations": "185000000", "comprehensiveIncomeNetOfTax": "199000000", "ebit": "260000000", "ebitda": "304000000", "netIncome": "185000000"}, {"fiscalDateEnding": "2019-09-30", "reportedCurrency": "USD", "grossProfit": "663000000", "totalRevenue": "1481000000", "costOfRevenue": "1054000000", "costofGoodsAndServicesSold": "843000000", "operatingIncome": "422000000", "sellingGeneralAndAdministrative": "211000000", "researchAndDevelopment": "30000000", "operatingExpenses": "241000000", "investmentIncomeNet": "None", "netInterestIncome": "-25000000", "interestIncome": "None", "interestExpense": "25000000", "nonInterestIncome": "1506000000", "otherNonOperatingIncome": "None", "depreciation": "None", "depreciationAndAmortization": "44000000", "incomeBeforeTax": "258000000", "incomeTaxExpense": "55000000", "interestAndDebtExpense": "25000000", "netIncomeFromContinuingOperations": "203000000", "comprehensiveIncomeNetOfTax": "190000000", "ebit": "283000000", "ebitda": "327000000", "netIncome": "203000000"}, {"fiscalDateEnding": "2019-06-30", "reportedCurrency": "USD", "grossProfit": "734000000", "totalRevenue": "1627000000", "costOfRevenue": "893000000", "costofGoodsAndServicesSold": "893000000", "operatingIncome": "734000000", "sellingGeneralAndAdministrative": "217000000", "researchAndDevelopment": "38000000", "operatingExpenses": "270000000", "investmentIncomeNet": "None", "netInterestIncome": "-25000000", "interestIncome": "None", "interestExpense": "25000000", "nonInterestIncome": "1627000000", "otherNonOperatingIncome": "None", "depreciation": "None", "depreciationAndAmortization": "47000000", "incomeBeforeTax": "292000000", "incomeTaxExpense": "51000000", "interestAndDebtExpense": "25000000", "netIncomeFromContinuingOperations": "241000000", "comprehensiveIncomeNetOfTax": "242000000", "ebit": "317000000", "ebitda": "364000000", "netIncome": "241000000"}, {"fiscalDateEnding": "2019-03-31", "reportedCurrency": "USD", "grossProfit": "673000000", "totalRevenue": "1527000000", "costOfRevenue": "1094000000", "costofGoodsAndServicesSold": "878000000", "operatingIncome": "423000000", "sellingGeneralAndAdministrative": "216000000", "researchAndDevelopment": "34000000", "operatingExpenses": "250000000", "investmentIncomeNet": "None", "netInterestIncome": "-24000000", "interestIncome": "None", "interestExpense": "24000000", "nonInterestIncome": "1551000000", "otherNonOperatingIncome": "None", "depreciation": "None", "depreciationAndAmortization": "45000000", "incomeBeforeTax": "240000000", "incomeTaxExpense": "53000000", "interestAndDebtExpense": "24000000", "netIncomeFromContinuingOperations": "187000000", "comprehensiveIncomeNetOfTax": "200000000", "ebit": "264000000", "ebitda": "309000000", "netIncome": "187000000"}, {"fiscalDateEnding": "2018-12-31", "reportedCurrency": "USD", "grossProfit": "643000000", "totalRevenue": "1473000000", "costOfRevenue": "830000000", "costofGoodsAndServicesSold": "830000000", "operatingIncome": "400000000", "sellingGeneralAndAdministrative": "211000000", "researchAndDevelopment": "32000000", "operatingExpenses": "243000000", "investmentIncomeNet": "None", "netInterestIncome": "-24000000", "interestIncome": "None", "interestExpense": "24000000", "nonInterestIncome": "1473000000", "otherNonOperatingIncome": "None", "depreciation": "None", "depreciationAndAmortization": "44000000", "incomeBeforeTax": "224000000", "incomeTaxExpense": "42000000", "interestAndDebtExpense": "24000000", "netIncomeFromContinuingOperations": "182000000", "comprehensiveIncomeNetOfTax": "152000000", "ebit": "248000000", "ebitda": "292000000", "netIncome": "182000000"}, {"fiscalDateEnding": "2018-09-30", "reportedCurrency": "USD", "grossProfit": "678000000", "totalRevenue": "1563000000", "costOfRevenue": "885000000", "costofGoodsAndServicesSold": "885000000", "operatingIncome": "434000000", "sellingGeneralAndAdministrative": "212000000", "researchAndDevelopment": "32000000", "operatingExpenses": "244000000", "investmentIncomeNet": "None", "netInterestIncome": "-24000000", "interestIncome": "None", "interestExpense": "24000000", "nonInterestIncome": "1563000000", "otherNonOperatingIncome": "None", "depreciation": "None", "depreciationAndAmortization": "44000000", "incomeBeforeTax": "268000000", "incomeTaxExpense": "58000000", "interestAndDebtExpense": "24000000", "netIncomeFromContinuingOperations": "210000000", "comprehensiveIncomeNetOfTax": "210000000", "ebit": "292000000", "ebitda": "336000000", "netIncome": "210000000"}, {"fiscalDateEnding": "2018-06-30", "reportedCurrency": "USD", "grossProfit": "744000000", "totalRevenue": "1691000000", "costOfRevenue": "947000000", "costofGoodsAndServicesSold": "947000000", "operatingIncome": "744000000", "sellingGeneralAndAdministrative": "228000000", "researchAndDevelopment": "37000000", "operatingExpenses": "280000000", "investmentIncomeNet": "None", "netInterestIncome": "-24000000", "interestIncome": "None", "interestExpense": "24000000", "nonInterestIncome": "-4436000000", "otherNonOperatingIncome": "None", "depreciation": "None", "depreciationAndAmortization": "45000000", "incomeBeforeTax": "306000000", "incomeTaxExpense": "89000000", "interestAndDebtExpense": "24000000", "netIncomeFromContinuingOperations": "217000000", "comprehensiveIncomeNetOfTax": "195000000", "ebit": "330000000", "ebitda": "375000000", "netIncome": "217000000"}, {"fiscalDateEnding": "2018-03-31", "reportedCurrency": "USD", "grossProfit": "649000000", "totalRevenue": "1517000000", "costOfRevenue": "868000000", "costofGoodsAndServicesSold": "868000000", "operatingIncome": "409000000", "sellingGeneralAndAdministrative": "208000000", "researchAndDevelopment": "32000000", "operatingExpenses": "240000000", "investmentIncomeNet": "None", "netInterestIncome": "-20000000", "interestIncome": "None", "interestExpense": "20000000", "nonInterestIncome": "1517000000", "otherNonOperatingIncome": "None", "depreciation": "None", "depreciationAndAmortization": "40000000", "incomeBeforeTax": "242000000", "incomeTaxExpense": "61000000", "interestAndDebtExpense": "20000000", "netIncomeFromContinuingOperations": "181000000", "comprehensiveIncomeNetOfTax": "180000000", "ebit": "262000000", "ebitda": "302000000", "netIncome": "181000000"}, {"fiscalDateEnding": "2017-12-31", "reportedCurrency": "USD", "grossProfit": "609000000", "totalRevenue": "1416000000", "costOfRevenue": "807000000", "costofGoodsAndServicesSold": "807000000", "operatingIncome": "381000000", "sellingGeneralAndAdministrative": "197000000", "researchAndDevelopment": "31000000", "operatingExpenses": "228000000", "investmentIncomeNet": "None", "netInterestIncome": "-20000000", "interestIncome": "None", "interestExpense": "20000000", "nonInterestIncome": "None", "otherNonOperatingIncome": "None", "depreciation": "None", "depreciationAndAmortization": "41000000", "incomeBeforeTax": "227000000", "incomeTaxExpense": "-6000000", "interestAndDebtExpense": "20000000", "netIncomeFromContinuingOperations": "233000000", "comprehensiveIncomeNetOfTax": "233000000", "ebit": "247000000", "ebitda": "288000000", "netIncome": "233000000"}, {"fiscalDateEnding": "2017-09-30", "reportedCurrency": "USD", "grossProfit": "673000000", "totalRevenue": "1500000000", "costOfRevenue": "827000000", "costofGoodsAndServicesSold": "827000000", "operatingIncome": "437000000", "sellingGeneralAndAdministrative": "204000000", "researchAndDevelopment": "32000000", "operatingExpenses": "236000000", "investmentIncomeNet": "None", "netInterestIncome": "-21000000", "interestIncome": "None", "interestExpense": "21000000", "nonInterestIncome": "None", "otherNonOperatingIncome": "None", "depreciation": "None", "depreciationAndAmortization": "40000000", "incomeBeforeTax": "279000000", "incomeTaxExpense": "87000000", "interestAndDebtExpense": "21000000", "netIncomeFromContinuingOperations": "192000000", "comprehensiveIncomeNetOfTax": "211000000", "ebit": "300000000", "ebitda": "340000000", "netIncome": "192000000"}, {"fiscalDateEnding": "2017-06-30", "reportedCurrency": "USD", "grossProfit": "752000000", "totalRevenue": "1647000000", "costOfRevenue": "895000000", "costofGoodsAndServicesSold": "895000000", "operatingIncome": "752000000", "sellingGeneralAndAdministrative": "212000000", "researchAndDevelopment": "37000000", "operatingExpenses": "153000000", "investmentIncomeNet": "None", "netInterestIncome": "-22000000", "interestIncome": "None", "interestExpense": "22000000", "nonInterestIncome": "None", "otherNonOperatingIncome": "None", "depreciation": "None", "depreciationAndAmortization": "-111000000", "incomeBeforeTax": "294000000", "incomeTaxExpense": "93000000", "interestAndDebtExpense": "22000000", "netIncomeFromContinuingOperations": "202000000", "comprehensiveIncomeNetOfTax": "223000000", "ebit": "316000000", "ebitda": "205000000", "netIncome": "201000000"}, {"fiscalDateEnding": "2017-03-31", "reportedCurrency": "USD", "grossProfit": "650000000", "totalRevenue": "1477000000", "costOfRevenue": "827000000", "costofGoodsAndServicesSold": "827000000", "operatingIncome": "414000000", "sellingGeneralAndAdministrative": "201000000", "researchAndDevelopment": "35000000", "operatingExpenses": "236000000", "investmentIncomeNet": "None", "netInterestIncome": "-22000000", "interestIncome": "None", "interestExpense": "22000000", "nonInterestIncome": "None", "otherNonOperatingIncome": "None", "depreciation": "None", "depreciationAndAmortization": "39000000", "incomeBeforeTax": "247000000", "incomeTaxExpense": "75000000", "interestAndDebtExpense": "22000000", "netIncomeFromContinuingOperations": "172000000", "comprehensiveIncomeNetOfTax": "186000000", "ebit": "269000000", "ebitda": "308000000", "netIncome": "172000000"}, {"fiscalDateEnding": "2016-12-31", "reportedCurrency": "USD", "grossProfit": "629000000", "totalRevenue": "1406000000", "costOfRevenue": "777000000", "costofGoodsAndServicesSold": "777000000", "operatingIncome": "400000000", "sellingGeneralAndAdministrative": "197000000", "researchAndDevelopment": "32000000", "operatingExpenses": "229000000", "investmentIncomeNet": "None", "netInterestIncome": "-22000000", "interestIncome": "None", "interestExpense": "22000000", "nonInterestIncome": "None", "otherNonOperatingIncome": "None", "depreciation": "None", "depreciationAndAmortization": "41000000", "incomeBeforeTax": "226000000", "incomeTaxExpense": "77000000", "interestAndDebtExpense": "22000000", "netIncomeFromContinuingOperations": "150000000", "comprehensiveIncomeNetOfTax": "137000000", "ebit": "248000000", "ebitda": "289000000", "netIncome": "149000000"}]}