{"symbol": "CMCSA", "annualReports": [{"fiscalDateEnding": "2020-12-31", "reportedCurrency": "USD", "grossProfit": "82763000000", "totalRevenue": "103564000000", "costOfRevenue": "20801000000", "costofGoodsAndServicesSold": "33121000000", "operatingIncome": "17493000000", "sellingGeneralAndAdministrative": "7701000000", "researchAndDevelopment": "None", "operatingExpenses": "20978000000", "investmentIncomeNet": "None", "netInterestIncome": "-4588000000", "interestIncome": "None", "interestExpense": "4588000000", "nonInterestIncome": "None", "otherNonOperatingIncome": "1160000000", "depreciation": "8320000000", "depreciationAndAmortization": "13100000000", "incomeBeforeTax": "13898000000", "incomeTaxExpense": "3364000000", "interestAndDebtExpense": "4588000000", "netIncomeFromContinuingOperations": "10701000000", "comprehensiveIncomeNetOfTax": "11371000000", "ebit": "18486000000", "ebitda": "31586000000", "netIncome": "10534000000"}, {"fiscalDateEnding": "2019-12-31", "reportedCurrency": "USD", "grossProfit": "87188000000", "totalRevenue": "108942000000", "costOfRevenue": "21754000000", "costofGoodsAndServicesSold": "34440000000", "operatingIncome": "21125000000", "sellingGeneralAndAdministrative": "8442000000", "researchAndDevelopment": "None", "operatingExpenses": "21754000000", "investmentIncomeNet": "None", "netInterestIncome": "-4567000000", "interestIncome": "-4416000000", "interestExpense": "4567000000", "nonInterestIncome": "None", "otherNonOperatingIncome": "438000000", "depreciation": "8663000000", "depreciationAndAmortization": "12953000000", "incomeBeforeTax": "16730000000", "incomeTaxExpense": "3673000000", "interestAndDebtExpense": "4567000000", "netIncomeFromContinuingOperations": "13323000000", "comprehensiveIncomeNetOfTax": "14472000000", "ebit": "21297000000", "ebitda": "34250000000", "netIncome": "13057000000"}, {"fiscalDateEnding": "2018-12-31", "reportedCurrency": "USD", "grossProfit": "74793000000", "totalRevenue": "94507000000", "costOfRevenue": "19714000000", "costofGoodsAndServicesSold": "29692000000", "operatingIncome": "19009000000", "sellingGeneralAndAdministrative": "8454000000", "researchAndDevelopment": "None", "operatingExpenses": "19498000000", "investmentIncomeNet": "None", "netInterestIncome": "-3542000000", "interestIncome": "-4093000000", "interestExpense": "3542000000", "nonInterestIncome": "None", "otherNonOperatingIncome": "-225000000", "depreciation": "8281000000", "depreciationAndAmortization": "11017000000", "incomeBeforeTax": "15111000000", "incomeTaxExpense": "3380000000", "interestAndDebtExpense": "3542000000", "netIncomeFromContinuingOperations": "11862000000", "comprehensiveIncomeNetOfTax": "10908000000", "ebit": "18653000000", "ebitda": "29670000000", "netIncome": "11731000000"}, {"fiscalDateEnding": "2017-12-31", "reportedCurrency": "USD", "grossProfit": "66314000000", "totalRevenue": "85029000000", "costOfRevenue": "18212000000", "costofGoodsAndServicesSold": "25355000000", "operatingIncome": "18018000000", "sellingGeneralAndAdministrative": "7742000000", "researchAndDevelopment": "None", "operatingExpenses": "18020000000", "investmentIncomeNet": "136000000", "netInterestIncome": "-3086000000", "interestIncome": "-2996000000", "interestExpense": "3086000000", "nonInterestIncome": "None", "otherNonOperatingIncome": "61000000", "depreciation": "7914000000", "depreciationAndAmortization": "10130000000", "incomeBeforeTax": "15166000000", "incomeTaxExpense": "-7569000000", "interestAndDebtExpense": "3086000000", "netIncomeFromContinuingOperations": "22900000000", "comprehensiveIncomeNetOfTax": "22822000000", "ebit": "18252000000", "ebitda": "28382000000", "netIncome": "22735000000"}, {"fiscalDateEnding": "2016-12-31", "reportedCurrency": "USD", "grossProfit": "63165000000", "totalRevenue": "80736000000", "costOfRevenue": "17238000000", "costofGoodsAndServicesSold": "24348000000", "operatingIncome": "16831000000", "sellingGeneralAndAdministrative": "7365000000", "researchAndDevelopment": "None", "operatingExpenses": "17238000000", "investmentIncomeNet": "123000000", "netInterestIncome": "-2942000000", "interestIncome": "-3034000000", "interestExpense": "2942000000", "nonInterestIncome": "None", "otherNonOperatingIncome": "327000000", "depreciation": "7464000000", "depreciationAndAmortization": "9426000000", "incomeBeforeTax": "13976000000", "incomeTaxExpense": "5298000000", "interestAndDebtExpense": "2942000000", "netIncomeFromContinuingOperations": "9045000000", "comprehensiveIncomeNetOfTax": "8950000000", "ebit": "16918000000", "ebitda": "26344000000", "netIncome": "8678000000"}], "quarterlyReports": [{"fiscalDateEnding": "2021-09-30", "reportedCurrency": "USD", "grossProfit": "24580000000", "totalRevenue": "30298000000", "costOfRevenue": "5718000000", "costofGoodsAndServicesSold": "10395000000", "operatingIncome": "5450000000", "sellingGeneralAndAdministrative": "2241000000", "researchAndDevelopment": "None", "operatingExpenses": "5718000000", "investmentIncomeNet": "None", "netInterestIncome": "-1050000000", "interestIncome": "None", "interestExpense": "1050000000", "nonInterestIncome": "None", "otherNonOperatingIncome": "766000000", "depreciation": "2177000000", "depreciationAndAmortization": "3477000000", "incomeBeforeTax": "5270000000", "incomeTaxExpense": "1235000000", "interestAndDebtExpense": "1050000000", "netIncomeFromContinuingOperations": "3931000000", "comprehensiveIncomeNetOfTax": "3370000000", "ebit": "6320000000", "ebitda": "9797000000", "netIncome": "4035000000"}, {"fiscalDateEnding": "2021-06-30", "reportedCurrency": "USD", "grossProfit": "23030000000", "totalRevenue": "28546000000", "costOfRevenue": "5516000000", "costofGoodsAndServicesSold": "9256000000", "operatingIncome": "5507000000", "sellingGeneralAndAdministrative": "2133000000", "researchAndDevelopment": "None", "operatingExpenses": "5516000000", "investmentIncomeNet": "None", "netInterestIncome": "-1093000000", "interestIncome": "None", "interestExpense": "1093000000", "nonInterestIncome": "None", "otherNonOperatingIncome": "1216000000", "depreciation": "2113000000", "depreciationAndAmortization": "3383000000", "incomeBeforeTax": "5738000000", "incomeTaxExpense": "2000000000", "interestAndDebtExpense": "1093000000", "netIncomeFromContinuingOperations": "3630000000", "comprehensiveIncomeNetOfTax": "3758000000", "ebit": "6831000000", "ebitda": "10214000000", "netIncome": "3738000000"}, {"fiscalDateEnding": "2021-03-31", "reportedCurrency": "USD", "grossProfit": "21920000000", "totalRevenue": "27205000000", "costOfRevenue": "5285000000", "costofGoodsAndServicesSold": "8919000000", "operatingIncome": "5039000000", "sellingGeneralAndAdministrative": "1923000000", "researchAndDevelopment": "None", "operatingExpenses": "5285000000", "investmentIncomeNet": "None", "netInterestIncome": "-1018000000", "interestIncome": "None", "interestExpense": "1018000000", "nonInterestIncome": "None", "otherNonOperatingIncome": "390000000", "depreciation": "2117000000", "depreciationAndAmortization": "3362000000", "incomeBeforeTax": "4448000000", "incomeTaxExpense": "1119000000", "interestAndDebtExpense": "1018000000", "netIncomeFromContinuingOperations": "3292000000", "comprehensiveIncomeNetOfTax": "3417000000", "ebit": "5466000000", "ebitda": "8828000000", "netIncome": "3329000000"}, {"fiscalDateEnding": "2020-12-31", "reportedCurrency": "USD", "grossProfit": "27708000000", "totalRevenue": "27708000000", "costOfRevenue": "5422000000", "costofGoodsAndServicesSold": "9438000000", "operatingIncome": "3918000000", "sellingGeneralAndAdministrative": "2170000000", "researchAndDevelopment": "None", "operatingExpenses": "5422000000", "investmentIncomeNet": "None", "netInterestIncome": "-1044000000", "interestIncome": "None", "interestExpense": "1044000000", "nonInterestIncome": "None", "otherNonOperatingIncome": "1542000000", "depreciation": "1992000000", "depreciationAndAmortization": "3252000000", "incomeBeforeTax": "4359000000", "incomeTaxExpense": "979000000", "interestAndDebtExpense": "1044000000", "netIncomeFromContinuingOperations": "3918000000", "comprehensiveIncomeNetOfTax": "5052000000", "ebit": "5403000000", "ebitda": "8655000000", "netIncome": "3380000000"}, {"fiscalDateEnding": "2020-09-30", "reportedCurrency": "USD", "grossProfit": "20455000000", "totalRevenue": "25532000000", "costOfRevenue": "5077000000", "costofGoodsAndServicesSold": "8565000000", "operatingIncome": "4076000000", "sellingGeneralAndAdministrative": "1757000000", "researchAndDevelopment": "None", "operatingExpenses": "5254000000", "investmentIncomeNet": "None", "netInterestIncome": "-1220000000", "interestIncome": "None", "interestExpense": "1220000000", "nonInterestIncome": "None", "otherNonOperatingIncome": "-86000000", "depreciation": "2122000000", "depreciationAndAmortization": "3320000000", "incomeBeforeTax": "2758000000", "incomeTaxExpense": "739000000", "interestAndDebtExpense": "1220000000", "netIncomeFromContinuingOperations": "2031000000", "comprehensiveIncomeNetOfTax": "3510000000", "ebit": "3978000000", "ebitda": "7298000000", "netIncome": "2019000000"}, {"fiscalDateEnding": "2020-06-30", "reportedCurrency": "USD", "grossProfit": "18839000000", "totalRevenue": "23715000000", "costOfRevenue": "4876000000", "costofGoodsAndServicesSold": "6817000000", "operatingIncome": "4647000000", "sellingGeneralAndAdministrative": "1612000000", "researchAndDevelopment": "None", "operatingExpenses": "4876000000", "investmentIncomeNet": "None", "netInterestIncome": "-1112000000", "interestIncome": "None", "interestExpense": "1112000000", "nonInterestIncome": "None", "otherNonOperatingIncome": "420000000", "depreciation": "2099000000", "depreciationAndAmortization": "3264000000", "incomeBeforeTax": "3934000000", "incomeTaxExpense": "946000000", "interestAndDebtExpense": "1112000000", "netIncomeFromContinuingOperations": "3009000000", "comprehensiveIncomeNetOfTax": "2853000000", "ebit": "5046000000", "ebitda": "8310000000", "netIncome": "2988000000"}, {"fiscalDateEnding": "2020-03-31", "reportedCurrency": "USD", "grossProfit": "21183000000", "totalRevenue": "26609000000", "costOfRevenue": "5426000000", "costofGoodsAndServicesSold": "8301000000", "operatingIncome": "4852000000", "sellingGeneralAndAdministrative": "2162000000", "researchAndDevelopment": "None", "operatingExpenses": "5426000000", "investmentIncomeNet": "None", "netInterestIncome": "-1212000000", "interestIncome": "-1938000000", "interestExpense": "1212000000", "nonInterestIncome": "None", "otherNonOperatingIncome": "-716000000", "depreciation": "2107000000", "depreciationAndAmortization": "3264000000", "incomeBeforeTax": "2847000000", "incomeTaxExpense": "700000000", "interestAndDebtExpense": "1212000000", "netIncomeFromContinuingOperations": "2224000000", "comprehensiveIncomeNetOfTax": "-44000000", "ebit": "4059000000", "ebitda": "7323000000", "netIncome": "2147000000"}, {"fiscalDateEnding": "2019-12-31", "reportedCurrency": "USD", "grossProfit": "28398000000", "totalRevenue": "28398000000", "costOfRevenue": "5668000000", "costofGoodsAndServicesSold": "9300000000", "operatingIncome": "5247000000", "sellingGeneralAndAdministrative": "2132000000", "researchAndDevelopment": "None", "operatingExpenses": "5668000000", "investmentIncomeNet": "None", "netInterestIncome": "-1113000000", "interestIncome": "-1249000000", "interestExpense": "1113000000", "nonInterestIncome": "None", "otherNonOperatingIncome": "-73000000", "depreciation": "2102000000", "depreciationAndAmortization": "3177000000", "incomeBeforeTax": "4023000000", "incomeTaxExpense": "861000000", "interestAndDebtExpense": "1113000000", "netIncomeFromContinuingOperations": "5247000000", "comprehensiveIncomeNetOfTax": "5368000000", "ebit": "5136000000", "ebitda": "8313000000", "netIncome": "3162000000"}, {"fiscalDateEnding": "2019-09-30", "reportedCurrency": "USD", "grossProfit": "21538000000", "totalRevenue": "26827000000", "costOfRevenue": "5289000000", "costofGoodsAndServicesSold": "8316000000", "operatingIncome": "5340000000", "sellingGeneralAndAdministrative": "2109000000", "researchAndDevelopment": "None", "operatingExpenses": "5289000000", "investmentIncomeNet": "None", "netInterestIncome": "-1167000000", "interestIncome": "-1348000000", "interestExpense": "1167000000", "nonInterestIncome": "None", "otherNonOperatingIncome": "-110000000", "depreciation": "2124000000", "depreciationAndAmortization": "3180000000", "incomeBeforeTax": "3992000000", "incomeTaxExpense": "775000000", "interestAndDebtExpense": "1167000000", "netIncomeFromContinuingOperations": "3288000000", "comprehensiveIncomeNetOfTax": "2120000000", "ebit": "5159000000", "ebitda": "8339000000", "netIncome": "3217000000"}, {"fiscalDateEnding": "2019-06-30", "reportedCurrency": "USD", "grossProfit": "21452000000", "totalRevenue": "26858000000", "costOfRevenue": "5406000000", "costofGoodsAndServicesSold": "8255000000", "operatingIncome": "5356000000", "sellingGeneralAndAdministrative": "2130000000", "researchAndDevelopment": "None", "operatingExpenses": "5406000000", "investmentIncomeNet": "None", "netInterestIncome": "-1137000000", "interestIncome": "-1145000000", "interestExpense": "1137000000", "nonInterestIncome": "None", "otherNonOperatingIncome": "-55000000", "depreciation": "2197000000", "depreciationAndAmortization": "3276000000", "incomeBeforeTax": "4086000000", "incomeTaxExpense": "961000000", "interestAndDebtExpense": "1137000000", "netIncomeFromContinuingOperations": "3203000000", "comprehensiveIncomeNetOfTax": "2641000000", "ebit": "5223000000", "ebitda": "8499000000", "netIncome": "3125000000"}, {"fiscalDateEnding": "2019-03-31", "reportedCurrency": "USD", "grossProfit": "21468000000", "totalRevenue": "26859000000", "costOfRevenue": "5391000000", "costofGoodsAndServicesSold": "8569000000", "operatingIncome": "5182000000", "sellingGeneralAndAdministrative": "2071000000", "researchAndDevelopment": "None", "operatingExpenses": "5391000000", "investmentIncomeNet": "None", "netInterestIncome": "-1150000000", "interestIncome": "-674000000", "interestExpense": "1150000000", "nonInterestIncome": "None", "otherNonOperatingIncome": "676000000", "depreciation": "2240000000", "depreciationAndAmortization": "3320000000", "incomeBeforeTax": "4629000000", "incomeTaxExpense": "1076000000", "interestAndDebtExpense": "1150000000", "netIncomeFromContinuingOperations": "3632000000", "comprehensiveIncomeNetOfTax": "4343000000", "ebit": "5779000000", "ebitda": "9099000000", "netIncome": "3553000000"}, {"fiscalDateEnding": "2018-12-31", "reportedCurrency": "USD", "grossProfit": "27846000000", "totalRevenue": "27846000000", "costOfRevenue": "6512000000", "costofGoodsAndServicesSold": "9252000000", "operatingIncome": "4514000000", "sellingGeneralAndAdministrative": "3072000000", "researchAndDevelopment": "None", "operatingExpenses": "6637000000", "investmentIncomeNet": "None", "netInterestIncome": "-1129000000", "interestIncome": "None", "interestExpense": "1129000000", "nonInterestIncome": "None", "otherNonOperatingIncome": "-317000000", "depreciation": "2211000000", "depreciationAndAmortization": "3197000000", "incomeBeforeTax": "2997000000", "incomeTaxExpense": "486000000", "interestAndDebtExpense": "1129000000", "netIncomeFromContinuingOperations": "4514000000", "comprehensiveIncomeNetOfTax": "1769000000", "ebit": "4126000000", "ebitda": "7323000000", "netIncome": "2511000000"}, {"fiscalDateEnding": "2018-09-30", "reportedCurrency": "USD", "grossProfit": "17699000000", "totalRevenue": "22135000000", "costOfRevenue": "4436000000", "costofGoodsAndServicesSold": "6711000000", "operatingIncome": "4836000000", "sellingGeneralAndAdministrative": "1818000000", "researchAndDevelopment": "None", "operatingExpenses": "4295000000", "investmentIncomeNet": "None", "netInterestIncome": "-830000000", "interestIncome": "None", "interestExpense": "830000000", "nonInterestIncome": "None", "otherNonOperatingIncome": "-111000000", "depreciation": "2038000000", "depreciationAndAmortization": "2618000000", "incomeBeforeTax": "3885000000", "incomeTaxExpense": "999000000", "interestAndDebtExpense": "830000000", "netIncomeFromContinuingOperations": "2896000000", "comprehensiveIncomeNetOfTax": "2799000000", "ebit": "4715000000", "ebitda": "7333000000", "netIncome": "2886000000"}, {"fiscalDateEnding": "2018-06-30", "reportedCurrency": "USD", "grossProfit": "17311000000", "totalRevenue": "21735000000", "costOfRevenue": "4424000000", "costofGoodsAndServicesSold": "6300000000", "operatingIncome": "5014000000", "sellingGeneralAndAdministrative": "1821000000", "researchAndDevelopment": "None", "operatingExpenses": "4224000000", "investmentIncomeNet": "None", "netInterestIncome": "-806000000", "interestIncome": "None", "interestExpense": "806000000", "nonInterestIncome": "None", "otherNonOperatingIncome": "77000000", "depreciation": "2021000000", "depreciationAndAmortization": "2603000000", "incomeBeforeTax": "4293000000", "incomeTaxExpense": "1077000000", "interestAndDebtExpense": "806000000", "netIncomeFromContinuingOperations": "3208000000", "comprehensiveIncomeNetOfTax": "3069000000", "ebit": "5099000000", "ebitda": "7702000000", "netIncome": "3216000000"}, {"fiscalDateEnding": "2018-03-31", "reportedCurrency": "USD", "grossProfit": "18449000000", "totalRevenue": "22791000000", "costOfRevenue": "4342000000", "costofGoodsAndServicesSold": "7429000000", "operatingIncome": "4645000000", "sellingGeneralAndAdministrative": "1743000000", "researchAndDevelopment": "None", "operatingExpenses": "4342000000", "investmentIncomeNet": "None", "netInterestIncome": "-777000000", "interestIncome": "None", "interestExpense": "777000000", "nonInterestIncome": "None", "otherNonOperatingIncome": "126000000", "depreciation": "2011000000", "depreciationAndAmortization": "2599000000", "incomeBeforeTax": "3936000000", "incomeTaxExpense": "818000000", "interestAndDebtExpense": "777000000", "netIncomeFromContinuingOperations": "3176000000", "comprehensiveIncomeNetOfTax": "3271000000", "ebit": "4713000000", "ebitda": "7312000000", "netIncome": "3118000000"}, {"fiscalDateEnding": "2017-12-31", "reportedCurrency": "USD", "grossProfit": "21915000000", "totalRevenue": "22075000000", "costOfRevenue": "11253000000", "costofGoodsAndServicesSold": "6905000000", "operatingIncome": "4129000000", "sellingGeneralAndAdministrative": "2530000000", "researchAndDevelopment": "None", "operatingExpenses": "11253000000", "investmentIncomeNet": "35000000", "netInterestIncome": "-807000000", "interestIncome": "None", "interestExpense": "807000000", "nonInterestIncome": "None", "otherNonOperatingIncome": "-21000000", "depreciation": "2038000000", "depreciationAndAmortization": "2609000000", "incomeBeforeTax": "3392000000", "incomeTaxExpense": "-11607000000", "interestAndDebtExpense": "807000000", "netIncomeFromContinuingOperations": "4107000000", "comprehensiveIncomeNetOfTax": "14997000000", "ebit": "4199000000", "ebitda": "6808000000", "netIncome": "14999000000"}, {"fiscalDateEnding": "2017-09-30", "reportedCurrency": "USD", "grossProfit": "18682000000", "totalRevenue": "21081000000", "costOfRevenue": "2301000000", "costofGoodsAndServicesSold": "6059000000", "operatingIncome": "4779000000", "sellingGeneralAndAdministrative": "1712000000", "researchAndDevelopment": "None", "operatingExpenses": "2109000000", "investmentIncomeNet": "36000000", "netInterestIncome": "-766000000", "interestIncome": "None", "interestExpense": "766000000", "nonInterestIncome": "105000000", "otherNonOperatingIncome": "27000000", "depreciation": "1991000000", "depreciationAndAmortization": "2546000000", "incomeBeforeTax": "4051000000", "incomeTaxExpense": "1409000000", "interestAndDebtExpense": "766000000", "netIncomeFromContinuingOperations": "2683000000", "comprehensiveIncomeNetOfTax": "2595000000", "ebit": "4817000000", "ebitda": "7363000000", "netIncome": "2642000000"}, {"fiscalDateEnding": "2017-06-30", "reportedCurrency": "USD", "grossProfit": "16778000000", "totalRevenue": "21286000000", "costOfRevenue": "4387000000", "costofGoodsAndServicesSold": "6330000000", "operatingIncome": "4568000000", "sellingGeneralAndAdministrative": "1846000000", "researchAndDevelopment": "None", "operatingExpenses": "4387000000", "investmentIncomeNet": "32000000", "netInterestIncome": "-758000000", "interestIncome": "None", "interestExpense": "758000000", "nonInterestIncome": "None", "otherNonOperatingIncome": "20000000", "depreciation": "1970000000", "depreciationAndAmortization": "2507000000", "incomeBeforeTax": "3888000000", "incomeTaxExpense": "1367000000", "interestAndDebtExpense": "758000000", "netIncomeFromContinuingOperations": "2535000000", "comprehensiveIncomeNetOfTax": "2413000000", "ebit": "4646000000", "ebitda": "7153000000", "netIncome": "2521000000"}, {"fiscalDateEnding": "2017-03-31", "reportedCurrency": "USD", "grossProfit": "16307000000", "totalRevenue": "20587000000", "costOfRevenue": "4156000000", "costofGoodsAndServicesSold": "6061000000", "operatingIncome": "4542000000", "sellingGeneralAndAdministrative": "1654000000", "researchAndDevelopment": "None", "operatingExpenses": "4156000000", "investmentIncomeNet": "33000000", "netInterestIncome": "-755000000", "interestIncome": "None", "interestExpense": "755000000", "nonInterestIncome": "None", "otherNonOperatingIncome": "35000000", "depreciation": "1915000000", "depreciationAndAmortization": "2468000000", "incomeBeforeTax": "3835000000", "incomeTaxExpense": "1262000000", "interestAndDebtExpense": "755000000", "netIncomeFromContinuingOperations": "2647000000", "comprehensiveIncomeNetOfTax": "2817000000", "ebit": "4590000000", "ebitda": "7058000000", "netIncome": "2573000000"}, {"fiscalDateEnding": "2016-12-31", "reportedCurrency": "USD", "grossProfit": "21025000000", "totalRevenue": "21025000000", "costOfRevenue": "5270000000", "costofGoodsAndServicesSold": "6537000000", "operatingIncome": "4264000000", "sellingGeneralAndAdministrative": "2459000000", "researchAndDevelopment": "None", "operatingExpenses": "5270000000", "investmentIncomeNet": "32000000", "netInterestIncome": "-756000000", "interestIncome": "None", "interestExpense": "756000000", "nonInterestIncome": "None", "otherNonOperatingIncome": "223000000", "depreciation": "1946000000", "depreciationAndAmortization": "2364000000", "incomeBeforeTax": "3605000000", "incomeTaxExpense": "1309000000", "interestAndDebtExpense": "756000000", "netIncomeFromContinuingOperations": "4264000000", "comprehensiveIncomeNetOfTax": "2343000000", "ebit": "4361000000", "ebitda": "6725000000", "netIncome": "2296000000"}]}