{"symbol": "CMI", "annualReports": [{"fiscalDateEnding": "2020-12-31", "reportedCurrency": "USD", "grossProfit": "4894000000", "totalRevenue": "19811000000", "costOfRevenue": "14917000000", "costofGoodsAndServicesSold": "14917000000", "operatingIncome": "2269000000", "sellingGeneralAndAdministrative": "2125000000", "researchAndDevelopment": "906000000", "operatingExpenses": "3787000000", "investmentIncomeNet": "21000000", "netInterestIncome": "-100000000", "interestIncome": "74000000", "interestExpense": "100000000", "nonInterestIncome": "-10000000", "otherNonOperatingIncome": "169000000", "depreciation": "504000000", "depreciationAndAmortization": "853000000", "incomeBeforeTax": "2316000000", "incomeTaxExpense": "527000000", "interestAndDebtExpense": "100000000", "netIncomeFromContinuingOperations": "1811000000", "comprehensiveIncomeNetOfTax": "1835000000", "ebit": "2269000000", "ebitda": "3269000000", "netIncome": "1789000000"}, {"fiscalDateEnding": "2019-12-31", "reportedCurrency": "USD", "grossProfit": "5980000000", "totalRevenue": "23571000000", "costOfRevenue": "17591000000", "costofGoodsAndServicesSold": "17591000000", "operatingIncome": "2700000000", "sellingGeneralAndAdministrative": "2454000000", "researchAndDevelopment": "1001000000", "operatingExpenses": "4436000000", "investmentIncomeNet": "46000000", "netInterestIncome": "-109000000", "interestIncome": "46000000", "interestExpense": "109000000", "nonInterestIncome": "105000000", "otherNonOperatingIncome": "243000000", "depreciation": "494000000", "depreciationAndAmortization": "862000000", "incomeBeforeTax": "2826000000", "incomeTaxExpense": "566000000", "interestAndDebtExpense": "109000000", "netIncomeFromContinuingOperations": "2268000000", "comprehensiveIncomeNetOfTax": "2039000000", "ebit": "2700000000", "ebitda": "3797000000", "netIncome": "2260000000"}, {"fiscalDateEnding": "2018-12-31", "reportedCurrency": "USD", "grossProfit": "5737000000", "totalRevenue": "23771000000", "costOfRevenue": "18034000000", "costofGoodsAndServicesSold": "18034000000", "operatingIncome": "2786000000", "sellingGeneralAndAdministrative": "2437000000", "researchAndDevelopment": "902000000", "operatingExpenses": "4101000000", "investmentIncomeNet": "35000000", "netInterestIncome": "-114000000", "interestIncome": "35000000", "interestExpense": "114000000", "nonInterestIncome": "46000000", "otherNonOperatingIncome": "81000000", "depreciation": "455000000", "depreciationAndAmortization": "762000000", "incomeBeforeTax": "2707000000", "incomeTaxExpense": "566000000", "interestAndDebtExpense": "114000000", "netIncomeFromContinuingOperations": "2187000000", "comprehensiveIncomeNetOfTax": "1837000000", "ebit": "2786000000", "ebitda": "3583000000", "netIncome": "2141000000"}, {"fiscalDateEnding": "2017-12-31", "reportedCurrency": "USD", "grossProfit": "5100000000", "totalRevenue": "20428000000", "costOfRevenue": "15328000000", "costofGoodsAndServicesSold": "15338000000", "operatingIncome": "2334000000", "sellingGeneralAndAdministrative": "2429000000", "researchAndDevelopment": "754000000", "operatingExpenses": "3834000000", "investmentIncomeNet": "18000000", "netInterestIncome": "-81000000", "interestIncome": "18000000", "interestExpense": "81000000", "nonInterestIncome": "-71000000", "otherNonOperatingIncome": "94000000", "depreciation": "467000000", "depreciationAndAmortization": "692000000", "incomeBeforeTax": "2370000000", "incomeTaxExpense": "1371000000", "interestAndDebtExpense": "81000000", "netIncomeFromContinuingOperations": "994000000", "comprehensiveIncomeNetOfTax": "1317000000", "ebit": "2334000000", "ebitda": "3143000000", "netIncome": "999000000"}, {"fiscalDateEnding": "2016-12-31", "reportedCurrency": "USD", "grossProfit": "4458000000", "totalRevenue": "17509000000", "costOfRevenue": "13051000000", "costofGoodsAndServicesSold": "13057000000", "operatingIncome": "1880000000", "sellingGeneralAndAdministrative": "2099000000", "researchAndDevelopment": "637000000", "operatingExpenses": "2774000000", "investmentIncomeNet": "23000000", "netInterestIncome": "-69000000", "interestIncome": "23000000", "interestExpense": "69000000", "nonInterestIncome": "-12000000", "otherNonOperatingIncome": "96000000", "depreciation": "434000000", "depreciationAndAmortization": "92000000", "incomeBeforeTax": "1868000000", "incomeTaxExpense": "474000000", "interestAndDebtExpense": "69000000", "netIncomeFromContinuingOperations": "1456000000", "comprehensiveIncomeNetOfTax": "921000000", "ebit": "1880000000", "ebitda": "2029000000", "netIncome": "1394000000"}], "quarterlyReports": [{"fiscalDateEnding": "2021-09-30", "reportedCurrency": "USD", "grossProfit": "1414000000", "totalRevenue": "5968000000", "costOfRevenue": "4554000000", "costofGoodsAndServicesSold": "4554000000", "operatingIncome": "666000000", "sellingGeneralAndAdministrative": "571000000", "researchAndDevelopment": "266000000", "operatingExpenses": "996000000", "investmentIncomeNet": "None", "netInterestIncome": "-28000000", "interestIncome": "-12000000", "interestExpense": "28000000", "nonInterestIncome": "None", "otherNonOperatingIncome": "37000000", "depreciation": "None", "depreciationAndAmortization": "159000000", "incomeBeforeTax": "668000000", "incomeTaxExpense": "134000000", "interestAndDebtExpense": "28000000", "netIncomeFromContinuingOperations": "541000000", "comprehensiveIncomeNetOfTax": "552000000", "ebit": "666000000", "ebitda": "855000000", "netIncome": "534000000"}, {"fiscalDateEnding": "2021-06-30", "reportedCurrency": "USD", "grossProfit": "1478000000", "totalRevenue": "6111000000", "costOfRevenue": "4633000000", "costofGoodsAndServicesSold": "4633000000", "operatingIncome": "735000000", "sellingGeneralAndAdministrative": "600000000", "researchAndDevelopment": "276000000", "operatingExpenses": "1042000000", "investmentIncomeNet": "5000000", "netInterestIncome": "-29000000", "interestIncome": "26000000", "interestExpense": "29000000", "nonInterestIncome": "None", "otherNonOperatingIncome": "73000000", "depreciation": "None", "depreciationAndAmortization": "166000000", "incomeBeforeTax": "767000000", "incomeTaxExpense": "167000000", "interestAndDebtExpense": "29000000", "netIncomeFromContinuingOperations": "612000000", "comprehensiveIncomeNetOfTax": "608000000", "ebit": "735000000", "ebitda": "962000000", "netIncome": "600000000"}, {"fiscalDateEnding": "2021-03-31", "reportedCurrency": "USD", "grossProfit": "1486000000", "totalRevenue": "6092000000", "costOfRevenue": "4606000000", "costofGoodsAndServicesSold": "4606000000", "operatingIncome": "810000000", "sellingGeneralAndAdministrative": "574000000", "researchAndDevelopment": "260000000", "operatingExpenses": "1003000000", "investmentIncomeNet": "6000000", "netInterestIncome": "-28000000", "interestIncome": "22000000", "interestExpense": "28000000", "nonInterestIncome": "-1000000", "otherNonOperatingIncome": "1000000", "depreciation": "None", "depreciationAndAmortization": "169000000", "incomeBeforeTax": "775000000", "incomeTaxExpense": "172000000", "interestAndDebtExpense": "28000000", "netIncomeFromContinuingOperations": "611000000", "comprehensiveIncomeNetOfTax": "648000000", "ebit": "810000000", "ebitda": "972000000", "netIncome": "603000000"}, {"fiscalDateEnding": "2020-12-31", "reportedCurrency": "USD", "grossProfit": "1361000000", "totalRevenue": "5830000000", "costOfRevenue": "4469000000", "costofGoodsAndServicesSold": "4469000000", "operatingIncome": "629000000", "sellingGeneralAndAdministrative": "576000000", "researchAndDevelopment": "255000000", "operatingExpenses": "1077000000", "investmentIncomeNet": "6000000", "netInterestIncome": "-29000000", "interestIncome": "18000000", "interestExpense": "29000000", "nonInterestIncome": "-17000000", "otherNonOperatingIncome": "50000000", "depreciation": "None", "depreciationAndAmortization": "356000000", "incomeBeforeTax": "1486000000", "incomeTaxExpense": "125000000", "interestAndDebtExpense": "29000000", "netIncomeFromContinuingOperations": "1361000000", "comprehensiveIncomeNetOfTax": "626000000", "ebit": "629000000", "ebitda": "1871000000", "netIncome": "1361000000"}, {"fiscalDateEnding": "2020-09-30", "reportedCurrency": "USD", "grossProfit": "1349000000", "totalRevenue": "5118000000", "costOfRevenue": "3769000000", "costofGoodsAndServicesSold": "3769000000", "operatingIncome": "670000000", "sellingGeneralAndAdministrative": "533000000", "researchAndDevelopment": "224000000", "operatingExpenses": "932000000", "investmentIncomeNet": "4000000", "netInterestIncome": "-25000000", "interestIncome": "-17000000", "interestExpense": "25000000", "nonInterestIncome": "5000000", "otherNonOperatingIncome": "41000000", "depreciation": "None", "depreciationAndAmortization": "165000000", "incomeBeforeTax": "683000000", "incomeTaxExpense": "182000000", "interestAndDebtExpense": "25000000", "netIncomeFromContinuingOperations": "504000000", "comprehensiveIncomeNetOfTax": "636000000", "ebit": "670000000", "ebitda": "873000000", "netIncome": "501000000"}, {"fiscalDateEnding": "2020-06-30", "reportedCurrency": "USD", "grossProfit": "890000000", "totalRevenue": "3852000000", "costOfRevenue": "2962000000", "costofGoodsAndServicesSold": "2962000000", "operatingIncome": "336000000", "sellingGeneralAndAdministrative": "470000000", "researchAndDevelopment": "189000000", "operatingExpenses": "823000000", "investmentIncomeNet": "4000000", "netInterestIncome": "-23000000", "interestIncome": "4000000", "interestExpense": "23000000", "nonInterestIncome": "5000000", "otherNonOperatingIncome": "49000000", "depreciation": "None", "depreciationAndAmortization": "164000000", "incomeBeforeTax": "369000000", "incomeTaxExpense": "93000000", "interestAndDebtExpense": "23000000", "netIncomeFromContinuingOperations": "269000000", "comprehensiveIncomeNetOfTax": "284000000", "ebit": "336000000", "ebitda": "556000000", "netIncome": "276000000"}, {"fiscalDateEnding": "2020-03-31", "reportedCurrency": "USD", "grossProfit": "1294000000", "totalRevenue": "5011000000", "costOfRevenue": "3717000000", "costofGoodsAndServicesSold": "3717000000", "operatingIncome": "634000000", "sellingGeneralAndAdministrative": "546000000", "researchAndDevelopment": "238000000", "operatingExpenses": "952000000", "investmentIncomeNet": "7000000", "netInterestIncome": "-23000000", "interestIncome": "7000000", "interestExpense": "23000000", "nonInterestIncome": "-3000000", "otherNonOperatingIncome": "44000000", "depreciation": "None", "depreciationAndAmortization": "168000000", "incomeBeforeTax": "638000000", "incomeTaxExpense": "127000000", "interestAndDebtExpense": "23000000", "netIncomeFromContinuingOperations": "528000000", "comprehensiveIncomeNetOfTax": "289000000", "ebit": "634000000", "ebitda": "829000000", "netIncome": "511000000"}, {"fiscalDateEnding": "2019-12-31", "reportedCurrency": "USD", "grossProfit": "1313000000", "totalRevenue": "5578000000", "costOfRevenue": "4265000000", "costofGoodsAndServicesSold": "4265000000", "operatingIncome": "354000000", "sellingGeneralAndAdministrative": "632000000", "researchAndDevelopment": "271000000", "operatingExpenses": "119000000", "investmentIncomeNet": "8000000", "netInterestIncome": "-22000000", "interestIncome": "8000000", "interestExpense": "22000000", "nonInterestIncome": "51000000", "otherNonOperatingIncome": "69000000", "depreciation": "None", "depreciationAndAmortization": "359000000", "incomeBeforeTax": "1378000000", "incomeTaxExpense": "65000000", "interestAndDebtExpense": "22000000", "netIncomeFromContinuingOperations": "1313000000", "comprehensiveIncomeNetOfTax": "312000000", "ebit": "354000000", "ebitda": "1759000000", "netIncome": "1313000000"}, {"fiscalDateEnding": "2019-09-30", "reportedCurrency": "USD", "grossProfit": "1494000000", "totalRevenue": "5768000000", "costOfRevenue": "4274000000", "costofGoodsAndServicesSold": "4274000000", "operatingIncome": "699000000", "sellingGeneralAndAdministrative": "600000000", "researchAndDevelopment": "242000000", "operatingExpenses": "1022000000", "investmentIncomeNet": "14000000", "netInterestIncome": "-26000000", "interestIncome": "14000000", "interestExpense": "26000000", "nonInterestIncome": "100000000", "otherNonOperatingIncome": "68000000", "depreciation": "None", "depreciationAndAmortization": "180000000", "incomeBeforeTax": "761000000", "incomeTaxExpense": "139000000", "interestAndDebtExpense": "26000000", "netIncomeFromContinuingOperations": "616000000", "comprehensiveIncomeNetOfTax": "422000000", "ebit": "699000000", "ebitda": "967000000", "netIncome": "622000000"}, {"fiscalDateEnding": "2019-06-30", "reportedCurrency": "USD", "grossProfit": "1641000000", "totalRevenue": "6221000000", "costOfRevenue": "4580000000", "costofGoodsAndServicesSold": "4580000000", "operatingIncome": "848000000", "sellingGeneralAndAdministrative": "629000000", "researchAndDevelopment": "251000000", "operatingExpenses": "1038000000", "investmentIncomeNet": "12000000", "netInterestIncome": "-29000000", "interestIncome": "12000000", "interestExpense": "29000000", "nonInterestIncome": "33000000", "otherNonOperatingIncome": "40000000", "depreciation": "None", "depreciationAndAmortization": "158000000", "incomeBeforeTax": "861000000", "incomeTaxExpense": "186000000", "interestAndDebtExpense": "29000000", "netIncomeFromContinuingOperations": "685000000", "comprehensiveIncomeNetOfTax": "574000000", "ebit": "848000000", "ebitda": "1048000000", "netIncome": "675000000"}, {"fiscalDateEnding": "2019-03-31", "reportedCurrency": "USD", "grossProfit": "1532000000", "totalRevenue": "6004000000", "costOfRevenue": "4472000000", "costofGoodsAndServicesSold": "4472000000", "operatingIncome": "799000000", "sellingGeneralAndAdministrative": "593000000", "researchAndDevelopment": "237000000", "operatingExpenses": "986000000", "investmentIncomeNet": "12000000", "netInterestIncome": "-32000000", "interestIncome": "12000000", "interestExpense": "32000000", "nonInterestIncome": "-79000000", "otherNonOperatingIncome": "66000000", "depreciation": "None", "depreciationAndAmortization": "156000000", "incomeBeforeTax": "839000000", "incomeTaxExpense": "176000000", "interestAndDebtExpense": "32000000", "netIncomeFromContinuingOperations": "669000000", "comprehensiveIncomeNetOfTax": "731000000", "ebit": "799000000", "ebitda": "1027000000", "netIncome": "663000000"}, {"fiscalDateEnding": "2018-12-31", "reportedCurrency": "USD", "grossProfit": "1546000000", "totalRevenue": "6126000000", "costOfRevenue": "4580000000", "costofGoodsAndServicesSold": "4580000000", "operatingIncome": "731000000", "sellingGeneralAndAdministrative": "643000000", "researchAndDevelopment": "244000000", "operatingExpenses": "1194000000", "investmentIncomeNet": "9000000", "netInterestIncome": "-32000000", "interestIncome": "None", "interestExpense": "32000000", "nonInterestIncome": "19000000", "otherNonOperatingIncome": "37000000", "depreciation": "None", "depreciationAndAmortization": "307000000", "incomeBeforeTax": "1646000000", "incomeTaxExpense": "100000000", "interestAndDebtExpense": "32000000", "netIncomeFromContinuingOperations": "1546000000", "comprehensiveIncomeNetOfTax": "571000000", "ebit": "731000000", "ebitda": "1985000000", "netIncome": "1546000000"}, {"fiscalDateEnding": "2018-09-30", "reportedCurrency": "USD", "grossProfit": "1551000000", "totalRevenue": "5943000000", "costOfRevenue": "4392000000", "costofGoodsAndServicesSold": "4392000000", "operatingIncome": "803000000", "sellingGeneralAndAdministrative": "604000000", "researchAndDevelopment": "229000000", "operatingExpenses": "981000000", "investmentIncomeNet": "9000000", "netInterestIncome": "-30000000", "interestIncome": "None", "interestExpense": "30000000", "nonInterestIncome": "6000000", "otherNonOperatingIncome": "23000000", "depreciation": "None", "depreciationAndAmortization": "148000000", "incomeBeforeTax": "799000000", "incomeTaxExpense": "107000000", "interestAndDebtExpense": "30000000", "netIncomeFromContinuingOperations": "698000000", "comprehensiveIncomeNetOfTax": "560000000", "ebit": "803000000", "ebitda": "977000000", "netIncome": "692000000"}, {"fiscalDateEnding": "2018-06-30", "reportedCurrency": "USD", "grossProfit": "1440000000", "totalRevenue": "6132000000", "costOfRevenue": "4692000000", "costofGoodsAndServicesSold": "4692000000", "operatingIncome": "722000000", "sellingGeneralAndAdministrative": "613000000", "researchAndDevelopment": "219000000", "operatingExpenses": "986000000", "investmentIncomeNet": "10000000", "netInterestIncome": "-28000000", "interestIncome": "None", "interestExpense": "28000000", "nonInterestIncome": "59000000", "otherNonOperatingIncome": "11000000", "depreciation": "None", "depreciationAndAmortization": "154000000", "incomeBeforeTax": "1601000000", "incomeTaxExpense": "161000000", "interestAndDebtExpense": "28000000", "netIncomeFromContinuingOperations": "1440000000", "comprehensiveIncomeNetOfTax": "275000000", "ebit": "722000000", "ebitda": "1783000000", "netIncome": "1440000000"}, {"fiscalDateEnding": "2018-03-31", "reportedCurrency": "USD", "grossProfit": "1200000000", "totalRevenue": "5570000000", "costOfRevenue": "4370000000", "costofGoodsAndServicesSold": "4370000000", "operatingIncome": "530000000", "sellingGeneralAndAdministrative": "577000000", "researchAndDevelopment": "210000000", "operatingExpenses": "940000000", "investmentIncomeNet": "7000000", "netInterestIncome": "-24000000", "interestIncome": "None", "interestExpense": "24000000", "nonInterestIncome": "-38000000", "otherNonOperatingIncome": "10000000", "depreciation": "None", "depreciationAndAmortization": "153000000", "incomeBeforeTax": "1398000000", "incomeTaxExpense": "198000000", "interestAndDebtExpense": "24000000", "netIncomeFromContinuingOperations": "1200000000", "comprehensiveIncomeNetOfTax": "431000000", "ebit": "530000000", "ebitda": "1575000000", "netIncome": "1200000000"}, {"fiscalDateEnding": "2017-12-31", "reportedCurrency": "USD", "grossProfit": "1376000000", "totalRevenue": "5476000000", "costOfRevenue": "4100000000", "costofGoodsAndServicesSold": "4102000000", "operatingIncome": "586000000", "sellingGeneralAndAdministrative": "643000000", "researchAndDevelopment": "208000000", "operatingExpenses": "1071000000", "investmentIncomeNet": "7000000", "netInterestIncome": "-24000000", "interestIncome": "None", "interestExpense": "24000000", "nonInterestIncome": "-10000000", "otherNonOperatingIncome": "27000000", "depreciation": "36000000", "depreciationAndAmortization": "261000000", "incomeBeforeTax": "2279000000", "incomeTaxExpense": "905000000", "interestAndDebtExpense": "24000000", "netIncomeFromContinuingOperations": "1374000000", "comprehensiveIncomeNetOfTax": "-273000000", "ebit": "586000000", "ebitda": "2564000000", "netIncome": "1374000000"}, {"fiscalDateEnding": "2017-09-30", "reportedCurrency": "USD", "grossProfit": "1341000000", "totalRevenue": "5285000000", "costOfRevenue": "3944000000", "costofGoodsAndServicesSold": "3944000000", "operatingIncome": "622000000", "sellingGeneralAndAdministrative": "633000000", "researchAndDevelopment": "213000000", "operatingExpenses": "994000000", "investmentIncomeNet": "4000000", "netInterestIncome": "-18000000", "interestIncome": "None", "interestExpense": "18000000", "nonInterestIncome": "-30000000", "otherNonOperatingIncome": "14000000", "depreciation": "148000000", "depreciationAndAmortization": "148000000", "incomeBeforeTax": "1504000000", "incomeTaxExpense": "165000000", "interestAndDebtExpense": "18000000", "netIncomeFromContinuingOperations": "1339000000", "comprehensiveIncomeNetOfTax": "564000000", "ebit": "622000000", "ebitda": "1670000000", "netIncome": "1339000000"}, {"fiscalDateEnding": "2017-06-30", "reportedCurrency": "USD", "grossProfit": "1251000000", "totalRevenue": "5078000000", "costOfRevenue": "3827000000", "costofGoodsAndServicesSold": "3827000000", "operatingIncome": "586000000", "sellingGeneralAndAdministrative": "606000000", "researchAndDevelopment": "175000000", "operatingExpenses": "925000000", "investmentIncomeNet": "5000000", "netInterestIncome": "-21000000", "interestIncome": "None", "interestExpense": "21000000", "nonInterestIncome": "-20000000", "otherNonOperatingIncome": "29000000", "depreciation": "None", "depreciationAndAmortization": "144000000", "incomeBeforeTax": "1407000000", "incomeTaxExpense": "158000000", "interestAndDebtExpense": "21000000", "netIncomeFromContinuingOperations": "1249000000", "comprehensiveIncomeNetOfTax": "541000000", "ebit": "586000000", "ebitda": "1572000000", "netIncome": "1249000000"}, {"fiscalDateEnding": "2017-03-31", "reportedCurrency": "USD", "grossProfit": "1132000000", "totalRevenue": "4589000000", "costOfRevenue": "3457000000", "costofGoodsAndServicesSold": "3457000000", "operatingIncome": "540000000", "sellingGeneralAndAdministrative": "547000000", "researchAndDevelopment": "158000000", "operatingExpenses": "844000000", "investmentIncomeNet": "2000000", "netInterestIncome": "-18000000", "interestIncome": "None", "interestExpense": "18000000", "nonInterestIncome": "-11000000", "otherNonOperatingIncome": "24000000", "depreciation": "None", "depreciationAndAmortization": "139000000", "incomeBeforeTax": "1271000000", "incomeTaxExpense": "143000000", "interestAndDebtExpense": "18000000", "netIncomeFromContinuingOperations": "1128000000", "comprehensiveIncomeNetOfTax": "485000000", "ebit": "540000000", "ebitda": "1428000000", "netIncome": "1128000000"}, {"fiscalDateEnding": "2016-12-31", "reportedCurrency": "USD", "grossProfit": "1120000000", "totalRevenue": "4497000000", "costOfRevenue": "3377000000", "costofGoodsAndServicesSold": "3383000000", "operatingIncome": "459000000", "sellingGeneralAndAdministrative": "572000000", "researchAndDevelopment": "159000000", "operatingExpenses": "769000000", "investmentIncomeNet": "5000000", "netInterestIncome": "-18000000", "interestIncome": "None", "interestExpense": "18000000", "nonInterestIncome": "-51000000", "otherNonOperatingIncome": "62000000", "depreciation": "45000000", "depreciationAndAmortization": "139000000", "incomeBeforeTax": "1232000000", "incomeTaxExpense": "112000000", "interestAndDebtExpense": "18000000", "netIncomeFromContinuingOperations": "1120000000", "comprehensiveIncomeNetOfTax": "189000000", "ebit": "459000000", "ebitda": "647000000", "netIncome": "1120000000"}]}