{"symbol": "CMS", "annualReports": [{"fiscalDateEnding": "2020-12-31", "reportedCurrency": "USD", "grossProfit": "5856000000", "totalRevenue": "6680000000", "costOfRevenue": "824000000", "costofGoodsAndServicesSold": "375000000", "operatingIncome": "1362000000", "sellingGeneralAndAdministrative": "359000000", "researchAndDevelopment": "None", "operatingExpenses": "1882000000", "investmentIncomeNet": "4000000", "netInterestIncome": "-561000000", "interestIncome": "-561000000", "interestExpense": "561000000", "nonInterestIncome": "6222000000", "otherNonOperatingIncome": "-56000000", "depreciation": "902000000", "depreciationAndAmortization": "6000000", "incomeBeforeTax": "888000000", "incomeTaxExpense": "133000000", "interestAndDebtExpense": "577000000", "netIncomeFromContinuingOperations": "752000000", "comprehensiveIncomeNetOfTax": "742000000", "ebit": "1449000000", "ebitda": "1455000000", "netIncome": "755000000"}, {"fiscalDateEnding": "2019-12-31", "reportedCurrency": "USD", "grossProfit": "5954000000", "totalRevenue": "6845000000", "costOfRevenue": "891000000", "costofGoodsAndServicesSold": "493000000", "operatingIncome": "1239000000", "sellingGeneralAndAdministrative": "333000000", "researchAndDevelopment": "None", "operatingExpenses": "1875000000", "investmentIncomeNet": "7000000", "netInterestIncome": "-519000000", "interestIncome": "-502000000", "interestExpense": "519000000", "nonInterestIncome": "6403000000", "otherNonOperatingIncome": "-9000000", "depreciation": "842000000", "depreciationAndAmortization": "6000000", "incomeBeforeTax": "827000000", "incomeTaxExpense": "147000000", "interestAndDebtExpense": "519000000", "netIncomeFromContinuingOperations": "682000000", "comprehensiveIncomeNetOfTax": "672000000", "ebit": "1346000000", "ebitda": "1352000000", "netIncome": "680000000"}, {"fiscalDateEnding": "2018-12-31", "reportedCurrency": "USD", "grossProfit": "5995000000", "totalRevenue": "6873000000", "costOfRevenue": "878000000", "costofGoodsAndServicesSold": "528000000", "operatingIncome": "1162000000", "sellingGeneralAndAdministrative": "303000000", "researchAndDevelopment": "None", "operatingExpenses": "1796000000", "investmentIncomeNet": "11000000", "netInterestIncome": "-458000000", "interestIncome": "11000000", "interestExpense": "458000000", "nonInterestIncome": "6646000000", "otherNonOperatingIncome": "-46000000", "depreciation": "778000000", "depreciationAndAmortization": "933000000", "incomeBeforeTax": "772000000", "incomeTaxExpense": "115000000", "interestAndDebtExpense": "474000000", "netIncomeFromContinuingOperations": "659000000", "comprehensiveIncomeNetOfTax": "653000000", "ebit": "1230000000", "ebitda": "2163000000", "netIncome": "657000000"}, {"fiscalDateEnding": "2017-12-31", "reportedCurrency": "USD", "grossProfit": "5001000000", "totalRevenue": "6583000000", "costOfRevenue": "1582000000", "costofGoodsAndServicesSold": "1255000000", "operatingIncome": "1338000000", "sellingGeneralAndAdministrative": "284000000", "researchAndDevelopment": "None", "operatingExpenses": "1592000000", "investmentIncomeNet": "12000000", "netInterestIncome": "-438000000", "interestIncome": "12000000", "interestExpense": "438000000", "nonInterestIncome": "-18000000", "otherNonOperatingIncome": "-70000000", "depreciation": "739000000", "depreciationAndAmortization": "881000000", "incomeBeforeTax": "884000000", "incomeTaxExpense": "424000000", "interestAndDebtExpense": "456000000", "netIncomeFromContinuingOperations": "462000000", "comprehensiveIncomeNetOfTax": "460000000", "ebit": "1322000000", "ebitda": "2203000000", "netIncome": "460000000"}, {"fiscalDateEnding": "2016-12-31", "reportedCurrency": "USD", "grossProfit": "4867000000", "totalRevenue": "6399000000", "costOfRevenue": "1532000000", "costofGoodsAndServicesSold": "1209000000", "operatingIncome": "1256000000", "sellingGeneralAndAdministrative": "281000000", "researchAndDevelopment": "None", "operatingExpenses": "1561000000", "investmentIncomeNet": "6000000", "netInterestIncome": "-435000000", "interestIncome": "6000000", "interestExpense": "435000000", "nonInterestIncome": "-18000000", "otherNonOperatingIncome": "-67000000", "depreciation": "687000000", "depreciationAndAmortization": "811000000", "incomeBeforeTax": "824000000", "incomeTaxExpense": "273000000", "interestAndDebtExpense": "453000000", "netIncomeFromContinuingOperations": "553000000", "comprehensiveIncomeNetOfTax": "548000000", "ebit": "1259000000", "ebitda": "2070000000", "netIncome": "551000000"}], "quarterlyReports": [{"fiscalDateEnding": "2021-09-30", "reportedCurrency": "USD", "grossProfit": "1460000000", "totalRevenue": "1725000000", "costOfRevenue": "265000000", "costofGoodsAndServicesSold": "184000000", "operatingIncome": "260000000", "sellingGeneralAndAdministrative": "81000000", "researchAndDevelopment": "None", "operatingExpenses": "491000000", "investmentIncomeNet": "0", "netInterestIncome": "-125000000", "interestIncome": "-121000000", "interestExpense": "125000000", "nonInterestIncome": "1671000000", "otherNonOperatingIncome": "-2000000", "depreciation": "None", "depreciationAndAmortization": "250000000", "incomeBeforeTax": "215000000", "incomeTaxExpense": "26000000", "interestAndDebtExpense": "125000000", "netIncomeFromContinuingOperations": "156000000", "comprehensiveIncomeNetOfTax": "190000000", "ebit": "340000000", "ebitda": "590000000", "netIncome": "189000000"}, {"fiscalDateEnding": "2021-06-30", "reportedCurrency": "USD", "grossProfit": "1355000000", "totalRevenue": "1558000000", "costOfRevenue": "203000000", "costofGoodsAndServicesSold": "116000000", "operatingIncome": "252000000", "sellingGeneralAndAdministrative": "87000000", "researchAndDevelopment": "None", "operatingExpenses": "442000000", "investmentIncomeNet": "1000000", "netInterestIncome": "-125000000", "interestIncome": "1000000", "interestExpense": "125000000", "nonInterestIncome": "1515000000", "otherNonOperatingIncome": "3000000", "depreciation": "None", "depreciationAndAmortization": "242000000", "incomeBeforeTax": "198000000", "incomeTaxExpense": "22000000", "interestAndDebtExpense": "125000000", "netIncomeFromContinuingOperations": "158000000", "comprehensiveIncomeNetOfTax": "178000000", "ebit": "323000000", "ebitda": "565000000", "netIncome": "176000000"}, {"fiscalDateEnding": "2021-03-31", "reportedCurrency": "USD", "grossProfit": "1817000000", "totalRevenue": "2083000000", "costOfRevenue": "266000000", "costofGoodsAndServicesSold": "138000000", "operatingIncome": "485000000", "sellingGeneralAndAdministrative": "123000000", "researchAndDevelopment": "None", "operatingExpenses": "446000000", "investmentIncomeNet": "1000000", "netInterestIncome": "-136000000", "interestIncome": "1000000", "interestExpense": "136000000", "nonInterestIncome": "1962000000", "otherNonOperatingIncome": "-1000000", "depreciation": "None", "depreciationAndAmortization": "340000000", "incomeBeforeTax": "400000000", "incomeTaxExpense": "51000000", "interestAndDebtExpense": "136000000", "netIncomeFromContinuingOperations": "315000000", "comprehensiveIncomeNetOfTax": "351000000", "ebit": "536000000", "ebitda": "876000000", "netIncome": "349000000"}, {"fiscalDateEnding": "2020-12-31", "reportedCurrency": "USD", "grossProfit": "1798000000", "totalRevenue": "1798000000", "costOfRevenue": "286000000", "costofGoodsAndServicesSold": "101000000", "operatingIncome": "352000000", "sellingGeneralAndAdministrative": "95000000", "researchAndDevelopment": "None", "operatingExpenses": "617000000", "investmentIncomeNet": "1000000", "netInterestIncome": "-140000000", "interestIncome": "43000000", "interestExpense": "140000000", "nonInterestIncome": "1653000000", "otherNonOperatingIncome": "-50000000", "depreciation": "None", "depreciationAndAmortization": "281000000", "incomeBeforeTax": "193000000", "incomeTaxExpense": "35000000", "interestAndDebtExpense": "156000000", "netIncomeFromContinuingOperations": "352000000", "comprehensiveIncomeNetOfTax": "151000000", "ebit": "333000000", "ebitda": "614000000", "netIncome": "158000000"}, {"fiscalDateEnding": "2020-09-30", "reportedCurrency": "USD", "grossProfit": "1392000000", "totalRevenue": "1507000000", "costOfRevenue": "183000000", "costofGoodsAndServicesSold": "108000000", "operatingIncome": "340000000", "sellingGeneralAndAdministrative": "75000000", "researchAndDevelopment": "None", "operatingExpenses": "397000000", "investmentIncomeNet": "1000000", "netInterestIncome": "-143000000", "interestIncome": "-13000000", "interestExpense": "130000000", "nonInterestIncome": "1468000000", "otherNonOperatingIncome": "-3000000", "depreciation": "None", "depreciationAndAmortization": "228000000", "incomeBeforeTax": "262000000", "incomeTaxExpense": "40000000", "interestAndDebtExpense": "143000000", "netIncomeFromContinuingOperations": "206000000", "comprehensiveIncomeNetOfTax": "215000000", "ebit": "405000000", "ebitda": "633000000", "netIncome": "218000000"}, {"fiscalDateEnding": "2020-06-30", "reportedCurrency": "USD", "grossProfit": "1305000000", "totalRevenue": "1382000000", "costOfRevenue": "138000000", "costofGoodsAndServicesSold": "63000000", "operatingIncome": "248000000", "sellingGeneralAndAdministrative": "75000000", "researchAndDevelopment": "None", "operatingExpenses": "434000000", "investmentIncomeNet": "1000000", "netInterestIncome": "-141000000", "interestIncome": "-14000000", "interestExpense": "127000000", "nonInterestIncome": "1343000000", "otherNonOperatingIncome": "1000000", "depreciation": "None", "depreciationAndAmortization": "223000000", "incomeBeforeTax": "163000000", "incomeTaxExpense": "24000000", "interestAndDebtExpense": "141000000", "netIncomeFromContinuingOperations": "128000000", "comprehensiveIncomeNetOfTax": "136000000", "ebit": "304000000", "ebitda": "527000000", "netIncome": "136000000"}, {"fiscalDateEnding": "2020-03-31", "reportedCurrency": "USD", "grossProfit": "1634000000", "totalRevenue": "1864000000", "costOfRevenue": "230000000", "costofGoodsAndServicesSold": "103000000", "operatingIncome": "368000000", "sellingGeneralAndAdministrative": "114000000", "researchAndDevelopment": "None", "operatingExpenses": "434000000", "investmentIncomeNet": "1000000", "netInterestIncome": "-137000000", "interestIncome": "8000000", "interestExpense": "137000000", "nonInterestIncome": "1758000000", "otherNonOperatingIncome": "-4000000", "depreciation": "None", "depreciationAndAmortization": "316000000", "incomeBeforeTax": "270000000", "incomeTaxExpense": "27000000", "interestAndDebtExpense": "137000000", "netIncomeFromContinuingOperations": "229000000", "comprehensiveIncomeNetOfTax": "240000000", "ebit": "407000000", "ebitda": "723000000", "netIncome": "243000000"}, {"fiscalDateEnding": "2019-12-31", "reportedCurrency": "USD", "grossProfit": "1795000000", "totalRevenue": "1795000000", "costOfRevenue": "247000000", "costofGoodsAndServicesSold": "102000000", "operatingIncome": "311000000", "sellingGeneralAndAdministrative": "86000000", "researchAndDevelopment": "None", "operatingExpenses": "591000000", "investmentIncomeNet": "2000000", "netInterestIncome": "-134000000", "interestIncome": "-128000000", "interestExpense": "134000000", "nonInterestIncome": "1657000000", "otherNonOperatingIncome": "-4000000", "depreciation": "None", "depreciationAndAmortization": "0", "incomeBeforeTax": "204000000", "incomeTaxExpense": "37000000", "interestAndDebtExpense": "134000000", "netIncomeFromContinuingOperations": "311000000", "comprehensiveIncomeNetOfTax": "161000000", "ebit": "338000000", "ebitda": "338000000", "netIncome": "167000000"}, {"fiscalDateEnding": "2019-09-30", "reportedCurrency": "USD", "grossProfit": "1344000000", "totalRevenue": "1546000000", "costOfRevenue": "202000000", "costofGoodsAndServicesSold": "130000000", "operatingIncome": "351000000", "sellingGeneralAndAdministrative": "70000000", "researchAndDevelopment": "None", "operatingExpenses": "394000000", "investmentIncomeNet": "2000000", "netInterestIncome": "-133000000", "interestIncome": "2000000", "interestExpense": "133000000", "nonInterestIncome": "1442000000", "otherNonOperatingIncome": "0", "depreciation": "None", "depreciationAndAmortization": "2000000", "incomeBeforeTax": "249000000", "incomeTaxExpense": "42000000", "interestAndDebtExpense": "133000000", "netIncomeFromContinuingOperations": "207000000", "comprehensiveIncomeNetOfTax": "207000000", "ebit": "382000000", "ebitda": "384000000", "netIncome": "207000000"}, {"fiscalDateEnding": "2019-06-30", "reportedCurrency": "USD", "grossProfit": "1253000000", "totalRevenue": "1445000000", "costOfRevenue": "192000000", "costofGoodsAndServicesSold": "119000000", "operatingIncome": "218000000", "sellingGeneralAndAdministrative": "71000000", "researchAndDevelopment": "None", "operatingExpenses": "422000000", "investmentIncomeNet": "2000000", "netInterestIncome": "-131000000", "interestIncome": "2000000", "interestExpense": "131000000", "nonInterestIncome": "1347000000", "otherNonOperatingIncome": "-3000000", "depreciation": "None", "depreciationAndAmortization": "2000000", "incomeBeforeTax": "113000000", "incomeTaxExpense": "20000000", "interestAndDebtExpense": "131000000", "netIncomeFromContinuingOperations": "94000000", "comprehensiveIncomeNetOfTax": "92000000", "ebit": "244000000", "ebitda": "246000000", "netIncome": "93000000"}, {"fiscalDateEnding": "2019-03-31", "reportedCurrency": "USD", "grossProfit": "1811000000", "totalRevenue": "2059000000", "costOfRevenue": "248000000", "costofGoodsAndServicesSold": "142000000", "operatingIncome": "359000000", "sellingGeneralAndAdministrative": "106000000", "researchAndDevelopment": "None", "operatingExpenses": "466000000", "investmentIncomeNet": "1000000", "netInterestIncome": "-121000000", "interestIncome": "-121000000", "interestExpense": "121000000", "nonInterestIncome": "1957000000", "otherNonOperatingIncome": "-2000000", "depreciation": "None", "depreciationAndAmortization": "2000000", "incomeBeforeTax": "261000000", "incomeTaxExpense": "48000000", "interestAndDebtExpense": "121000000", "netIncomeFromContinuingOperations": "213000000", "comprehensiveIncomeNetOfTax": "212000000", "ebit": "382000000", "ebitda": "384000000", "netIncome": "213000000"}, {"fiscalDateEnding": "2018-12-31", "reportedCurrency": "USD", "grossProfit": "1829000000", "totalRevenue": "1829000000", "costOfRevenue": "259000000", "costofGoodsAndServicesSold": "131000000", "operatingIncome": "250000000", "sellingGeneralAndAdministrative": "81000000", "researchAndDevelopment": "None", "operatingExpenses": "550000000", "investmentIncomeNet": "3000000", "netInterestIncome": "-121000000", "interestIncome": "None", "interestExpense": "121000000", "nonInterestIncome": "1729000000", "otherNonOperatingIncome": "-33000000", "depreciation": "None", "depreciationAndAmortization": "244000000", "incomeBeforeTax": "125000000", "incomeTaxExpense": "17000000", "interestAndDebtExpense": "137000000", "netIncomeFromContinuingOperations": "250000000", "comprehensiveIncomeNetOfTax": "102000000", "ebit": "246000000", "ebitda": "490000000", "netIncome": "108000000"}, {"fiscalDateEnding": "2018-09-30", "reportedCurrency": "USD", "grossProfit": "1382000000", "totalRevenue": "1599000000", "costOfRevenue": "217000000", "costofGoodsAndServicesSold": "150000000", "operatingIncome": "294000000", "sellingGeneralAndAdministrative": "67000000", "researchAndDevelopment": "None", "operatingExpenses": "433000000", "investmentIncomeNet": "2000000", "netInterestIncome": "-114000000", "interestIncome": "None", "interestExpense": "114000000", "nonInterestIncome": "1555000000", "otherNonOperatingIncome": "-3000000", "depreciation": "None", "depreciationAndAmortization": "206000000", "incomeBeforeTax": "202000000", "incomeTaxExpense": "33000000", "interestAndDebtExpense": "114000000", "netIncomeFromContinuingOperations": "169000000", "comprehensiveIncomeNetOfTax": "171000000", "ebit": "316000000", "ebitda": "522000000", "netIncome": "169000000"}, {"fiscalDateEnding": "2018-06-30", "reportedCurrency": "USD", "grossProfit": "1197000000", "totalRevenue": "1492000000", "costOfRevenue": "295000000", "costofGoodsAndServicesSold": "227000000", "operatingIncome": "255000000", "sellingGeneralAndAdministrative": "68000000", "researchAndDevelopment": "None", "operatingExpenses": "394000000", "investmentIncomeNet": "4000000", "netInterestIncome": "-112000000", "interestIncome": "None", "interestExpense": "112000000", "nonInterestIncome": "1450000000", "otherNonOperatingIncome": "-9000000", "depreciation": "None", "depreciationAndAmortization": "204000000", "incomeBeforeTax": "164000000", "incomeTaxExpense": "25000000", "interestAndDebtExpense": "112000000", "netIncomeFromContinuingOperations": "140000000", "comprehensiveIncomeNetOfTax": "139000000", "ebit": "276000000", "ebitda": "480000000", "netIncome": "139000000"}, {"fiscalDateEnding": "2018-03-31", "reportedCurrency": "USD", "grossProfit": "1353000000", "totalRevenue": "1953000000", "costOfRevenue": "600000000", "costofGoodsAndServicesSold": "513000000", "operatingIncome": "363000000", "sellingGeneralAndAdministrative": "87000000", "researchAndDevelopment": "None", "operatingExpenses": "404000000", "investmentIncomeNet": "2000000", "netInterestIncome": "-111000000", "interestIncome": "None", "interestExpense": "111000000", "nonInterestIncome": "1912000000", "otherNonOperatingIncome": "-1000000", "depreciation": "None", "depreciationAndAmortization": "279000000", "incomeBeforeTax": "281000000", "incomeTaxExpense": "40000000", "interestAndDebtExpense": "111000000", "netIncomeFromContinuingOperations": "241000000", "comprehensiveIncomeNetOfTax": "241000000", "ebit": "392000000", "ebitda": "671000000", "netIncome": "241000000"}, {"fiscalDateEnding": "2017-12-31", "reportedCurrency": "USD", "grossProfit": "1778000000", "totalRevenue": "1778000000", "costOfRevenue": "493000000", "costofGoodsAndServicesSold": "375000000", "operatingIncome": "379000000", "sellingGeneralAndAdministrative": "75000000", "researchAndDevelopment": "None", "operatingExpenses": "474000000", "investmentIncomeNet": "2000000", "netInterestIncome": "-110000000", "interestIncome": "None", "interestExpense": "110000000", "nonInterestIncome": "None", "otherNonOperatingIncome": "-68000000", "depreciation": "None", "depreciationAndAmortization": "229000000", "incomeBeforeTax": "221000000", "incomeTaxExpense": "224000000", "interestAndDebtExpense": "128000000", "netIncomeFromContinuingOperations": "379000000", "comprehensiveIncomeNetOfTax": "-6000000", "ebit": "331000000", "ebitda": "560000000", "netIncome": "-3000000"}, {"fiscalDateEnding": "2017-09-30", "reportedCurrency": "USD", "grossProfit": "1274000000", "totalRevenue": "1527000000", "costOfRevenue": "253000000", "costofGoodsAndServicesSold": "191000000", "operatingIncome": "330000000", "sellingGeneralAndAdministrative": "62000000", "researchAndDevelopment": "None", "operatingExpenses": "366000000", "investmentIncomeNet": "3000000", "netInterestIncome": "-111000000", "interestIncome": "None", "interestExpense": "111000000", "nonInterestIncome": "None", "otherNonOperatingIncome": "0", "depreciation": "None", "depreciationAndAmortization": "193000000", "incomeBeforeTax": "229000000", "incomeTaxExpense": "57000000", "interestAndDebtExpense": "111000000", "netIncomeFromContinuingOperations": "172000000", "comprehensiveIncomeNetOfTax": "173000000", "ebit": "340000000", "ebitda": "533000000", "netIncome": "172000000"}, {"fiscalDateEnding": "2017-06-30", "reportedCurrency": "USD", "grossProfit": "1147000000", "totalRevenue": "1449000000", "costOfRevenue": "302000000", "costofGoodsAndServicesSold": "236000000", "operatingIncome": "241000000", "sellingGeneralAndAdministrative": "66000000", "researchAndDevelopment": "None", "operatingExpenses": "381000000", "investmentIncomeNet": "2000000", "netInterestIncome": "-110000000", "interestIncome": "None", "interestExpense": "110000000", "nonInterestIncome": "None", "otherNonOperatingIncome": "-2000000", "depreciation": "None", "depreciationAndAmortization": "197000000", "incomeBeforeTax": "139000000", "incomeTaxExpense": "47000000", "interestAndDebtExpense": "110000000", "netIncomeFromContinuingOperations": "93000000", "comprehensiveIncomeNetOfTax": "93000000", "ebit": "249000000", "ebitda": "446000000", "netIncome": "92000000"}, {"fiscalDateEnding": "2017-03-31", "reportedCurrency": "USD", "grossProfit": "1295000000", "totalRevenue": "1829000000", "costOfRevenue": "534000000", "costofGoodsAndServicesSold": "453000000", "operatingIncome": "388000000", "sellingGeneralAndAdministrative": "81000000", "researchAndDevelopment": "None", "operatingExpenses": "371000000", "investmentIncomeNet": "5000000", "netInterestIncome": "-107000000", "interestIncome": "None", "interestExpense": "107000000", "nonInterestIncome": "None", "otherNonOperatingIncome": "0", "depreciation": "None", "depreciationAndAmortization": "262000000", "incomeBeforeTax": "295000000", "incomeTaxExpense": "96000000", "interestAndDebtExpense": "107000000", "netIncomeFromContinuingOperations": "199000000", "comprehensiveIncomeNetOfTax": "200000000", "ebit": "402000000", "ebitda": "664000000", "netIncome": "199000000"}, {"fiscalDateEnding": "2016-12-31", "reportedCurrency": "USD", "grossProfit": "1640000000", "totalRevenue": "1640000000", "costOfRevenue": "466000000", "costofGoodsAndServicesSold": "352000000", "operatingIncome": "280000000", "sellingGeneralAndAdministrative": "72000000", "researchAndDevelopment": "None", "operatingExpenses": "493000000", "investmentIncomeNet": "2000000", "netInterestIncome": "-111000000", "interestIncome": "None", "interestExpense": "111000000", "nonInterestIncome": "None", "otherNonOperatingIncome": "-61000000", "depreciation": "None", "depreciationAndAmortization": "214000000", "incomeBeforeTax": "123000000", "incomeTaxExpense": "46000000", "interestAndDebtExpense": "129000000", "netIncomeFromContinuingOperations": "290000000", "comprehensiveIncomeNetOfTax": "72000000", "ebit": "234000000", "ebitda": "448000000", "netIncome": "77000000"}]}