{"symbol": "CNC", "annualReports": [{"fiscalDateEnding": "2020-12-31", "reportedCurrency": "USD", "grossProfit": "96614000000", "totalRevenue": "111115000000", "costOfRevenue": "14501000000", "costofGoodsAndServicesSold": "3303000000", "operatingIncome": "3082000000", "sellingGeneralAndAdministrative": "9867000000", "researchAndDevelopment": "None", "operatingExpenses": "11094000000", "investmentIncomeNet": "None", "netInterestIncome": "-728000000", "interestIncome": "-728000000", "interestExpense": "728000000", "nonInterestIncome": "103847000000", "otherNonOperatingIncome": "480000000", "depreciation": "487000000", "depreciationAndAmortization": "1259000000", "incomeBeforeTax": "2787000000", "incomeTaxExpense": "979000000", "interestAndDebtExpense": "785000000", "netIncomeFromContinuingOperations": "1794000000", "comprehensiveIncomeNetOfTax": "2011000000", "ebit": "3515000000", "ebitda": "4774000000", "netIncome": "1808000000"}, {"fiscalDateEnding": "2019-12-31", "reportedCurrency": "USD", "grossProfit": "64727000000", "totalRevenue": "74639000000", "costOfRevenue": "9912000000", "costofGoodsAndServicesSold": "2465000000", "operatingIncome": "1781000000", "sellingGeneralAndAdministrative": "6533000000", "researchAndDevelopment": "None", "operatingExpenses": "7447000000", "investmentIncomeNet": "None", "netInterestIncome": "-412000000", "interestIncome": "-412000000", "interestExpense": "412000000", "nonInterestIncome": "70334000000", "otherNonOperatingIncome": "413000000", "depreciation": "342000000", "depreciationAndAmortization": "643000000", "incomeBeforeTax": "1794000000", "incomeTaxExpense": "473000000", "interestAndDebtExpense": "442000000", "netIncomeFromContinuingOperations": "1309000000", "comprehensiveIncomeNetOfTax": "1511000000", "ebit": "2206000000", "ebitda": "2849000000", "netIncome": "1321000000"}, {"fiscalDateEnding": "2018-12-31", "reportedCurrency": "USD", "grossProfit": "51192000000", "totalRevenue": "60116000000", "costOfRevenue": "8924000000", "costofGoodsAndServicesSold": "2386000000", "operatingIncome": "1458000000", "sellingGeneralAndAdministrative": "6043000000", "researchAndDevelopment": "None", "operatingExpenses": "6538000000", "investmentIncomeNet": "None", "netInterestIncome": "-343000000", "interestIncome": "-343000000", "interestExpense": "343000000", "nonInterestIncome": "56435000000", "otherNonOperatingIncome": "253000000", "depreciation": "237000000", "depreciationAndAmortization": "495000000", "incomeBeforeTax": "1374000000", "incomeTaxExpense": "474000000", "interestAndDebtExpense": "343000000", "netIncomeFromContinuingOperations": "894000000", "comprehensiveIncomeNetOfTax": "847000000", "ebit": "1717000000", "ebitda": "2212000000", "netIncome": "900000000"}, {"fiscalDateEnding": "2017-12-31", "reportedCurrency": "USD", "grossProfit": "41728000000", "totalRevenue": "48382000000", "costOfRevenue": "6654000000", "costofGoodsAndServicesSold": "1847000000", "operatingIncome": "1199000000", "sellingGeneralAndAdministrative": "4446000000", "researchAndDevelopment": "None", "operatingExpenses": "4807000000", "investmentIncomeNet": "None", "netInterestIncome": "-255000000", "interestIncome": "-255000000", "interestExpense": "255000000", "nonInterestIncome": "43353000000", "otherNonOperatingIncome": "190000000", "depreciation": "161000000", "depreciationAndAmortization": "361000000", "incomeBeforeTax": "1154000000", "incomeTaxExpense": "326000000", "interestAndDebtExpense": "255000000", "netIncomeFromContinuingOperations": "828000000", "comprehensiveIncomeNetOfTax": "861000000", "ebit": "1409000000", "ebitda": "1770000000", "netIncome": "828000000"}, {"fiscalDateEnding": "2016-12-31", "reportedCurrency": "USD", "grossProfit": "34789000000", "totalRevenue": "40607000000", "costOfRevenue": "5818000000", "costofGoodsAndServicesSold": "1864000000", "operatingIncome": "1263000000", "sellingGeneralAndAdministrative": "3673000000", "researchAndDevelopment": "None", "operatingExpenses": "3954000000", "investmentIncomeNet": "None", "netInterestIncome": "-217000000", "interestIncome": "-217000000", "interestExpense": "217000000", "nonInterestIncome": "35399000000", "otherNonOperatingIncome": "114000000", "depreciation": "101000000", "depreciationAndAmortization": "278000000", "incomeBeforeTax": "1161000000", "incomeTaxExpense": "599000000", "interestAndDebtExpense": "217000000", "netIncomeFromContinuingOperations": "559000000", "comprehensiveIncomeNetOfTax": "536000000", "ebit": "1378000000", "ebitda": "1656000000", "netIncome": "562000000"}], "quarterlyReports": [{"fiscalDateEnding": "2021-09-30", "reportedCurrency": "USD", "grossProfit": "27940000000", "totalRevenue": "32406000000", "costOfRevenue": "4466000000", "costofGoodsAndServicesSold": "1355000000", "operatingIncome": "545000000", "sellingGeneralAndAdministrative": "2684000000", "researchAndDevelopment": "None", "operatingExpenses": "3111000000", "investmentIncomeNet": "None", "netInterestIncome": "-170000000", "interestIncome": "-170000000", "interestExpense": "170000000", "nonInterestIncome": "30514000000", "otherNonOperatingIncome": "424000000", "depreciation": "None", "depreciationAndAmortization": "381000000", "incomeBeforeTax": "723000000", "incomeTaxExpense": "139000000", "interestAndDebtExpense": "170000000", "netIncomeFromContinuingOperations": "584000000", "comprehensiveIncomeNetOfTax": "521000000", "ebit": "893000000", "ebitda": "1274000000", "netIncome": "584000000"}, {"fiscalDateEnding": "2021-06-30", "reportedCurrency": "USD", "grossProfit": "27457000000", "totalRevenue": "31025000000", "costOfRevenue": "3568000000", "costofGoodsAndServicesSold": "1107000000", "operatingIncome": "-418000000", "sellingGeneralAndAdministrative": "2273000000", "researchAndDevelopment": "None", "operatingExpenses": "3711000000", "investmentIncomeNet": "None", "netInterestIncome": "-163000000", "interestIncome": "-163000000", "interestExpense": "163000000", "nonInterestIncome": "28862000000", "otherNonOperatingIncome": "39000000", "depreciation": "None", "depreciationAndAmortization": "356000000", "incomeBeforeTax": "-542000000", "incomeTaxExpense": "-7000000", "interestAndDebtExpense": "163000000", "netIncomeFromContinuingOperations": "-535000000", "comprehensiveIncomeNetOfTax": "-472000000", "ebit": "-379000000", "ebitda": "-23000000", "netIncome": "-535000000"}, {"fiscalDateEnding": "2021-03-31", "reportedCurrency": "USD", "grossProfit": "26207000000", "totalRevenue": "29983000000", "costOfRevenue": "3776000000", "costofGoodsAndServicesSold": "1048000000", "operatingIncome": "1054000000", "sellingGeneralAndAdministrative": "2367000000", "researchAndDevelopment": "None", "operatingExpenses": "2728000000", "investmentIncomeNet": "None", "netInterestIncome": "-170000000", "interestIncome": "-170000000", "interestExpense": "170000000", "nonInterestIncome": "28068000000", "otherNonOperatingIncome": "103000000", "depreciation": "None", "depreciationAndAmortization": "361000000", "incomeBeforeTax": "943000000", "incomeTaxExpense": "244000000", "interestAndDebtExpense": "216000000", "netIncomeFromContinuingOperations": "699000000", "comprehensiveIncomeNetOfTax": "538000000", "ebit": "1113000000", "ebitda": "1474000000", "netIncome": "699000000"}, {"fiscalDateEnding": "2020-12-31", "reportedCurrency": "USD", "grossProfit": "-17000000", "totalRevenue": "28288000000", "costOfRevenue": "3402000000", "costofGoodsAndServicesSold": "784000000", "operatingIncome": "15000000", "sellingGeneralAndAdministrative": "2721000000", "researchAndDevelopment": "None", "operatingExpenses": "2618000000", "investmentIncomeNet": "None", "netInterestIncome": "-177000000", "interestIncome": "-177000000", "interestExpense": "177000000", "nonInterestIncome": "-17000000", "otherNonOperatingIncome": "None", "depreciation": "None", "depreciationAndAmortization": "343000000", "incomeBeforeTax": "-67000000", "incomeTaxExpense": "-55000000", "interestAndDebtExpense": "17000000", "netIncomeFromContinuingOperations": "-17000000", "comprehensiveIncomeNetOfTax": "32000000", "ebit": "110000000", "ebitda": "453000000", "netIncome": "-12000000"}, {"fiscalDateEnding": "2020-09-30", "reportedCurrency": "USD", "grossProfit": "25496000000", "totalRevenue": "29090000000", "costOfRevenue": "3594000000", "costofGoodsAndServicesSold": "861000000", "operatingIncome": "861000000", "sellingGeneralAndAdministrative": "2507000000", "researchAndDevelopment": "None", "operatingExpenses": "2733000000", "investmentIncomeNet": "None", "netInterestIncome": "-184000000", "interestIncome": "-184000000", "interestExpense": "184000000", "nonInterestIncome": "27459000000", "otherNonOperatingIncome": "95000000", "depreciation": "None", "depreciationAndAmortization": "298000000", "incomeBeforeTax": "775000000", "incomeTaxExpense": "207000000", "interestAndDebtExpense": "184000000", "netIncomeFromContinuingOperations": "568000000", "comprehensiveIncomeNetOfTax": "616000000", "ebit": "959000000", "ebitda": "1257000000", "netIncome": "568000000"}, {"fiscalDateEnding": "2020-06-30", "reportedCurrency": "USD", "grossProfit": "24356000000", "totalRevenue": "27712000000", "costOfRevenue": "3356000000", "costofGoodsAndServicesSold": "833000000", "operatingIncome": "2018000000", "sellingGeneralAndAdministrative": "2255000000", "researchAndDevelopment": "None", "operatingExpenses": "2523000000", "investmentIncomeNet": "None", "netInterestIncome": "-187000000", "interestIncome": "-187000000", "interestExpense": "187000000", "nonInterestIncome": "25724000000", "otherNonOperatingIncome": "113000000", "depreciation": "None", "depreciationAndAmortization": "330000000", "incomeBeforeTax": "1948000000", "incomeTaxExpense": "742000000", "interestAndDebtExpense": "187000000", "netIncomeFromContinuingOperations": "1206000000", "comprehensiveIncomeNetOfTax": "1456000000", "ebit": "2135000000", "ebitda": "2465000000", "netIncome": "1206000000"}, {"fiscalDateEnding": "2020-03-31", "reportedCurrency": "USD", "grossProfit": "22143000000", "totalRevenue": "26025000000", "costOfRevenue": "3882000000", "costofGoodsAndServicesSold": "825000000", "operatingIncome": "188000000", "sellingGeneralAndAdministrative": "2384000000", "researchAndDevelopment": "None", "operatingExpenses": "2964000000", "investmentIncomeNet": "None", "netInterestIncome": "-180000000", "interestIncome": "-180000000", "interestExpense": "180000000", "nonInterestIncome": "24221000000", "otherNonOperatingIncome": "123000000", "depreciation": "None", "depreciationAndAmortization": "288000000", "incomeBeforeTax": "131000000", "incomeTaxExpense": "85000000", "interestAndDebtExpense": "224000000", "netIncomeFromContinuingOperations": "46000000", "comprehensiveIncomeNetOfTax": "-93000000", "ebit": "311000000", "ebitda": "599000000", "netIncome": "46000000"}, {"fiscalDateEnding": "2019-12-31", "reportedCurrency": "USD", "grossProfit": "18863000000", "totalRevenue": "18863000000", "costOfRevenue": "2588000000", "costofGoodsAndServicesSold": "687000000", "operatingIncome": "277000000", "sellingGeneralAndAdministrative": "1733000000", "researchAndDevelopment": "None", "operatingExpenses": "1901000000", "investmentIncomeNet": "None", "netInterestIncome": "-113000000", "interestIncome": "-113000000", "interestExpense": "113000000", "nonInterestIncome": "17982000000", "otherNonOperatingIncome": "96000000", "depreciation": "None", "depreciationAndAmortization": "168000000", "incomeBeforeTax": "267000000", "incomeTaxExpense": "58000000", "interestAndDebtExpense": "143000000", "netIncomeFromContinuingOperations": "18863000000", "comprehensiveIncomeNetOfTax": "198000000", "ebit": "380000000", "ebitda": "548000000", "netIncome": "209000000"}, {"fiscalDateEnding": "2019-09-30", "reportedCurrency": "USD", "grossProfit": "16404000000", "totalRevenue": "18976000000", "costOfRevenue": "2572000000", "costofGoodsAndServicesSold": "619000000", "operatingIncome": "176000000", "sellingGeneralAndAdministrative": "1617000000", "researchAndDevelopment": "None", "operatingExpenses": "1953000000", "investmentIncomeNet": "None", "netInterestIncome": "-99000000", "interestIncome": "-99000000", "interestExpense": "99000000", "nonInterestIncome": "18215000000", "otherNonOperatingIncome": "98000000", "depreciation": "None", "depreciationAndAmortization": "162000000", "incomeBeforeTax": "174000000", "incomeTaxExpense": "79000000", "interestAndDebtExpense": "99000000", "netIncomeFromContinuingOperations": "95000000", "comprehensiveIncomeNetOfTax": "121000000", "ebit": "273000000", "ebitda": "435000000", "netIncome": "95000000"}, {"fiscalDateEnding": "2019-06-30", "reportedCurrency": "USD", "grossProfit": "16103000000", "totalRevenue": "18356000000", "costOfRevenue": "2253000000", "costofGoodsAndServicesSold": "615000000", "operatingIncome": "643000000", "sellingGeneralAndAdministrative": "1574000000", "researchAndDevelopment": "None", "operatingExpenses": "1638000000", "investmentIncomeNet": "None", "netInterestIncome": "-101000000", "interestIncome": "-101000000", "interestExpense": "101000000", "nonInterestIncome": "17299000000", "otherNonOperatingIncome": "120000000", "depreciation": "None", "depreciationAndAmortization": "158000000", "incomeBeforeTax": "665000000", "incomeTaxExpense": "170000000", "interestAndDebtExpense": "101000000", "netIncomeFromContinuingOperations": "495000000", "comprehensiveIncomeNetOfTax": "576000000", "ebit": "766000000", "ebitda": "924000000", "netIncome": "495000000"}, {"fiscalDateEnding": "2019-03-31", "reportedCurrency": "USD", "grossProfit": "16136000000", "totalRevenue": "18444000000", "costOfRevenue": "2308000000", "costofGoodsAndServicesSold": "544000000", "operatingIncome": "685000000", "sellingGeneralAndAdministrative": "1609000000", "researchAndDevelopment": "None", "operatingExpenses": "1764000000", "investmentIncomeNet": "None", "netInterestIncome": "-99000000", "interestIncome": "None", "interestExpense": "99000000", "nonInterestIncome": "16838000000", "otherNonOperatingIncome": "99000000", "depreciation": "None", "depreciationAndAmortization": "155000000", "incomeBeforeTax": "688000000", "incomeTaxExpense": "166000000", "interestAndDebtExpense": "99000000", "netIncomeFromContinuingOperations": "522000000", "comprehensiveIncomeNetOfTax": "616000000", "ebit": "787000000", "ebitda": "942000000", "netIncome": "522000000"}, {"fiscalDateEnding": "2018-12-31", "reportedCurrency": "USD", "grossProfit": "16559000000", "totalRevenue": "16559000000", "costOfRevenue": "2260000000", "costofGoodsAndServicesSold": "563000000", "operatingIncome": "388000000", "sellingGeneralAndAdministrative": "1556000000", "researchAndDevelopment": "None", "operatingExpenses": "1697000000", "investmentIncomeNet": "None", "netInterestIncome": "-98000000", "interestIncome": "None", "interestExpense": "98000000", "nonInterestIncome": "15649000000", "otherNonOperatingIncome": "67000000", "depreciation": "None", "depreciationAndAmortization": "141000000", "incomeBeforeTax": "357000000", "incomeTaxExpense": "116000000", "interestAndDebtExpense": "98000000", "netIncomeFromContinuingOperations": "16559000000", "comprehensiveIncomeNetOfTax": "264000000", "ebit": "455000000", "ebitda": "596000000", "netIncome": "241000000"}, {"fiscalDateEnding": "2018-09-30", "reportedCurrency": "USD", "grossProfit": "13561000000", "totalRevenue": "16182000000", "costOfRevenue": "2621000000", "costofGoodsAndServicesSold": "622000000", "operatingIncome": "41000000", "sellingGeneralAndAdministrative": "1934000000", "researchAndDevelopment": "None", "operatingExpenses": "1999000000", "investmentIncomeNet": "None", "netInterestIncome": "-97000000", "interestIncome": "None", "interestExpense": "97000000", "nonInterestIncome": "15355000000", "otherNonOperatingIncome": "80000000", "depreciation": "None", "depreciationAndAmortization": "139000000", "incomeBeforeTax": "27000000", "incomeTaxExpense": "8000000", "interestAndDebtExpense": "97000000", "netIncomeFromContinuingOperations": "19000000", "comprehensiveIncomeNetOfTax": "7000000", "ebit": "124000000", "ebitda": "263000000", "netIncome": "19000000"}, {"fiscalDateEnding": "2018-06-30", "reportedCurrency": "USD", "grossProfit": "12241000000", "totalRevenue": "14181000000", "costOfRevenue": "1940000000", "costofGoodsAndServicesSold": "658000000", "operatingIncome": "489000000", "sellingGeneralAndAdministrative": "1237000000", "researchAndDevelopment": "None", "operatingExpenses": "1282000000", "investmentIncomeNet": "None", "netInterestIncome": "-80000000", "interestIncome": "None", "interestExpense": "80000000", "nonInterestIncome": "12875000000", "otherNonOperatingIncome": "65000000", "depreciation": "None", "depreciationAndAmortization": "111000000", "incomeBeforeTax": "475000000", "incomeTaxExpense": "175000000", "interestAndDebtExpense": "80000000", "netIncomeFromContinuingOperations": "300000000", "comprehensiveIncomeNetOfTax": "287000000", "ebit": "555000000", "ebitda": "666000000", "netIncome": "300000000"}, {"fiscalDateEnding": "2018-03-31", "reportedCurrency": "USD", "grossProfit": "11231000000", "totalRevenue": "13194000000", "costOfRevenue": "1963000000", "costofGoodsAndServicesSold": "543000000", "operatingIncome": "540000000", "sellingGeneralAndAdministrative": "1316000000", "researchAndDevelopment": "None", "operatingExpenses": "1420000000", "investmentIncomeNet": "None", "netInterestIncome": "-68000000", "interestIncome": "None", "interestExpense": "68000000", "nonInterestIncome": "11903000000", "otherNonOperatingIncome": "41000000", "depreciation": "None", "depreciationAndAmortization": "104000000", "incomeBeforeTax": "515000000", "incomeTaxExpense": "175000000", "interestAndDebtExpense": "68000000", "netIncomeFromContinuingOperations": "340000000", "comprehensiveIncomeNetOfTax": "289000000", "ebit": "583000000", "ebitda": "687000000", "netIncome": "340000000"}, {"fiscalDateEnding": "2017-12-31", "reportedCurrency": "USD", "grossProfit": "12806000000", "totalRevenue": "12806000000", "costOfRevenue": "1870000000", "costofGoodsAndServicesSold": "513000000", "operatingIncome": "181000000", "sellingGeneralAndAdministrative": "1260000000", "researchAndDevelopment": "None", "operatingExpenses": "1357000000", "investmentIncomeNet": "None", "netInterestIncome": "-66000000", "interestIncome": "None", "interestExpense": "66000000", "nonInterestIncome": "10960000000", "otherNonOperatingIncome": "53000000", "depreciation": "None", "depreciationAndAmortization": "97000000", "incomeBeforeTax": "175000000", "incomeTaxExpense": "-55000000", "interestAndDebtExpense": "66000000", "netIncomeFromContinuingOperations": "230000000", "comprehensiveIncomeNetOfTax": "218000000", "ebit": "241000000", "ebitda": "338000000", "netIncome": "230000000"}, {"fiscalDateEnding": "2017-09-30", "reportedCurrency": "USD", "grossProfit": "10393000000", "totalRevenue": "11898000000", "costOfRevenue": "1505000000", "costofGoodsAndServicesSold": "437000000", "operatingIncome": "340000000", "sellingGeneralAndAdministrative": "1030000000", "researchAndDevelopment": "None", "operatingExpenses": "1068000000", "investmentIncomeNet": "None", "netInterestIncome": "-65000000", "interestIncome": "None", "interestExpense": "65000000", "nonInterestIncome": "10850000000", "otherNonOperatingIncome": "51000000", "depreciation": "None", "depreciationAndAmortization": "91000000", "incomeBeforeTax": "330000000", "incomeTaxExpense": "125000000", "interestAndDebtExpense": "65000000", "netIncomeFromContinuingOperations": "205000000", "comprehensiveIncomeNetOfTax": "213000000", "ebit": "395000000", "ebitda": "486000000", "netIncome": "205000000"}, {"fiscalDateEnding": "2017-06-30", "reportedCurrency": "USD", "grossProfit": "10394000000", "totalRevenue": "11954000000", "costOfRevenue": "1560000000", "costofGoodsAndServicesSold": "456000000", "operatingIncome": "438000000", "sellingGeneralAndAdministrative": "1065000000", "researchAndDevelopment": "None", "operatingExpenses": "1104000000", "investmentIncomeNet": "None", "netInterestIncome": "-62000000", "interestIncome": "None", "interestExpense": "62000000", "nonInterestIncome": "10905000000", "otherNonOperatingIncome": "45000000", "depreciation": "None", "depreciationAndAmortization": "87000000", "incomeBeforeTax": "423000000", "incomeTaxExpense": "169000000", "interestAndDebtExpense": "62000000", "netIncomeFromContinuingOperations": "254000000", "comprehensiveIncomeNetOfTax": "276000000", "ebit": "485000000", "ebitda": "572000000", "netIncome": "254000000"}, {"fiscalDateEnding": "2017-03-31", "reportedCurrency": "USD", "grossProfit": "10106000000", "totalRevenue": "11724000000", "costOfRevenue": "1618000000", "costofGoodsAndServicesSold": "441000000", "operatingIncome": "240000000", "sellingGeneralAndAdministrative": "1091000000", "researchAndDevelopment": "None", "operatingExpenses": "1177000000", "investmentIncomeNet": "None", "netInterestIncome": "-62000000", "interestIncome": "None", "interestExpense": "62000000", "nonInterestIncome": "10638000000", "otherNonOperatingIncome": "41000000", "depreciation": "None", "depreciationAndAmortization": "86000000", "incomeBeforeTax": "226000000", "incomeTaxExpense": "87000000", "interestAndDebtExpense": "62000000", "netIncomeFromContinuingOperations": "139000000", "comprehensiveIncomeNetOfTax": "154000000", "ebit": "288000000", "ebitda": "374000000", "netIncome": "139000000"}, {"fiscalDateEnding": "2016-12-31", "reportedCurrency": "USD", "grossProfit": "11911000000", "totalRevenue": "11911000000", "costOfRevenue": "1632000000", "costofGoodsAndServicesSold": "478000000", "operatingIncome": "524000000", "sellingGeneralAndAdministrative": "1062000000", "researchAndDevelopment": "None", "operatingExpenses": "1154000000", "investmentIncomeNet": "None", "netInterestIncome": "-75000000", "interestIncome": "None", "interestExpense": "75000000", "nonInterestIncome": "10100000000", "otherNonOperatingIncome": "34000000", "depreciation": "None", "depreciationAndAmortization": "89000000", "incomeBeforeTax": "488000000", "incomeTaxExpense": "227000000", "interestAndDebtExpense": "75000000", "netIncomeFromContinuingOperations": "255000000", "comprehensiveIncomeNetOfTax": "179000000", "ebit": "563000000", "ebitda": "652000000", "netIncome": "261000000"}]}