{"symbol": "CNP", "annualReports": [{"fiscalDateEnding": "2020-12-31", "reportedCurrency": "USD", "grossProfit": "6283000000", "totalRevenue": "7418000000", "costOfRevenue": "1135000000", "costofGoodsAndServicesSold": "257000000", "operatingIncome": "1039000000", "sellingGeneralAndAdministrative": "516000000", "researchAndDevelopment": "None", "operatingExpenses": "898000000", "investmentIncomeNet": "None", "netInterestIncome": "-28000000", "interestIncome": "4000000", "interestExpense": "28000000", "nonInterestIncome": "7288000000", "otherNonOperatingIncome": "60000000", "depreciation": "961000000", "depreciationAndAmortization": "157000000", "incomeBeforeTax": "-1047000000", "incomeTaxExpense": "-274000000", "interestAndDebtExpense": "501000000", "netIncomeFromContinuingOperations": "-591000000", "comprehensiveIncomeNetOfTax": "-941000000", "ebit": "1039000000", "ebitda": "-862000000", "netIncome": "-773000000"}, {"fiscalDateEnding": "2019-12-31", "reportedCurrency": "USD", "grossProfit": "7431000000", "totalRevenue": "7564000000", "costOfRevenue": "4870000000", "costofGoodsAndServicesSold": "257000000", "operatingIncome": "1071000000", "sellingGeneralAndAdministrative": "478000000", "researchAndDevelopment": "None", "operatingExpenses": "853000000", "investmentIncomeNet": "None", "netInterestIncome": "-34000000", "interestIncome": "22000000", "interestExpense": "34000000", "nonInterestIncome": "9073000000", "otherNonOperatingIncome": "28000000", "depreciation": "879000000", "depreciationAndAmortization": "295000000", "incomeBeforeTax": "883000000", "incomeTaxExpense": "92000000", "interestAndDebtExpense": "528000000", "netIncomeFromContinuingOperations": "682000000", "comprehensiveIncomeNetOfTax": "684000000", "ebit": "1071000000", "ebitda": "1212000000", "netIncome": "791000000"}, {"fiscalDateEnding": "2018-12-31", "reportedCurrency": "USD", "grossProfit": "5256000000", "totalRevenue": "6277000000", "costOfRevenue": "5333000000", "costofGoodsAndServicesSold": "40000000", "operatingIncome": "868000000", "sellingGeneralAndAdministrative": "415000000", "researchAndDevelopment": "None", "operatingExpenses": "982000000", "investmentIncomeNet": "None", "netInterestIncome": "-48000000", "interestIncome": "-599000000", "interestExpense": "48000000", "nonInterestIncome": "6622000000", "otherNonOperatingIncome": "22000000", "depreciation": "623000000", "depreciationAndAmortization": "541000000", "incomeBeforeTax": "523000000", "incomeTaxExpense": "155000000", "interestAndDebtExpense": "361000000", "netIncomeFromContinuingOperations": "396000000", "comprehensiveIncomeNetOfTax": "308000000", "ebit": "868000000", "ebitda": "1112000000", "netIncome": "368000000"}, {"fiscalDateEnding": "2017-12-31", "reportedCurrency": "USD", "grossProfit": "5404000000", "totalRevenue": "9614000000", "costOfRevenue": "4210000000", "costofGoodsAndServicesSold": "3785000000", "operatingIncome": "1136000000", "sellingGeneralAndAdministrative": "404000000", "researchAndDevelopment": "None", "operatingExpenses": "439000000", "investmentIncomeNet": "None", "netInterestIncome": "-24000000", "interestIncome": "-20000000", "interestExpense": "24000000", "nonInterestIncome": "188000000", "otherNonOperatingIncome": "-4000000", "depreciation": "619000000", "depreciationAndAmortization": "13000000", "incomeBeforeTax": "1063000000", "incomeTaxExpense": "-729000000", "interestAndDebtExpense": "313000000", "netIncomeFromContinuingOperations": "1792000000", "comprehensiveIncomeNetOfTax": "1795000000", "ebit": "1136000000", "ebitda": "1100000000", "netIncome": "1792000000"}, {"fiscalDateEnding": "2016-12-31", "reportedCurrency": "USD", "grossProfit": "5099000000", "totalRevenue": "7528000000", "costOfRevenue": "2429000000", "costofGoodsAndServicesSold": "1983000000", "operatingIncome": "1023000000", "sellingGeneralAndAdministrative": "435000000", "researchAndDevelopment": "None", "operatingExpenses": "452000000", "investmentIncomeNet": "None", "netInterestIncome": "-34000000", "interestIncome": "-721000000", "interestExpense": "34000000", "nonInterestIncome": "-361000000", "otherNonOperatingIncome": "-29000000", "depreciation": "607000000", "depreciationAndAmortization": "4000000", "incomeBeforeTax": "686000000", "incomeTaxExpense": "254000000", "interestAndDebtExpense": "338000000", "netIncomeFromContinuingOperations": "432000000", "comprehensiveIncomeNetOfTax": "427000000", "ebit": "1023000000", "ebitda": "724000000", "netIncome": "432000000"}], "quarterlyReports": [{"fiscalDateEnding": "2021-09-30", "reportedCurrency": "USD", "grossProfit": "1563000000", "totalRevenue": "1749000000", "costOfRevenue": "186000000", "costofGoodsAndServicesSold": "61000000", "operatingIncome": "278000000", "sellingGeneralAndAdministrative": "125000000", "researchAndDevelopment": "None", "operatingExpenses": "125000000", "investmentIncomeNet": "None", "netInterestIncome": "-12000000", "interestIncome": "-120000000", "interestExpense": "12000000", "nonInterestIncome": "1740000000", "otherNonOperatingIncome": "17000000", "depreciation": "None", "depreciationAndAmortization": "354000000", "incomeBeforeTax": "251000000", "incomeTaxExpense": "33000000", "interestAndDebtExpense": "114000000", "netIncomeFromContinuingOperations": "150000000", "comprehensiveIncomeNetOfTax": "200000000", "ebit": "278000000", "ebitda": "724000000", "netIncome": "218000000"}, {"fiscalDateEnding": "2021-06-30", "reportedCurrency": "USD", "grossProfit": "1558000000", "totalRevenue": "1742000000", "costOfRevenue": "184000000", "costofGoodsAndServicesSold": "58000000", "operatingIncome": "296000000", "sellingGeneralAndAdministrative": "126000000", "researchAndDevelopment": "None", "operatingExpenses": "126000000", "investmentIncomeNet": "None", "netInterestIncome": "-8000000", "interestIncome": "-59000000", "interestExpense": "8000000", "nonInterestIncome": "1638000000", "otherNonOperatingIncome": "11000000", "depreciation": "None", "depreciationAndAmortization": "554000000", "incomeBeforeTax": "248000000", "incomeTaxExpense": "-3000000", "interestAndDebtExpense": "119000000", "netIncomeFromContinuingOperations": "251000000", "comprehensiveIncomeNetOfTax": "223000000", "ebit": "296000000", "ebitda": "926000000", "netIncome": "251000000"}, {"fiscalDateEnding": "2021-03-31", "reportedCurrency": "USD", "grossProfit": "2364000000", "totalRevenue": "2547000000", "costOfRevenue": "183000000", "costofGoodsAndServicesSold": "40000000", "operatingIncome": "453000000", "sellingGeneralAndAdministrative": "143000000", "researchAndDevelopment": "None", "operatingExpenses": "143000000", "investmentIncomeNet": "None", "netInterestIncome": "-7000000", "interestIncome": "-8000000", "interestExpense": "7000000", "nonInterestIncome": "2567000000", "otherNonOperatingIncome": "-8000000", "depreciation": "None", "depreciationAndAmortization": "80000000", "incomeBeforeTax": "437000000", "incomeTaxExpense": "74000000", "interestAndDebtExpense": "113000000", "netIncomeFromContinuingOperations": "363000000", "comprehensiveIncomeNetOfTax": "337000000", "ebit": "453000000", "ebitda": "636000000", "netIncome": "363000000"}, {"fiscalDateEnding": "2020-12-31", "reportedCurrency": "USD", "grossProfit": "1688000000", "totalRevenue": "2054000000", "costOfRevenue": "366000000", "costofGoodsAndServicesSold": "61000000", "operatingIncome": "285000000", "sellingGeneralAndAdministrative": "129000000", "researchAndDevelopment": "None", "operatingExpenses": "325000000", "investmentIncomeNet": "None", "netInterestIncome": "-5000000", "interestIncome": "1000000", "interestExpense": "5000000", "nonInterestIncome": "1996000000", "otherNonOperatingIncome": "16000000", "depreciation": "None", "depreciationAndAmortization": "156000000", "incomeBeforeTax": "254000000", "incomeTaxExpense": "54000000", "interestAndDebtExpense": "113000000", "netIncomeFromContinuingOperations": "200000000", "comprehensiveIncomeNetOfTax": "143000000", "ebit": "285000000", "ebitda": "415000000", "netIncome": "200000000"}, {"fiscalDateEnding": "2020-09-30", "reportedCurrency": "USD", "grossProfit": "1437000000", "totalRevenue": "1622000000", "costOfRevenue": "185000000", "costofGoodsAndServicesSold": "63000000", "operatingIncome": "302000000", "sellingGeneralAndAdministrative": "122000000", "researchAndDevelopment": "None", "operatingExpenses": "122000000", "investmentIncomeNet": "None", "netInterestIncome": "259000000", "interestIncome": "-195000000", "interestExpense": "-259000000", "nonInterestIncome": "1526000000", "otherNonOperatingIncome": "11000000", "depreciation": "None", "depreciationAndAmortization": "0", "incomeBeforeTax": "111000000", "incomeTaxExpense": "-15000000", "interestAndDebtExpense": "121000000", "netIncomeFromContinuingOperations": "199000000", "comprehensiveIncomeNetOfTax": "71000000", "ebit": "302000000", "ebitda": "-148000000", "netIncome": "121000000"}, {"fiscalDateEnding": "2020-06-30", "reportedCurrency": "USD", "grossProfit": "1377000000", "totalRevenue": "1575000000", "costOfRevenue": "198000000", "costofGoodsAndServicesSold": "69000000", "operatingIncome": "235000000", "sellingGeneralAndAdministrative": "129000000", "researchAndDevelopment": "None", "operatingExpenses": "129000000", "investmentIncomeNet": "None", "netInterestIncome": "-128000000", "interestIncome": "1000000", "interestExpense": "128000000", "nonInterestIncome": "1490000000", "otherNonOperatingIncome": "22000000", "depreciation": "None", "depreciationAndAmortization": "0", "incomeBeforeTax": "134000000", "incomeTaxExpense": "29000000", "interestAndDebtExpense": "128000000", "netIncomeFromContinuingOperations": "135000000", "comprehensiveIncomeNetOfTax": "75000000", "ebit": "235000000", "ebitda": "262000000", "netIncome": "105000000"}, {"fiscalDateEnding": "2020-03-31", "reportedCurrency": "USD", "grossProfit": "1781000000", "totalRevenue": "2167000000", "costOfRevenue": "386000000", "costofGoodsAndServicesSold": "64000000", "operatingIncome": "217000000", "sellingGeneralAndAdministrative": "136000000", "researchAndDevelopment": "None", "operatingExpenses": "322000000", "investmentIncomeNet": "None", "netInterestIncome": "-146000000", "interestIncome": "1000000", "interestExpense": "146000000", "nonInterestIncome": "2351000000", "otherNonOperatingIncome": "14000000", "depreciation": "None", "depreciationAndAmortization": "1000000", "incomeBeforeTax": "-1546000000", "incomeTaxExpense": "-347000000", "interestAndDebtExpense": "139000000", "netIncomeFromContinuingOperations": "-1053000000", "comprehensiveIncomeNetOfTax": "-1230000000", "ebit": "217000000", "ebitda": "-1399000000", "netIncome": "-1199000000"}, {"fiscalDateEnding": "2019-12-31", "reportedCurrency": "USD", "grossProfit": "3230000000", "totalRevenue": "3230000000", "costOfRevenue": "1485000000", "costofGoodsAndServicesSold": "69000000", "operatingIncome": "302000000", "sellingGeneralAndAdministrative": "125000000", "researchAndDevelopment": "None", "operatingExpenses": "481000000", "investmentIncomeNet": "None", "netInterestIncome": "-7000000", "interestIncome": "-206000000", "interestExpense": "7000000", "nonInterestIncome": "2442000000", "otherNonOperatingIncome": "8000000", "depreciation": "None", "depreciationAndAmortization": "276000000", "incomeBeforeTax": "174000000", "incomeTaxExpense": "17000000", "interestAndDebtExpense": "139000000", "netIncomeFromContinuingOperations": "137000000", "comprehensiveIncomeNetOfTax": "137000000", "ebit": "302000000", "ebitda": "457000000", "netIncome": "157000000"}, {"fiscalDateEnding": "2019-09-30", "reportedCurrency": "USD", "grossProfit": "1776000000", "totalRevenue": "1658000000", "costOfRevenue": "966000000", "costofGoodsAndServicesSold": "80000000", "operatingIncome": "357000000", "sellingGeneralAndAdministrative": "114000000", "researchAndDevelopment": "None", "operatingExpenses": "114000000", "investmentIncomeNet": "None", "netInterestIncome": "-8000000", "interestIncome": "-131000000", "interestExpense": "8000000", "nonInterestIncome": "2100000000", "otherNonOperatingIncome": "5000000", "depreciation": "None", "depreciationAndAmortization": "7000000", "incomeBeforeTax": "316000000", "incomeTaxExpense": "46000000", "interestAndDebtExpense": "134000000", "netIncomeFromContinuingOperations": "251000000", "comprehensiveIncomeNetOfTax": "239000000", "ebit": "357000000", "ebitda": "331000000", "netIncome": "270000000"}, {"fiscalDateEnding": "2019-06-30", "reportedCurrency": "USD", "grossProfit": "1775000000", "totalRevenue": "1658000000", "costOfRevenue": "1023000000", "costofGoodsAndServicesSold": "61000000", "operatingIncome": "229000000", "sellingGeneralAndAdministrative": "113000000", "researchAndDevelopment": "None", "operatingExpenses": "113000000", "investmentIncomeNet": "None", "netInterestIncome": "-134000000", "interestIncome": "-142000000", "interestExpense": "134000000", "nonInterestIncome": "2074000000", "otherNonOperatingIncome": "9000000", "depreciation": "None", "depreciationAndAmortization": "3000000", "incomeBeforeTax": "210000000", "incomeTaxExpense": "15000000", "interestAndDebtExpense": "134000000", "netIncomeFromContinuingOperations": "151000000", "comprehensiveIncomeNetOfTax": "167000000", "ebit": "229000000", "ebitda": "347000000", "netIncome": "195000000"}, {"fiscalDateEnding": "2019-03-31", "reportedCurrency": "USD", "grossProfit": "2145000000", "totalRevenue": "2229000000", "costOfRevenue": "1386000000", "costofGoodsAndServicesSold": "47000000", "operatingIncome": "211000000", "sellingGeneralAndAdministrative": "126000000", "researchAndDevelopment": "None", "operatingExpenses": "135000000", "investmentIncomeNet": "None", "netInterestIncome": "-12000000", "interestIncome": "-146000000", "interestExpense": "12000000", "nonInterestIncome": "2457000000", "otherNonOperatingIncome": "6000000", "depreciation": "None", "depreciationAndAmortization": "9000000", "incomeBeforeTax": "183000000", "incomeTaxExpense": "14000000", "interestAndDebtExpense": "121000000", "netIncomeFromContinuingOperations": "143000000", "comprehensiveIncomeNetOfTax": "141000000", "ebit": "211000000", "ebitda": "204000000", "netIncome": "169000000"}, {"fiscalDateEnding": "2018-12-31", "reportedCurrency": "USD", "grossProfit": "3036000000", "totalRevenue": "3036000000", "costOfRevenue": "2092000000", "costofGoodsAndServicesSold": "-2887000000", "operatingIncome": "167000000", "sellingGeneralAndAdministrative": "108000000", "researchAndDevelopment": "None", "operatingExpenses": "668000000", "investmentIncomeNet": "None", "netInterestIncome": "-14000000", "interestIncome": "None", "interestExpense": "14000000", "nonInterestIncome": "1908000000", "otherNonOperatingIncome": "6000000", "depreciation": "None", "depreciationAndAmortization": "534000000", "incomeBeforeTax": "190000000", "incomeTaxExpense": "70000000", "interestAndDebtExpense": "102000000", "netIncomeFromContinuingOperations": "148000000", "comprehensiveIncomeNetOfTax": "50000000", "ebit": "167000000", "ebitda": "738000000", "netIncome": "120000000"}, {"fiscalDateEnding": "2018-09-30", "reportedCurrency": "USD", "grossProfit": "1251000000", "totalRevenue": "2212000000", "costOfRevenue": "961000000", "costofGoodsAndServicesSold": "864000000", "operatingIncome": "226000000", "sellingGeneralAndAdministrative": "95000000", "researchAndDevelopment": "None", "operatingExpenses": "97000000", "investmentIncomeNet": "None", "netInterestIncome": "-16000000", "interestIncome": "None", "interestExpense": "16000000", "nonInterestIncome": "1343000000", "otherNonOperatingIncome": "9000000", "depreciation": "None", "depreciationAndAmortization": "2000000", "incomeBeforeTax": "209000000", "incomeTaxExpense": "51000000", "interestAndDebtExpense": "90000000", "netIncomeFromContinuingOperations": "158000000", "comprehensiveIncomeNetOfTax": "162000000", "ebit": "226000000", "ebitda": "227000000", "netIncome": "158000000"}, {"fiscalDateEnding": "2018-06-30", "reportedCurrency": "USD", "grossProfit": "1293000000", "totalRevenue": "2186000000", "costOfRevenue": "893000000", "costofGoodsAndServicesSold": "790000000", "operatingIncome": "187000000", "sellingGeneralAndAdministrative": "101000000", "researchAndDevelopment": "None", "operatingExpenses": "103000000", "investmentIncomeNet": "None", "netInterestIncome": "-12000000", "interestIncome": "None", "interestExpense": "12000000", "nonInterestIncome": "1197000000", "otherNonOperatingIncome": "4000000", "depreciation": "None", "depreciationAndAmortization": "2000000", "incomeBeforeTax": "-88000000", "incomeTaxExpense": "-13000000", "interestAndDebtExpense": "91000000", "netIncomeFromContinuingOperations": "-75000000", "comprehensiveIncomeNetOfTax": "-74000000", "ebit": "187000000", "ebitda": "-74000000", "netIncome": "-75000000"}, {"fiscalDateEnding": "2018-03-31", "reportedCurrency": "USD", "grossProfit": "1767000000", "totalRevenue": "3155000000", "costOfRevenue": "1388000000", "costofGoodsAndServicesSold": "1273000000", "operatingIncome": "251000000", "sellingGeneralAndAdministrative": "111000000", "researchAndDevelopment": "None", "operatingExpenses": "114000000", "investmentIncomeNet": "None", "netInterestIncome": "-6000000", "interestIncome": "None", "interestExpense": "6000000", "nonInterestIncome": "2096000000", "otherNonOperatingIncome": "3000000", "depreciation": "None", "depreciationAndAmortization": "3000000", "incomeBeforeTax": "212000000", "incomeTaxExpense": "47000000", "interestAndDebtExpense": "78000000", "netIncomeFromContinuingOperations": "165000000", "comprehensiveIncomeNetOfTax": "170000000", "ebit": "251000000", "ebitda": "221000000", "netIncome": "165000000"}, {"fiscalDateEnding": "2017-12-31", "reportedCurrency": "USD", "grossProfit": "2638000000", "totalRevenue": "2638000000", "costOfRevenue": "1079000000", "costofGoodsAndServicesSold": "942000000", "operatingIncome": "308000000", "sellingGeneralAndAdministrative": "116000000", "researchAndDevelopment": "None", "operatingExpenses": "151000000", "investmentIncomeNet": "None", "netInterestIncome": "-6000000", "interestIncome": "None", "interestExpense": "6000000", "nonInterestIncome": "176000000", "otherNonOperatingIncome": "-2000000", "depreciation": "None", "depreciationAndAmortization": "8000000", "incomeBeforeTax": "286000000", "incomeTaxExpense": "-1010000000", "interestAndDebtExpense": "78000000", "netIncomeFromContinuingOperations": "296000000", "comprehensiveIncomeNetOfTax": "1300000000", "ebit": "308000000", "ebitda": "300000000", "netIncome": "1296000000"}, {"fiscalDateEnding": "2017-09-30", "reportedCurrency": "USD", "grossProfit": "1173000000", "totalRevenue": "2098000000", "costOfRevenue": "925000000", "costofGoodsAndServicesSold": "832000000", "operatingIncome": "297000000", "sellingGeneralAndAdministrative": "93000000", "researchAndDevelopment": "None", "operatingExpenses": "93000000", "investmentIncomeNet": "None", "netInterestIncome": "-6000000", "interestIncome": "None", "interestExpense": "6000000", "nonInterestIncome": "-15000000", "otherNonOperatingIncome": "-1000000", "depreciation": "None", "depreciationAndAmortization": "2000000", "incomeBeforeTax": "267000000", "incomeTaxExpense": "98000000", "interestAndDebtExpense": "80000000", "netIncomeFromContinuingOperations": "169000000", "comprehensiveIncomeNetOfTax": "167000000", "ebit": "297000000", "ebitda": "275000000", "netIncome": "169000000"}, {"fiscalDateEnding": "2017-06-30", "reportedCurrency": "USD", "grossProfit": "1162000000", "totalRevenue": "2143000000", "costOfRevenue": "981000000", "costofGoodsAndServicesSold": "882000000", "operatingIncome": "240000000", "sellingGeneralAndAdministrative": "99000000", "researchAndDevelopment": "None", "operatingExpenses": "99000000", "investmentIncomeNet": "None", "netInterestIncome": "-6000000", "interestIncome": "None", "interestExpense": "6000000", "nonInterestIncome": "14000000", "otherNonOperatingIncome": "-1000000", "depreciation": "None", "depreciationAndAmortization": "1000000", "incomeBeforeTax": "211000000", "incomeTaxExpense": "76000000", "interestAndDebtExpense": "77000000", "netIncomeFromContinuingOperations": "135000000", "comprehensiveIncomeNetOfTax": "136000000", "ebit": "240000000", "ebitda": "218000000", "netIncome": "135000000"}, {"fiscalDateEnding": "2017-03-31", "reportedCurrency": "USD", "grossProfit": "1510000000", "totalRevenue": "2735000000", "costOfRevenue": "1225000000", "costofGoodsAndServicesSold": "1129000000", "operatingIncome": "291000000", "sellingGeneralAndAdministrative": "96000000", "researchAndDevelopment": "None", "operatingExpenses": "96000000", "investmentIncomeNet": "None", "netInterestIncome": "-6000000", "interestIncome": "None", "interestExpense": "6000000", "nonInterestIncome": "19000000", "otherNonOperatingIncome": "0", "depreciation": "None", "depreciationAndAmortization": "2000000", "incomeBeforeTax": "299000000", "incomeTaxExpense": "107000000", "interestAndDebtExpense": "78000000", "netIncomeFromContinuingOperations": "192000000", "comprehensiveIncomeNetOfTax": "192000000", "ebit": "291000000", "ebitda": "307000000", "netIncome": "192000000"}, {"fiscalDateEnding": "2016-12-31", "reportedCurrency": "USD", "grossProfit": "2081000000", "totalRevenue": "2081000000", "costOfRevenue": "109000000", "costofGoodsAndServicesSold": "-49000000", "operatingIncome": "243000000", "sellingGeneralAndAdministrative": "147000000", "researchAndDevelopment": "None", "operatingExpenses": "164000000", "investmentIncomeNet": "None", "netInterestIncome": "-15000000", "interestIncome": "None", "interestExpense": "15000000", "nonInterestIncome": "-139000000", "otherNonOperatingIncome": "-70000000", "depreciation": "None", "depreciationAndAmortization": "253000000", "incomeBeforeTax": "162000000", "incomeTaxExpense": "61000000", "interestAndDebtExpense": "82000000", "netIncomeFromContinuingOperations": "243000000", "comprehensiveIncomeNetOfTax": "94000000", "ebit": "243000000", "ebitda": "518000000", "netIncome": "101000000"}]}