{"symbol": "CRM", "annualReports": [{"fiscalDateEnding": "2021-01-31", "reportedCurrency": "USD", "grossProfit": "15814000000", "totalRevenue": "22027000000", "costOfRevenue": "20261000000", "costofGoodsAndServicesSold": "5438000000", "operatingIncome": "455000000", "sellingGeneralAndAdministrative": "11761000000", "researchAndDevelopment": "3598000000", "operatingExpenses": "15359000000", "investmentIncomeNet": "None", "netInterestIncome": "-125000000", "interestIncome": "2170000000", "interestExpense": "125000000", "nonInterestIncome": "22152000000", "otherNonOperatingIncome": "-64000000", "depreciation": "None", "depreciationAndAmortization": "2846000000", "incomeBeforeTax": "2561000000", "incomeTaxExpense": "-1511000000", "interestAndDebtExpense": "125000000", "netIncomeFromContinuingOperations": "4072000000", "comprehensiveIncomeNetOfTax": "4123000000", "ebit": "455000000", "ebitda": "5532000000", "netIncome": "4072000000"}, {"fiscalDateEnding": "2020-01-31", "reportedCurrency": "USD", "grossProfit": "12863000000", "totalRevenue": "17321000000", "costOfRevenue": "16004000000", "costofGoodsAndServicesSold": "4235000000", "operatingIncome": "297000000", "sellingGeneralAndAdministrative": "9634000000", "researchAndDevelopment": "2766000000", "operatingExpenses": "12566000000", "investmentIncomeNet": "118000000", "netInterestIncome": "-130000000", "interestIncome": "415000000", "interestExpense": "130000000", "nonInterestIncome": "17451000000", "otherNonOperatingIncome": "-18000000", "depreciation": "None", "depreciationAndAmortization": "2135000000", "incomeBeforeTax": "706000000", "incomeTaxExpense": "580000000", "interestAndDebtExpense": "130000000", "netIncomeFromContinuingOperations": "126000000", "comprehensiveIncomeNetOfTax": "91000000", "ebit": "297000000", "ebitda": "2971000000", "netIncome": "126000000"}, {"fiscalDateEnding": "2019-01-31", "reportedCurrency": "USD", "grossProfit": "9831000000", "totalRevenue": "13592000000", "costOfRevenue": "11823000000", "costofGoodsAndServicesSold": "3451000000", "operatingIncome": "535000000", "sellingGeneralAndAdministrative": "7410000000", "researchAndDevelopment": "1886000000", "operatingExpenses": "9296000000", "investmentIncomeNet": "57000000", "netInterestIncome": "-154000000", "interestIncome": "61000000", "interestExpense": "154000000", "nonInterestIncome": "13282000000", "otherNonOperatingIncome": "-94000000", "depreciation": "None", "depreciationAndAmortization": "982000000", "incomeBeforeTax": "983000000", "incomeTaxExpense": "-127000000", "interestAndDebtExpense": "154000000", "netIncomeFromContinuingOperations": "1110000000", "comprehensiveIncomeNetOfTax": "1071000000", "ebit": "1137000000", "ebitda": "2119000000", "netIncome": "1110000000"}, {"fiscalDateEnding": "2018-01-31", "reportedCurrency": "USD", "grossProfit": "7767000000", "totalRevenue": "10393069000", "costOfRevenue": "9443771000", "costofGoodsAndServicesSold": "2773000000", "operatingIncome": "454000000", "sellingGeneralAndAdministrative": "5917649000", "researchAndDevelopment": "1553000000", "operatingExpenses": "7313000000", "investmentIncomeNet": "36000000", "netInterestIncome": "-86943000", "interestIncome": "57000", "interestExpense": "87000000", "nonInterestIncome": "21080000000", "otherNonOperatingIncome": "-53000000", "depreciation": "None", "depreciationAndAmortization": "784000000", "incomeBeforeTax": "420000000", "incomeTaxExpense": "60000000", "interestAndDebtExpense": "86943000", "netIncomeFromContinuingOperations": "127478000", "comprehensiveIncomeNetOfTax": "434000000", "ebit": "507000000", "ebitda": "1291000000", "netIncome": "360000000"}, {"fiscalDateEnding": "2017-01-31", "reportedCurrency": "USD", "grossProfit": "6203000000", "totalRevenue": "8391984000", "costOfRevenue": "2188984000", "costofGoodsAndServicesSold": "2234000000", "operatingIncome": "218000000", "sellingGeneralAndAdministrative": "4885590000", "researchAndDevelopment": "1208000000", "operatingExpenses": "5985000000", "investmentIncomeNet": "27000000", "netInterestIncome": "-88988000", "interestIncome": "12000", "interestExpense": "89000000", "nonInterestIncome": "0", "otherNonOperatingIncome": "-8000000", "depreciation": "None", "depreciationAndAmortization": "632000000", "incomeBeforeTax": "179000000", "incomeTaxExpense": "-144000000", "interestAndDebtExpense": "88988000", "netIncomeFromContinuingOperations": "179632000", "comprehensiveIncomeNetOfTax": "287000000", "ebit": "268000000", "ebitda": "900000000", "netIncome": "323000000"}], "quarterlyReports": [{"fiscalDateEnding": "2021-07-31", "reportedCurrency": "USD", "grossProfit": "4727000000", "totalRevenue": "7085000000", "costOfRevenue": "5707000000", "costofGoodsAndServicesSold": "1613000000", "operatingIncome": "332000000", "sellingGeneralAndAdministrative": "3375000000", "researchAndDevelopment": "1020000000", "operatingExpenses": "4395000000", "investmentIncomeNet": "None", "netInterestIncome": "-40000000", "interestIncome": "506000000", "interestExpense": "40000000", "nonInterestIncome": "6978000000", "otherNonOperatingIncome": "-32000000", "depreciation": "None", "depreciationAndAmortization": "719000000", "incomeBeforeTax": "826000000", "incomeTaxExpense": "291000000", "interestAndDebtExpense": "40000000", "netIncomeFromContinuingOperations": "535000000", "comprehensiveIncomeNetOfTax": "519000000", "ebit": "332000000", "ebitda": "1585000000", "netIncome": "535000000"}, {"fiscalDateEnding": "2021-04-30", "reportedCurrency": "USD", "grossProfit": "4408000000", "totalRevenue": "6369000000", "costOfRevenue": "5343000000", "costofGoodsAndServicesSold": "1555000000", "operatingIncome": "354000000", "sellingGeneralAndAdministrative": "3103000000", "researchAndDevelopment": "951000000", "operatingExpenses": "4054000000", "investmentIncomeNet": "None", "netInterestIncome": "-33000000", "interestIncome": "269000000", "interestExpense": "33000000", "nonInterestIncome": "6392000000", "otherNonOperatingIncome": "-38000000", "depreciation": "None", "depreciationAndAmortization": "685000000", "incomeBeforeTax": "604000000", "incomeTaxExpense": "135000000", "interestAndDebtExpense": "33000000", "netIncomeFromContinuingOperations": "469000000", "comprehensiveIncomeNetOfTax": "443000000", "ebit": "354000000", "ebitda": "1322000000", "netIncome": "469000000"}, {"fiscalDateEnding": "2021-01-31", "reportedCurrency": "USD", "grossProfit": "4338000000", "totalRevenue": "6122000000", "costOfRevenue": "5770000000", "costofGoodsAndServicesSold": "1479000000", "operatingIncome": "193000000", "sellingGeneralAndAdministrative": "3206000000", "researchAndDevelopment": "939000000", "operatingExpenses": "4145000000", "investmentIncomeNet": "None", "netInterestIncome": "-50000000", "interestIncome": "260000000", "interestExpense": "50000000", "nonInterestIncome": "6172000000", "otherNonOperatingIncome": "-28000000", "depreciation": "None", "depreciationAndAmortization": "869000000", "incomeBeforeTax": "456000000", "incomeTaxExpense": "189000000", "interestAndDebtExpense": "50000000", "netIncomeFromContinuingOperations": "236000000", "comprehensiveIncomeNetOfTax": "309000000", "ebit": "193000000", "ebitda": "1375000000", "netIncome": "267000000"}, {"fiscalDateEnding": "2020-10-31", "reportedCurrency": "USD", "grossProfit": "4025000000", "totalRevenue": "5412000000", "costOfRevenue": "4963000000", "costofGoodsAndServicesSold": "1394000000", "operatingIncome": "224000000", "sellingGeneralAndAdministrative": "2899000000", "researchAndDevelopment": "902000000", "operatingExpenses": "3801000000", "investmentIncomeNet": "19000000", "netInterestIncome": "-25000000", "interestIncome": "1030000000", "interestExpense": "25000000", "nonInterestIncome": "5437000000", "otherNonOperatingIncome": "-10000000", "depreciation": "None", "depreciationAndAmortization": "670000000", "incomeBeforeTax": "1250000000", "incomeTaxExpense": "169000000", "interestAndDebtExpense": "25000000", "netIncomeFromContinuingOperations": "1081000000", "comprehensiveIncomeNetOfTax": "1065000000", "ebit": "224000000", "ebitda": "1945000000", "netIncome": "1081000000"}, {"fiscalDateEnding": "2020-07-31", "reportedCurrency": "USD", "grossProfit": "3840000000", "totalRevenue": "5294000000", "costOfRevenue": "4724000000", "costofGoodsAndServicesSold": "1311000000", "operatingIncome": "178000000", "sellingGeneralAndAdministrative": "2764000000", "researchAndDevelopment": "898000000", "operatingExpenses": "3662000000", "investmentIncomeNet": "19000000", "netInterestIncome": "-25000000", "interestIncome": "676000000", "interestExpense": "25000000", "nonInterestIncome": "5319000000", "otherNonOperatingIncome": "-21000000", "depreciation": "None", "depreciationAndAmortization": "649000000", "incomeBeforeTax": "839000000", "incomeTaxExpense": "-1786000000", "interestAndDebtExpense": "25000000", "netIncomeFromContinuingOperations": "2625000000", "comprehensiveIncomeNetOfTax": "2692000000", "ebit": "178000000", "ebitda": "1513000000", "netIncome": "2625000000"}, {"fiscalDateEnding": "2020-04-30", "reportedCurrency": "USD", "grossProfit": "3611000000", "totalRevenue": "5199000000", "costOfRevenue": "4804000000", "costofGoodsAndServicesSold": "1254000000", "operatingIncome": "-140000000", "sellingGeneralAndAdministrative": "2892000000", "researchAndDevelopment": "859000000", "operatingExpenses": "3751000000", "investmentIncomeNet": "28000000", "netInterestIncome": "-25000000", "interestIncome": "195000000", "interestExpense": "25000000", "nonInterestIncome": "5224000000", "otherNonOperatingIncome": "-5000000", "depreciation": "None", "depreciationAndAmortization": "658000000", "incomeBeforeTax": "47000000", "incomeTaxExpense": "-52000000", "interestAndDebtExpense": "25000000", "netIncomeFromContinuingOperations": "99000000", "comprehensiveIncomeNetOfTax": "57000000", "ebit": "-140000000", "ebitda": "730000000", "netIncome": "99000000"}, {"fiscalDateEnding": "2020-01-31", "reportedCurrency": "USD", "grossProfit": "3631000000", "totalRevenue": "4851000000", "costOfRevenue": "4689000000", "costofGoodsAndServicesSold": "1220000000", "operatingIncome": "-36000000", "sellingGeneralAndAdministrative": "2836000000", "researchAndDevelopment": "831000000", "operatingExpenses": "3667000000", "investmentIncomeNet": "29000000", "netInterestIncome": "-30000000", "interestIncome": "30000000", "interestExpense": "30000000", "nonInterestIncome": "4851000000", "otherNonOperatingIncome": "1000000", "depreciation": "None", "depreciationAndAmortization": "633000000", "incomeBeforeTax": "-4000000", "incomeTaxExpense": "244000000", "interestAndDebtExpense": "30000000", "netIncomeFromContinuingOperations": "-36000000", "comprehensiveIncomeNetOfTax": "-267000000", "ebit": "-36000000", "ebitda": "659000000", "netIncome": "-248000000"}, {"fiscalDateEnding": "2019-10-31", "reportedCurrency": "USD", "grossProfit": "3379000000", "totalRevenue": "4625000000", "costOfRevenue": "4282000000", "costofGoodsAndServicesSold": "1134000000", "operatingIncome": "65000000", "sellingGeneralAndAdministrative": "2540000000", "researchAndDevelopment": "774000000", "operatingExpenses": "3314000000", "investmentIncomeNet": "32000000", "netInterestIncome": "-31000000", "interestIncome": "7000000", "interestExpense": "31000000", "nonInterestIncome": "4665000000", "otherNonOperatingIncome": "-7000000", "depreciation": "None", "depreciationAndAmortization": "608000000", "incomeBeforeTax": "64000000", "incomeTaxExpense": "173000000", "interestAndDebtExpense": "31000000", "netIncomeFromContinuingOperations": "-109000000", "comprehensiveIncomeNetOfTax": "-106000000", "ebit": "65000000", "ebitda": "703000000", "netIncome": "-109000000"}, {"fiscalDateEnding": "2019-07-31", "reportedCurrency": "USD", "grossProfit": "3030000000", "totalRevenue": "4029000000", "costOfRevenue": "3623000000", "costofGoodsAndServicesSold": "967000000", "operatingIncome": "58000000", "sellingGeneralAndAdministrative": "2199000000", "researchAndDevelopment": "607000000", "operatingExpenses": "2972000000", "investmentIncomeNet": "31000000", "netInterestIncome": "-34000000", "interestIncome": "31000000", "interestExpense": "34000000", "nonInterestIncome": "3997000000", "otherNonOperatingIncome": "-3000000", "depreciation": "None", "depreciationAndAmortization": "457000000", "incomeBeforeTax": "164000000", "incomeTaxExpense": "73000000", "interestAndDebtExpense": "34000000", "netIncomeFromContinuingOperations": "91000000", "comprehensiveIncomeNetOfTax": "79000000", "ebit": "58000000", "ebitda": "655000000", "netIncome": "91000000"}, {"fiscalDateEnding": "2019-04-30", "reportedCurrency": "USD", "grossProfit": "2823000000", "totalRevenue": "3964000000", "costOfRevenue": "3410000000", "costofGoodsAndServicesSold": "914000000", "operatingIncome": "210000000", "sellingGeneralAndAdministrative": "2059000000", "researchAndDevelopment": "554000000", "operatingExpenses": "2613000000", "investmentIncomeNet": "26000000", "netInterestIncome": "-35000000", "interestIncome": "272000000", "interestExpense": "35000000", "nonInterestIncome": "3737000000", "otherNonOperatingIncome": "-9000000", "depreciation": "None", "depreciationAndAmortization": "437000000", "incomeBeforeTax": "482000000", "incomeTaxExpense": "90000000", "interestAndDebtExpense": "35000000", "netIncomeFromContinuingOperations": "392000000", "comprehensiveIncomeNetOfTax": "385000000", "ebit": "210000000", "ebitda": "954000000", "netIncome": "392000000"}, {"fiscalDateEnding": "2019-01-31", "reportedCurrency": "USD", "grossProfit": "2657000000", "totalRevenue": "3603000000", "costOfRevenue": "3221000000", "costofGoodsAndServicesSold": "946000000", "operatingIncome": "137000000", "sellingGeneralAndAdministrative": "2002000000", "researchAndDevelopment": "518000000", "operatingExpenses": "2520000000", "investmentIncomeNet": "16000000", "netInterestIncome": "-41000000", "interestIncome": "None", "interestExpense": "41000000", "nonInterestIncome": "3603000000", "otherNonOperatingIncome": "-23000000", "depreciation": "None", "depreciationAndAmortization": "275000000", "incomeBeforeTax": "239000000", "incomeTaxExpense": "-123000000", "interestAndDebtExpense": "41000000", "netIncomeFromContinuingOperations": "137000000", "comprehensiveIncomeNetOfTax": "378000000", "ebit": "280000000", "ebitda": "555000000", "netIncome": "362000000"}, {"fiscalDateEnding": "2018-10-31", "reportedCurrency": "USD", "grossProfit": "2503000000", "totalRevenue": "3356000000", "costOfRevenue": "3075000000", "costofGoodsAndServicesSold": "889000000", "operatingIncome": "92000000", "sellingGeneralAndAdministrative": "1930000000", "researchAndDevelopment": "481000000", "operatingExpenses": "2411000000", "investmentIncomeNet": "13000000", "netInterestIncome": "-40000000", "interestIncome": "None", "interestExpense": "40000000", "nonInterestIncome": "3392000000", "otherNonOperatingIncome": "-27000000", "depreciation": "None", "depreciationAndAmortization": "257000000", "incomeBeforeTax": "128000000", "incomeTaxExpense": "23000000", "interestAndDebtExpense": "40000000", "netIncomeFromContinuingOperations": "105000000", "comprehensiveIncomeNetOfTax": "81000000", "ebit": "168000000", "ebitda": "425000000", "netIncome": "105000000"}, {"fiscalDateEnding": "2018-07-31", "reportedCurrency": "USD", "grossProfit": "2432000000", "totalRevenue": "3384000000", "costOfRevenue": "2955000000", "costofGoodsAndServicesSold": "849000000", "operatingIncome": "115000000", "sellingGeneralAndAdministrative": "1854000000", "researchAndDevelopment": "463000000", "operatingExpenses": "2317000000", "investmentIncomeNet": "12000000", "netInterestIncome": "-39000000", "interestIncome": "None", "interestExpense": "39000000", "nonInterestIncome": "3281000000", "otherNonOperatingIncome": "-27000000", "depreciation": "None", "depreciationAndAmortization": "253000000", "incomeBeforeTax": "231000000", "incomeTaxExpense": "-68000000", "interestAndDebtExpense": "39000000", "netIncomeFromContinuingOperations": "299000000", "comprehensiveIncomeNetOfTax": "282000000", "ebit": "270000000", "ebitda": "523000000", "netIncome": "299000000"}, {"fiscalDateEnding": "2018-04-30", "reportedCurrency": "USD", "grossProfit": "2239000000", "totalRevenue": "6180000000", "costOfRevenue": "2572000000", "costofGoodsAndServicesSold": "767000000", "operatingIncome": "191000000", "sellingGeneralAndAdministrative": "1624000000", "researchAndDevelopment": "424000000", "operatingExpenses": "2048000000", "investmentIncomeNet": "16000000", "netInterestIncome": "-34000000", "interestIncome": "None", "interestExpense": "34000000", "nonInterestIncome": "3006000000", "otherNonOperatingIncome": "-17000000", "depreciation": "None", "depreciationAndAmortization": "197000000", "incomeBeforeTax": "385000000", "incomeTaxExpense": "41000000", "interestAndDebtExpense": "34000000", "netIncomeFromContinuingOperations": "344000000", "comprehensiveIncomeNetOfTax": "330000000", "ebit": "419000000", "ebitda": "616000000", "netIncome": "344000000"}, {"fiscalDateEnding": "2018-01-31", "reportedCurrency": "USD", "grossProfit": "2127000000", "totalRevenue": "2851003000", "costOfRevenue": "2564276000", "costofGoodsAndServicesSold": "738000000", "operatingIncome": "211000000", "sellingGeneralAndAdministrative": "1638795000", "researchAndDevelopment": "396000000", "operatingExpenses": "1916000000", "investmentIncomeNet": "12000000", "netInterestIncome": "-21561000", "interestIncome": "439000", "interestExpense": "22000000", "nonInterestIncome": "2865000000", "otherNonOperatingIncome": "-54000000", "depreciation": "None", "depreciationAndAmortization": "219000000", "incomeBeforeTax": "221000000", "incomeTaxExpense": "15000000", "interestAndDebtExpense": "21561000", "netIncomeFromContinuingOperations": "77869000", "comprehensiveIncomeNetOfTax": "192000000", "ebit": "243000000", "ebitda": "462000000", "netIncome": "206000000"}, {"fiscalDateEnding": "2017-10-31", "reportedCurrency": "USD", "grossProfit": "1987000000", "totalRevenue": "2658284000", "costOfRevenue": "2357401000", "costofGoodsAndServicesSold": "714000000", "operatingIncome": "155000000", "sellingGeneralAndAdministrative": "1455347000", "researchAndDevelopment": "394000000", "operatingExpenses": "1832000000", "investmentIncomeNet": "10000000", "netInterestIncome": "-21557000", "interestIncome": "-557000", "interestExpense": "21000000", "nonInterestIncome": "5402000000", "otherNonOperatingIncome": "1000000", "depreciation": "None", "depreciationAndAmortization": "188000000", "incomeBeforeTax": "146000000", "incomeTaxExpense": "39000000", "interestAndDebtExpense": "21557000", "netIncomeFromContinuingOperations": "51394000", "comprehensiveIncomeNetOfTax": "102000000", "ebit": "167000000", "ebitda": "355000000", "netIncome": "107000000"}, {"fiscalDateEnding": "2017-07-31", "reportedCurrency": "USD", "grossProfit": "1907000000", "totalRevenue": "2539960000", "costOfRevenue": "2316606000", "costofGoodsAndServicesSold": "670000000", "operatingIncome": "84000000", "sellingGeneralAndAdministrative": "1453682000", "researchAndDevelopment": "387000000", "operatingExpenses": "1823000000", "investmentIncomeNet": "9000000", "netInterestIncome": "-21629000", "interestIncome": "371000", "interestExpense": "22000000", "nonInterestIncome": "5154000000", "otherNonOperatingIncome": "0", "depreciation": "None", "depreciationAndAmortization": "192000000", "incomeBeforeTax": "63000000", "incomeTaxExpense": "17000000", "interestAndDebtExpense": "21629000", "netIncomeFromContinuingOperations": "17736000", "comprehensiveIncomeNetOfTax": "54000000", "ebit": "85000000", "ebitda": "277000000", "netIncome": "46000000"}, {"fiscalDateEnding": "2017-04-30", "reportedCurrency": "USD", "grossProfit": "1746000000", "totalRevenue": "2365383000", "costOfRevenue": "2205488000", "costofGoodsAndServicesSold": "651000000", "operatingIncome": "4000000", "sellingGeneralAndAdministrative": "1369825000", "researchAndDevelopment": "376000000", "operatingExpenses": "1742000000", "investmentIncomeNet": "5000000", "netInterestIncome": "-22196000", "interestIncome": "-196000", "interestExpense": "22000000", "nonInterestIncome": "2397000000", "otherNonOperatingIncome": "0", "depreciation": "None", "depreciationAndAmortization": "185000000", "incomeBeforeTax": "-10000000", "incomeTaxExpense": "-11000000", "interestAndDebtExpense": "22196000", "netIncomeFromContinuingOperations": "-9207000", "comprehensiveIncomeNetOfTax": "86000000", "ebit": "12000000", "ebitda": "197000000", "netIncome": "1000000"}, {"fiscalDateEnding": "2017-01-31", "reportedCurrency": "USD", "grossProfit": "1668031000", "totalRevenue": "2293988000", "costOfRevenue": "625957000", "costofGoodsAndServicesSold": "625918000", "operatingIncome": "-23345000", "sellingGeneralAndAdministrative": "1347184000", "researchAndDevelopment": "344065000", "operatingExpenses": "1582659000", "investmentIncomeNet": "3253000", "netInterestIncome": "-24323000", "interestIncome": "12000", "interestExpense": "24335000", "nonInterestIncome": "None", "otherNonOperatingIncome": "3500000", "depreciation": "None", "depreciationAndAmortization": "180521000", "incomeBeforeTax": "-13220000", "incomeTaxExpense": "38220000", "interestAndDebtExpense": "24323000", "netIncomeFromContinuingOperations": "-23345000", "comprehensiveIncomeNetOfTax": "68954000", "ebit": "11115000", "ebitda": "191636000", "netIncome": "-51440000"}, {"fiscalDateEnding": "2016-10-31", "reportedCurrency": "USD", "grossProfit": "1559253000", "totalRevenue": "2144775000", "costOfRevenue": "585522000", "costofGoodsAndServicesSold": "585522000", "operatingIncome": "3036000", "sellingGeneralAndAdministrative": "1244758000", "researchAndDevelopment": "311459000", "operatingExpenses": "1556217000", "investmentIncomeNet": "3709000", "netInterestIncome": "-21946000", "interestIncome": "None", "interestExpense": "21946000", "nonInterestIncome": "None", "otherNonOperatingIncome": "1782000", "depreciation": "None", "depreciationAndAmortization": "169346000", "incomeBeforeTax": "-12586000", "incomeTaxExpense": "24723000", "interestAndDebtExpense": "21946000", "netIncomeFromContinuingOperations": "-37309000", "comprehensiveIncomeNetOfTax": "-89037000", "ebit": "9360000", "ebitda": "178706000", "netIncome": "-37309000"}]}