{"symbol": "CSCO", "annualReports": [{"fiscalDateEnding": "2021-07-31", "reportedCurrency": "USD", "grossProfit": "31894000000", "totalRevenue": "49690000000", "costOfRevenue": "30409000000", "costofGoodsAndServicesSold": "17924000000", "operatingIncome": "12833000000", "sellingGeneralAndAdministrative": "11411000000", "researchAndDevelopment": "6549000000", "operatingExpenses": "19061000000", "investmentIncomeNet": "618000000", "netInterestIncome": "-434000000", "interestIncome": "618000000", "interestExpense": "434000000", "nonInterestIncome": "49871000000", "otherNonOperatingIncome": "245000000", "depreciation": "None", "depreciationAndAmortization": "215000000", "incomeBeforeTax": "13262000000", "incomeTaxExpense": "2671000000", "interestAndDebtExpense": "434000000", "netIncomeFromContinuingOperations": "10591000000", "comprehensiveIncomeNetOfTax": "10693000000", "ebit": "13696000000", "ebitda": "13911000000", "netIncome": "10591000000"}, {"fiscalDateEnding": "2020-07-25", "reportedCurrency": "USD", "grossProfit": "31683000000", "totalRevenue": "48991000000", "costOfRevenue": "29372000000", "costofGoodsAndServicesSold": "17618000000", "operatingIncome": "13620000000", "sellingGeneralAndAdministrative": "11094000000", "researchAndDevelopment": "6347000000", "operatingExpenses": "18063000000", "investmentIncomeNet": "920000000", "netInterestIncome": "-585000000", "interestIncome": "920000000", "interestExpense": "585000000", "nonInterestIncome": "49330000000", "otherNonOperatingIncome": "15000000", "depreciation": "None", "depreciationAndAmortization": "141000000", "incomeBeforeTax": "13970000000", "incomeTaxExpense": "2756000000", "interestAndDebtExpense": "585000000", "netIncomeFromContinuingOperations": "11214000000", "comprehensiveIncomeNetOfTax": "11487000000", "ebit": "14555000000", "ebitda": "14696000000", "netIncome": "11214000000"}, {"fiscalDateEnding": "2019-07-27", "reportedCurrency": "USD", "grossProfit": "32666000000", "totalRevenue": "51037000000", "costOfRevenue": "31092000000", "costofGoodsAndServicesSold": "19238000000", "operatingIncome": "14219000000", "sellingGeneralAndAdministrative": "11398000000", "researchAndDevelopment": "6577000000", "operatingExpenses": "18447000000", "investmentIncomeNet": "1308000000", "netInterestIncome": "-859000000", "interestIncome": "1308000000", "interestExpense": "859000000", "nonInterestIncome": "51880000000", "otherNonOperatingIncome": "-97000000", "depreciation": "None", "depreciationAndAmortization": "150000000", "incomeBeforeTax": "14571000000", "incomeTaxExpense": "2950000000", "interestAndDebtExpense": "859000000", "netIncomeFromContinuingOperations": "11621000000", "comprehensiveIncomeNetOfTax": "11846000000", "ebit": "15430000000", "ebitda": "15580000000", "netIncome": "11621000000"}, {"fiscalDateEnding": "2018-07-28", "reportedCurrency": "USD", "grossProfit": "30606000000", "totalRevenue": "49330000000", "costOfRevenue": "18724000000", "costofGoodsAndServicesSold": "18724000000", "operatingIncome": "12309000000", "sellingGeneralAndAdministrative": "11386000000", "researchAndDevelopment": "6332000000", "operatingExpenses": "18297000000", "investmentIncomeNet": "1508000000", "netInterestIncome": "-943000000", "interestIncome": "1508000000", "interestExpense": "943000000", "nonInterestIncome": "49088000000", "otherNonOperatingIncome": "165000000", "depreciation": "None", "depreciationAndAmortization": "221000000", "incomeBeforeTax": "13039000000", "incomeTaxExpense": "12929000000", "interestAndDebtExpense": "943000000", "netIncomeFromContinuingOperations": "110000000", "comprehensiveIncomeNetOfTax": "-830000000", "ebit": "13982000000", "ebitda": "14203000000", "netIncome": "110000000"}, {"fiscalDateEnding": "2017-07-29", "reportedCurrency": "USD", "grossProfit": "30224000000", "totalRevenue": "48005000000", "costOfRevenue": "17781000000", "costofGoodsAndServicesSold": "17781000000", "operatingIncome": "11973000000", "sellingGeneralAndAdministrative": "11177000000", "researchAndDevelopment": "6059000000", "operatingExpenses": "18251000000", "investmentIncomeNet": "1338000000", "netInterestIncome": "-861000000", "interestIncome": "1338000000", "interestExpense": "861000000", "nonInterestIncome": "47963000000", "otherNonOperatingIncome": "-163000000", "depreciation": "None", "depreciationAndAmortization": "259000000", "incomeBeforeTax": "12287000000", "incomeTaxExpense": "2678000000", "interestAndDebtExpense": "861000000", "netIncomeFromContinuingOperations": "9609000000", "comprehensiveIncomeNetOfTax": "9981000000", "ebit": "13148000000", "ebitda": "13407000000", "netIncome": "9609000000"}], "quarterlyReports": [{"fiscalDateEnding": "2021-07-31", "reportedCurrency": "USD", "grossProfit": "8344000000", "totalRevenue": "13126000000", "costOfRevenue": "4782000000", "costofGoodsAndServicesSold": "4782000000", "operatingIncome": "3575000000", "sellingGeneralAndAdministrative": "521000000", "researchAndDevelopment": "1713000000", "operatingExpenses": "4769000000", "investmentIncomeNet": "None", "netInterestIncome": "32000000", "interestIncome": "130000000", "interestExpense": "98000000", "nonInterestIncome": "None", "otherNonOperatingIncome": "128000000", "depreciation": "None", "depreciationAndAmortization": "489000000", "incomeBeforeTax": "3735000000", "incomeTaxExpense": "726000000", "interestAndDebtExpense": "None", "netIncomeFromContinuingOperations": "3009000000", "comprehensiveIncomeNetOfTax": "2880000000", "ebit": "3833000000", "ebitda": "4322000000", "netIncome": "3009000000"}, {"fiscalDateEnding": "2021-05-01", "reportedCurrency": "USD", "grossProfit": "8185000000", "totalRevenue": "12779000000", "costOfRevenue": "7589000000", "costofGoodsAndServicesSold": "4618000000", "operatingIncome": "3465000000", "sellingGeneralAndAdministrative": "2920000000", "researchAndDevelopment": "1697000000", "operatingExpenses": "4720000000", "investmentIncomeNet": "153000000", "netInterestIncome": "-111000000", "interestIncome": "153000000", "interestExpense": "111000000", "nonInterestIncome": "12825000000", "otherNonOperatingIncome": "84000000", "depreciation": "None", "depreciationAndAmortization": "61000000", "incomeBeforeTax": "3591000000", "incomeTaxExpense": "728000000", "interestAndDebtExpense": "111000000", "netIncomeFromContinuingOperations": "2863000000", "comprehensiveIncomeNetOfTax": "2793000000", "ebit": "3702000000", "ebitda": "3763000000", "netIncome": "2863000000"}, {"fiscalDateEnding": "2021-01-23", "reportedCurrency": "USD", "grossProfit": "7784000000", "totalRevenue": "11923000000", "costOfRevenue": "6968000000", "costofGoodsAndServicesSold": "4176000000", "operatingIncome": "3223000000", "sellingGeneralAndAdministrative": "2761000000", "researchAndDevelopment": "1527000000", "operatingExpenses": "4561000000", "investmentIncomeNet": "161000000", "netInterestIncome": "-113000000", "interestIncome": "161000000", "interestExpense": "113000000", "nonInterestIncome": "11969000000", "otherNonOperatingIncome": "-16000000", "depreciation": "None", "depreciationAndAmortization": "39000000", "incomeBeforeTax": "3255000000", "incomeTaxExpense": "710000000", "interestAndDebtExpense": "113000000", "netIncomeFromContinuingOperations": "2545000000", "comprehensiveIncomeNetOfTax": "2774000000", "ebit": "3368000000", "ebitda": "3407000000", "netIncome": "2545000000"}, {"fiscalDateEnding": "2020-10-24", "reportedCurrency": "USD", "grossProfit": "7581000000", "totalRevenue": "11897000000", "costOfRevenue": "7746000000", "costofGoodsAndServicesSold": "4348000000", "operatingIncome": "2570000000", "sellingGeneralAndAdministrative": "2761000000", "researchAndDevelopment": "1612000000", "operatingExpenses": "5011000000", "investmentIncomeNet": "174000000", "netInterestIncome": "-112000000", "interestIncome": "174000000", "interestExpense": "112000000", "nonInterestIncome": "11944000000", "otherNonOperatingIncome": "49000000", "depreciation": "None", "depreciationAndAmortization": "36000000", "incomeBeforeTax": "2681000000", "incomeTaxExpense": "507000000", "interestAndDebtExpense": "112000000", "netIncomeFromContinuingOperations": "2174000000", "comprehensiveIncomeNetOfTax": "2246000000", "ebit": "2793000000", "ebitda": "2829000000", "netIncome": "2174000000"}, {"fiscalDateEnding": "2020-07-25", "reportedCurrency": "USD", "grossProfit": "7684000000", "totalRevenue": "12154000000", "costOfRevenue": "7353000000", "costofGoodsAndServicesSold": "4470000000", "operatingIncome": "3247000000", "sellingGeneralAndAdministrative": "2712000000", "researchAndDevelopment": "1565000000", "operatingExpenses": "4437000000", "investmentIncomeNet": "187000000", "netInterestIncome": "-119000000", "interestIncome": "187000000", "interestExpense": "119000000", "nonInterestIncome": "12154000000", "otherNonOperatingIncome": "-9000000", "depreciation": "None", "depreciationAndAmortization": "33000000", "incomeBeforeTax": "3306000000", "incomeTaxExpense": "670000000", "interestAndDebtExpense": "119000000", "netIncomeFromContinuingOperations": "3247000000", "comprehensiveIncomeNetOfTax": "3226000000", "ebit": "3425000000", "ebitda": "3458000000", "netIncome": "2636000000"}, {"fiscalDateEnding": "2020-04-25", "reportedCurrency": "USD", "grossProfit": "7771000000", "totalRevenue": "11931000000", "costOfRevenue": "6884000000", "costofGoodsAndServicesSold": "4212000000", "operatingIncome": "3414000000", "sellingGeneralAndAdministrative": "2649000000", "researchAndDevelopment": "1546000000", "operatingExpenses": "4357000000", "investmentIncomeNet": "218000000", "netInterestIncome": "-130000000", "interestIncome": "218000000", "interestExpense": "130000000", "nonInterestIncome": "11978000000", "otherNonOperatingIncome": "-58000000", "depreciation": "None", "depreciationAndAmortization": "34000000", "incomeBeforeTax": "3444000000", "incomeTaxExpense": "670000000", "interestAndDebtExpense": "130000000", "netIncomeFromContinuingOperations": "2774000000", "comprehensiveIncomeNetOfTax": "2365000000", "ebit": "3574000000", "ebitda": "3608000000", "netIncome": "2774000000"}, {"fiscalDateEnding": "2020-01-25", "reportedCurrency": "USD", "grossProfit": "7764000000", "totalRevenue": "11920000000", "costOfRevenue": "7027000000", "costofGoodsAndServicesSold": "4241000000", "operatingIncome": "3380000000", "sellingGeneralAndAdministrative": "2734000000", "researchAndDevelopment": "1570000000", "operatingExpenses": "4384000000", "investmentIncomeNet": "242000000", "netInterestIncome": "-158000000", "interestIncome": "242000000", "interestExpense": "158000000", "nonInterestIncome": "12019000000", "otherNonOperatingIncome": "70000000", "depreciation": "None", "depreciationAndAmortization": "38000000", "incomeBeforeTax": "3534000000", "incomeTaxExpense": "656000000", "interestAndDebtExpense": "158000000", "netIncomeFromContinuingOperations": "2878000000", "comprehensiveIncomeNetOfTax": "2993000000", "ebit": "3692000000", "ebitda": "3730000000", "netIncome": "2878000000"}, {"fiscalDateEnding": "2019-10-26", "reportedCurrency": "USD", "grossProfit": "8464000000", "totalRevenue": "13036000000", "costOfRevenue": "7938000000", "costofGoodsAndServicesSold": "4695000000", "operatingIncome": "3579000000", "sellingGeneralAndAdministrative": "2999000000", "researchAndDevelopment": "1666000000", "operatingExpenses": "4885000000", "investmentIncomeNet": "273000000", "netInterestIncome": "-178000000", "interestIncome": "273000000", "interestExpense": "178000000", "nonInterestIncome": "13168000000", "otherNonOperatingIncome": "12000000", "depreciation": "None", "depreciationAndAmortization": "36000000", "incomeBeforeTax": "3686000000", "incomeTaxExpense": "760000000", "interestAndDebtExpense": "178000000", "netIncomeFromContinuingOperations": "2926000000", "comprehensiveIncomeNetOfTax": "2903000000", "ebit": "3864000000", "ebitda": "3900000000", "netIncome": "2926000000"}, {"fiscalDateEnding": "2019-07-27", "reportedCurrency": "USD", "grossProfit": "8574000000", "totalRevenue": "13428000000", "costOfRevenue": "7974000000", "costofGoodsAndServicesSold": "4854000000", "operatingIncome": "3690000000", "sellingGeneralAndAdministrative": "3053000000", "researchAndDevelopment": "1753000000", "operatingExpenses": "4884000000", "investmentIncomeNet": "305000000", "netInterestIncome": "-204000000", "interestIncome": "305000000", "interestExpense": "204000000", "nonInterestIncome": "13428000000", "otherNonOperatingIncome": "-87000000", "depreciation": "None", "depreciationAndAmortization": "38000000", "incomeBeforeTax": "3704000000", "incomeTaxExpense": "1498000000", "interestAndDebtExpense": "204000000", "netIncomeFromContinuingOperations": "3690000000", "comprehensiveIncomeNetOfTax": "2310000000", "ebit": "3908000000", "ebitda": "3946000000", "netIncome": "2206000000"}, {"fiscalDateEnding": "2019-04-27", "reportedCurrency": "USD", "grossProfit": "8173000000", "totalRevenue": "12700000000", "costOfRevenue": "7767000000", "costofGoodsAndServicesSold": "4785000000", "operatingIncome": "3513000000", "sellingGeneralAndAdministrative": "2944000000", "researchAndDevelopment": "1659000000", "operatingExpenses": "4660000000", "investmentIncomeNet": "331000000", "netInterestIncome": "-211000000", "interestIncome": "331000000", "interestExpense": "211000000", "nonInterestIncome": "12910000000", "otherNonOperatingIncome": "-18000000", "depreciation": "None", "depreciationAndAmortization": "39000000", "incomeBeforeTax": "3615000000", "incomeTaxExpense": "571000000", "interestAndDebtExpense": "211000000", "netIncomeFromContinuingOperations": "3044000000", "comprehensiveIncomeNetOfTax": "3258000000", "ebit": "3826000000", "ebitda": "3865000000", "netIncome": "3044000000"}, {"fiscalDateEnding": "2019-01-26", "reportedCurrency": "USD", "grossProfit": "7773000000", "totalRevenue": "12289000000", "costOfRevenue": "7493000000", "costofGoodsAndServicesSold": "4673000000", "operatingIncome": "3211000000", "sellingGeneralAndAdministrative": "2780000000", "researchAndDevelopment": "1557000000", "operatingExpenses": "4562000000", "investmentIncomeNet": "328000000", "netInterestIncome": "-223000000", "interestIncome": "None", "interestExpense": "223000000", "nonInterestIncome": "12513000000", "otherNonOperatingIncome": "27000000", "depreciation": "None", "depreciationAndAmortization": "39000000", "incomeBeforeTax": "3343000000", "incomeTaxExpense": "521000000", "interestAndDebtExpense": "223000000", "netIncomeFromContinuingOperations": "2822000000", "comprehensiveIncomeNetOfTax": "2930000000", "ebit": "3566000000", "ebitda": "3605000000", "netIncome": "2822000000"}, {"fiscalDateEnding": "2018-10-27", "reportedCurrency": "USD", "grossProfit": "8146000000", "totalRevenue": "12846000000", "costOfRevenue": "7654000000", "costofGoodsAndServicesSold": "4926000000", "operatingIncome": "3805000000", "sellingGeneralAndAdministrative": "2621000000", "researchAndDevelopment": "1608000000", "operatingExpenses": "4341000000", "investmentIncomeNet": "344000000", "netInterestIncome": "-221000000", "interestIncome": "None", "interestExpense": "221000000", "nonInterestIncome": "13062000000", "otherNonOperatingIncome": "-19000000", "depreciation": "None", "depreciationAndAmortization": "34000000", "incomeBeforeTax": "3909000000", "incomeTaxExpense": "360000000", "interestAndDebtExpense": "221000000", "netIncomeFromContinuingOperations": "3549000000", "comprehensiveIncomeNetOfTax": "3348000000", "ebit": "4130000000", "ebitda": "4164000000", "netIncome": "3549000000"}, {"fiscalDateEnding": "2018-07-28", "reportedCurrency": "USD", "grossProfit": "7922000000", "totalRevenue": "12844000000", "costOfRevenue": "4922000000", "costofGoodsAndServicesSold": "4922000000", "operatingIncome": "3346000000", "sellingGeneralAndAdministrative": "2891000000", "researchAndDevelopment": "1626000000", "operatingExpenses": "4576000000", "investmentIncomeNet": "353000000", "netInterestIncome": "-224000000", "interestIncome": "None", "interestExpense": "224000000", "nonInterestIncome": "12844000000", "otherNonOperatingIncome": "117000000", "depreciation": "None", "depreciationAndAmortization": "33000000", "incomeBeforeTax": "3592000000", "incomeTaxExpense": "-211000000", "interestAndDebtExpense": "224000000", "netIncomeFromContinuingOperations": "3346000000", "comprehensiveIncomeNetOfTax": "3558000000", "ebit": "3816000000", "ebitda": "3849000000", "netIncome": "3803000000"}, {"fiscalDateEnding": "2018-04-28", "reportedCurrency": "USD", "grossProfit": "7759000000", "totalRevenue": "12463000000", "costOfRevenue": "4704000000", "costofGoodsAndServicesSold": "4704000000", "operatingIncome": "3134000000", "sellingGeneralAndAdministrative": "2886000000", "researchAndDevelopment": "1590000000", "operatingExpenses": "4625000000", "investmentIncomeNet": "380000000", "netInterestIncome": "-237000000", "interestIncome": "None", "interestExpense": "237000000", "nonInterestIncome": "12424000000", "otherNonOperatingIncome": "-24000000", "depreciation": "None", "depreciationAndAmortization": "67000000", "incomeBeforeTax": "3253000000", "incomeTaxExpense": "562000000", "interestAndDebtExpense": "237000000", "netIncomeFromContinuingOperations": "2691000000", "comprehensiveIncomeNetOfTax": "1959000000", "ebit": "3490000000", "ebitda": "3557000000", "netIncome": "2691000000"}, {"fiscalDateEnding": "2018-01-27", "reportedCurrency": "USD", "grossProfit": "7498000000", "totalRevenue": "11887000000", "costOfRevenue": "4389000000", "costofGoodsAndServicesSold": "4389000000", "operatingIncome": "3073000000", "sellingGeneralAndAdministrative": "2718000000", "researchAndDevelopment": "1549000000", "operatingExpenses": "4425000000", "investmentIncomeNet": "396000000", "netInterestIncome": "-247000000", "interestIncome": "None", "interestExpense": "247000000", "nonInterestIncome": "11791000000", "otherNonOperatingIncome": "10000000", "depreciation": "None", "depreciationAndAmortization": "60000000", "incomeBeforeTax": "3232000000", "incomeTaxExpense": "12010000000", "interestAndDebtExpense": "247000000", "netIncomeFromContinuingOperations": "-8778000000", "comprehensiveIncomeNetOfTax": "-8726000000", "ebit": "3479000000", "ebitda": "3539000000", "netIncome": "-8778000000"}, {"fiscalDateEnding": "2017-10-28", "reportedCurrency": "USD", "grossProfit": "7427000000", "totalRevenue": "12136000000", "costOfRevenue": "4709000000", "costofGoodsAndServicesSold": "4709000000", "operatingIncome": "2756000000", "sellingGeneralAndAdministrative": "2891000000", "researchAndDevelopment": "1567000000", "operatingExpenses": "4671000000", "investmentIncomeNet": "379000000", "netInterestIncome": "-235000000", "interestIncome": "None", "interestExpense": "235000000", "nonInterestIncome": "12140000000", "otherNonOperatingIncome": "62000000", "depreciation": "None", "depreciationAndAmortization": "61000000", "incomeBeforeTax": "2962000000", "incomeTaxExpense": "568000000", "interestAndDebtExpense": "235000000", "netIncomeFromContinuingOperations": "2394000000", "comprehensiveIncomeNetOfTax": "2379000000", "ebit": "3197000000", "ebitda": "3258000000", "netIncome": "2394000000"}, {"fiscalDateEnding": "2017-07-29", "reportedCurrency": "USD", "grossProfit": "7546000000", "totalRevenue": "12133000000", "costOfRevenue": "4587000000", "costofGoodsAndServicesSold": "4587000000", "operatingIncome": "3034000000", "sellingGeneralAndAdministrative": "2813000000", "researchAndDevelopment": "1499000000", "operatingExpenses": "4512000000", "investmentIncomeNet": "360000000", "netInterestIncome": "-222000000", "interestIncome": "None", "interestExpense": "222000000", "nonInterestIncome": "None", "otherNonOperatingIncome": "8000000", "depreciation": "None", "depreciationAndAmortization": "58000000", "incomeBeforeTax": "3180000000", "incomeTaxExpense": "756000000", "interestAndDebtExpense": "222000000", "netIncomeFromContinuingOperations": "3034000000", "comprehensiveIncomeNetOfTax": "2812000000", "ebit": "3402000000", "ebitda": "3460000000", "netIncome": "2424000000"}, {"fiscalDateEnding": "2017-04-29", "reportedCurrency": "USD", "grossProfit": "7518000000", "totalRevenue": "11940000000", "costOfRevenue": "4422000000", "costofGoodsAndServicesSold": "4422000000", "operatingIncome": "3169000000", "sellingGeneralAndAdministrative": "2713000000", "researchAndDevelopment": "1507000000", "operatingExpenses": "4349000000", "investmentIncomeNet": "354000000", "netInterestIncome": "-219000000", "interestIncome": "None", "interestExpense": "219000000", "nonInterestIncome": "None", "otherNonOperatingIncome": "-113000000", "depreciation": "None", "depreciationAndAmortization": "59000000", "incomeBeforeTax": "3191000000", "incomeTaxExpense": "676000000", "interestAndDebtExpense": "219000000", "netIncomeFromContinuingOperations": "2515000000", "comprehensiveIncomeNetOfTax": "2974000000", "ebit": "3410000000", "ebitda": "3469000000", "netIncome": "2515000000"}, {"fiscalDateEnding": "2017-01-28", "reportedCurrency": "USD", "grossProfit": "7276000000", "totalRevenue": "11580000000", "costOfRevenue": "4304000000", "costofGoodsAndServicesSold": "4304000000", "operatingIncome": "2893000000", "sellingGeneralAndAdministrative": "2678000000", "researchAndDevelopment": "1508000000", "operatingExpenses": "4383000000", "investmentIncomeNet": "329000000", "netInterestIncome": "-222000000", "interestIncome": "None", "interestExpense": "222000000", "nonInterestIncome": "None", "otherNonOperatingIncome": "-37000000", "depreciation": "None", "depreciationAndAmortization": "64000000", "incomeBeforeTax": "2963000000", "incomeTaxExpense": "615000000", "interestAndDebtExpense": "222000000", "netIncomeFromContinuingOperations": "2348000000", "comprehensiveIncomeNetOfTax": "2071000000", "ebit": "3185000000", "ebitda": "3249000000", "netIncome": "2348000000"}, {"fiscalDateEnding": "2016-10-29", "reportedCurrency": "USD", "grossProfit": "7884000000", "totalRevenue": "12352000000", "costOfRevenue": "4468000000", "costofGoodsAndServicesSold": "4468000000", "operatingIncome": "2877000000", "sellingGeneralAndAdministrative": "2973000000", "researchAndDevelopment": "1545000000", "operatingExpenses": "5007000000", "investmentIncomeNet": "295000000", "netInterestIncome": "-198000000", "interestIncome": "None", "interestExpense": "198000000", "nonInterestIncome": "None", "otherNonOperatingIncome": "-21000000", "depreciation": "None", "depreciationAndAmortization": "78000000", "incomeBeforeTax": "2953000000", "incomeTaxExpense": "631000000", "interestAndDebtExpense": "198000000", "netIncomeFromContinuingOperations": "2322000000", "comprehensiveIncomeNetOfTax": "2124000000", "ebit": "3151000000", "ebitda": "3229000000", "netIncome": "2322000000"}]}