{"symbol": "CSX", "annualReports": [{"fiscalDateEnding": "2020-12-31", "reportedCurrency": "USD", "grossProfit": "6912000000", "totalRevenue": "9881000000", "costOfRevenue": "2969000000", "costofGoodsAndServicesSold": "699000000", "operatingIncome": "4362000000", "sellingGeneralAndAdministrative": "29000000", "researchAndDevelopment": "None", "operatingExpenses": "6215000000", "investmentIncomeNet": "None", "netInterestIncome": "-754000000", "interestIncome": "17000000", "interestExpense": "754000000", "nonInterestIncome": "10635000000", "otherNonOperatingIncome": "8000000", "depreciation": "1383000000", "depreciationAndAmortization": "1383000000", "incomeBeforeTax": "3627000000", "incomeTaxExpense": "862000000", "interestAndDebtExpense": "48000000", "netIncomeFromContinuingOperations": "2765000000", "comprehensiveIncomeNetOfTax": "2842000000", "ebit": "4362000000", "ebitda": "5764000000", "netIncome": "2765000000"}, {"fiscalDateEnding": "2019-12-31", "reportedCurrency": "USD", "grossProfit": "7590000000", "totalRevenue": "11304000000", "costOfRevenue": "3714000000", "costofGoodsAndServicesSold": "1045000000", "operatingIncome": "4965000000", "sellingGeneralAndAdministrative": "74000000", "researchAndDevelopment": "None", "operatingExpenses": "6895000000", "investmentIncomeNet": "None", "netInterestIncome": "-737000000", "interestIncome": "48000000", "interestExpense": "737000000", "nonInterestIncome": "12041000000", "otherNonOperatingIncome": "7000000", "depreciation": "1349000000", "depreciationAndAmortization": "1349000000", "incomeBeforeTax": "4316000000", "incomeTaxExpense": "985000000", "interestAndDebtExpense": "10000000", "netIncomeFromContinuingOperations": "3331000000", "comprehensiveIncomeNetOfTax": "3300000000", "ebit": "4965000000", "ebitda": "6402000000", "netIncome": "3331000000"}, {"fiscalDateEnding": "2018-12-31", "reportedCurrency": "USD", "grossProfit": "7799000000", "totalRevenue": "11765000000", "costOfRevenue": "3966000000", "costofGoodsAndServicesSold": "1191000000", "operatingIncome": "4869000000", "sellingGeneralAndAdministrative": "51000000", "researchAndDevelopment": "None", "operatingExpenses": "7381000000", "investmentIncomeNet": "None", "netInterestIncome": "-639000000", "interestIncome": "32000000", "interestExpense": "639000000", "nonInterestIncome": "12404000000", "otherNonOperatingIncome": "4000000", "depreciation": "1331000000", "depreciationAndAmortization": "1331000000", "incomeBeforeTax": "4304000000", "incomeTaxExpense": "995000000", "interestAndDebtExpense": "0", "netIncomeFromContinuingOperations": "3309000000", "comprehensiveIncomeNetOfTax": "3100000000", "ebit": "4869000000", "ebitda": "6274000000", "netIncome": "3309000000"}, {"fiscalDateEnding": "2017-12-31", "reportedCurrency": "USD", "grossProfit": "6555000000", "totalRevenue": "10880000000", "costOfRevenue": "4325000000", "costofGoodsAndServicesSold": "1061000000", "operatingIncome": "3720000000", "sellingGeneralAndAdministrative": "2914000000", "researchAndDevelopment": "None", "operatingExpenses": "7688000000", "investmentIncomeNet": "None", "netInterestIncome": "-546000000", "interestIncome": "13000000", "interestExpense": "546000000", "nonInterestIncome": "18000000", "otherNonOperatingIncome": "8000000", "depreciation": "1315000000", "depreciationAndAmortization": "1315000000", "incomeBeforeTax": "3142000000", "incomeTaxExpense": "-2329000000", "interestAndDebtExpense": "546000000", "netIncomeFromContinuingOperations": "5471000000", "comprehensiveIncomeNetOfTax": "5625000000", "ebit": "3688000000", "ebitda": "5003000000", "netIncome": "5471000000"}, {"fiscalDateEnding": "2016-12-31", "reportedCurrency": "USD", "grossProfit": "6401000000", "totalRevenue": "10503000000", "costOfRevenue": "4102000000", "costofGoodsAndServicesSold": "943000000", "operatingIncome": "3413000000", "sellingGeneralAndAdministrative": "3159000000", "researchAndDevelopment": "None", "operatingExpenses": "7656000000", "investmentIncomeNet": "None", "netInterestIncome": "-579000000", "interestIncome": "10000000", "interestExpense": "579000000", "nonInterestIncome": "13000000", "otherNonOperatingIncome": "9000000", "depreciation": "1301000000", "depreciationAndAmortization": "1301000000", "incomeBeforeTax": "2741000000", "incomeTaxExpense": "1027000000", "interestAndDebtExpense": "809000000", "netIncomeFromContinuingOperations": "1714000000", "comprehensiveIncomeNetOfTax": "1739000000", "ebit": "3320000000", "ebitda": "4621000000", "netIncome": "1714000000"}], "quarterlyReports": [{"fiscalDateEnding": "2021-09-30", "reportedCurrency": "USD", "grossProfit": "2284000000", "totalRevenue": "3175000000", "costOfRevenue": "891000000", "costofGoodsAndServicesSold": "247000000", "operatingIncome": "1436000000", "sellingGeneralAndAdministrative": "13000000", "researchAndDevelopment": "None", "operatingExpenses": "1809000000", "investmentIncomeNet": "None", "netInterestIncome": "-177000000", "interestIncome": "-173000000", "interestExpense": "4000000", "nonInterestIncome": "3352000000", "otherNonOperatingIncome": "None", "depreciation": "367000000", "depreciationAndAmortization": "367000000", "incomeBeforeTax": "1279000000", "incomeTaxExpense": "311000000", "interestAndDebtExpense": "4000000", "netIncomeFromContinuingOperations": "968000000", "comprehensiveIncomeNetOfTax": "985000000", "ebit": "1436000000", "ebitda": "1823000000", "netIncome": "968000000"}, {"fiscalDateEnding": "2021-06-30", "reportedCurrency": "USD", "grossProfit": "2359000000", "totalRevenue": "3176000000", "costOfRevenue": "817000000", "costofGoodsAndServicesSold": "194000000", "operatingIncome": "1691000000", "sellingGeneralAndAdministrative": "27000000", "researchAndDevelopment": "None", "operatingExpenses": "959000000", "investmentIncomeNet": "None", "netInterestIncome": "-181000000", "interestIncome": "-177000000", "interestExpense": "4000000", "nonInterestIncome": "3357000000", "otherNonOperatingIncome": "20000000", "depreciation": "348000000", "depreciationAndAmortization": "348000000", "incomeBeforeTax": "1530000000", "incomeTaxExpense": "357000000", "interestAndDebtExpense": "4000000", "netIncomeFromContinuingOperations": "1173000000", "comprehensiveIncomeNetOfTax": "1152000000", "ebit": "1691000000", "ebitda": "2059000000", "netIncome": "1173000000"}, {"fiscalDateEnding": "2021-03-31", "reportedCurrency": "USD", "grossProfit": "1790000000", "totalRevenue": "2632000000", "costOfRevenue": "842000000", "costofGoodsAndServicesSold": "190000000", "operatingIncome": "1101000000", "sellingGeneralAndAdministrative": "32000000", "researchAndDevelopment": "None", "operatingExpenses": "1741000000", "investmentIncomeNet": "None", "netInterestIncome": "-184000000", "interestIncome": "-182000000", "interestExpense": "2000000", "nonInterestIncome": "2816000000", "otherNonOperatingIncome": "20000000", "depreciation": "345000000", "depreciationAndAmortization": "345000000", "incomeBeforeTax": "937000000", "incomeTaxExpense": "231000000", "interestAndDebtExpense": "2000000", "netIncomeFromContinuingOperations": "706000000", "comprehensiveIncomeNetOfTax": "774000000", "ebit": "1101000000", "ebitda": "1466000000", "netIncome": "706000000"}, {"fiscalDateEnding": "2020-12-31", "reportedCurrency": "USD", "grossProfit": "1807000000", "totalRevenue": "2655000000", "costOfRevenue": "848000000", "costofGoodsAndServicesSold": "297000000", "operatingIncome": "1215000000", "sellingGeneralAndAdministrative": "-3000000", "researchAndDevelopment": "None", "operatingExpenses": "1605000000", "investmentIncomeNet": "None", "netInterestIncome": "-189000000", "interestIncome": "None", "interestExpense": "189000000", "nonInterestIncome": "2844000000", "otherNonOperatingIncome": "-10000000", "depreciation": "347000000", "depreciationAndAmortization": "347000000", "incomeBeforeTax": "994000000", "incomeTaxExpense": "234000000", "interestAndDebtExpense": "49000000", "netIncomeFromContinuingOperations": "760000000", "comprehensiveIncomeNetOfTax": "742000000", "ebit": "1215000000", "ebitda": "1530000000", "netIncome": "760000000"}, {"fiscalDateEnding": "2020-09-30", "reportedCurrency": "USD", "grossProfit": "1748000000", "totalRevenue": "2461000000", "costOfRevenue": "713000000", "costofGoodsAndServicesSold": "119000000", "operatingIncome": "1141000000", "sellingGeneralAndAdministrative": "20000000", "researchAndDevelopment": "None", "operatingExpenses": "1527000000", "investmentIncomeNet": "None", "netInterestIncome": "-187000000", "interestIncome": "-183000000", "interestExpense": "4000000", "nonInterestIncome": "2648000000", "otherNonOperatingIncome": "14000000", "depreciation": "348000000", "depreciationAndAmortization": "348000000", "incomeBeforeTax": "968000000", "incomeTaxExpense": "232000000", "interestAndDebtExpense": "4000000", "netIncomeFromContinuingOperations": "736000000", "comprehensiveIncomeNetOfTax": "770000000", "ebit": "1141000000", "ebitda": "1503000000", "netIncome": "736000000"}, {"fiscalDateEnding": "2020-06-30", "reportedCurrency": "USD", "grossProfit": "1478000000", "totalRevenue": "2064000000", "costOfRevenue": "586000000", "costofGoodsAndServicesSold": "91000000", "operatingIncome": "828000000", "sellingGeneralAndAdministrative": "-12000000", "researchAndDevelopment": "None", "operatingExpenses": "1415000000", "investmentIncomeNet": "None", "netInterestIncome": "-191000000", "interestIncome": "-190000000", "interestExpense": "1000000", "nonInterestIncome": "2255000000", "otherNonOperatingIncome": "15000000", "depreciation": "344000000", "depreciationAndAmortization": "344000000", "incomeBeforeTax": "652000000", "incomeTaxExpense": "153000000", "interestAndDebtExpense": "1000000", "netIncomeFromContinuingOperations": "499000000", "comprehensiveIncomeNetOfTax": "519000000", "ebit": "828000000", "ebitda": "1187000000", "netIncome": "499000000"}, {"fiscalDateEnding": "2020-03-31", "reportedCurrency": "USD", "grossProfit": "1864000000", "totalRevenue": "2686000000", "costOfRevenue": "822000000", "costofGoodsAndServicesSold": "192000000", "operatingIncome": "1178000000", "sellingGeneralAndAdministrative": "24000000", "researchAndDevelopment": "None", "operatingExpenses": "1683000000", "investmentIncomeNet": "None", "netInterestIncome": "-187000000", "interestIncome": "-193000000", "interestExpense": "-6000000", "nonInterestIncome": "2873000000", "otherNonOperatingIncome": "None", "depreciation": "344000000", "depreciationAndAmortization": "344000000", "incomeBeforeTax": "1013000000", "incomeTaxExpense": "243000000", "interestAndDebtExpense": "-6000000", "netIncomeFromContinuingOperations": "770000000", "comprehensiveIncomeNetOfTax": "773000000", "ebit": "1178000000", "ebitda": "1544000000", "netIncome": "770000000"}, {"fiscalDateEnding": "2019-12-31", "reportedCurrency": "USD", "grossProfit": "2885000000", "totalRevenue": "2885000000", "costOfRevenue": "1023000000", "costofGoodsAndServicesSold": "355000000", "operatingIncome": "1154000000", "sellingGeneralAndAdministrative": "31000000", "researchAndDevelopment": "None", "operatingExpenses": "1654000000", "investmentIncomeNet": "None", "netInterestIncome": "-189000000", "interestIncome": "-189000000", "interestExpense": "189000000", "nonInterestIncome": "2885000000", "otherNonOperatingIncome": "16000000", "depreciation": "344000000", "depreciationAndAmortization": "344000000", "incomeBeforeTax": "981000000", "incomeTaxExpense": "210000000", "interestAndDebtExpense": "12000000", "netIncomeFromContinuingOperations": "1154000000", "comprehensiveIncomeNetOfTax": "700000000", "ebit": "1154000000", "ebitda": "1514000000", "netIncome": "771000000"}, {"fiscalDateEnding": "2019-09-30", "reportedCurrency": "USD", "grossProfit": "2104000000", "totalRevenue": "2978000000", "costOfRevenue": "874000000", "costofGoodsAndServicesSold": "223000000", "operatingIncome": "1287000000", "sellingGeneralAndAdministrative": "13000000", "researchAndDevelopment": "None", "operatingExpenses": "1691000000", "investmentIncomeNet": "None", "netInterestIncome": "-186000000", "interestIncome": "-198000000", "interestExpense": "-12000000", "nonInterestIncome": "2978000000", "otherNonOperatingIncome": "24000000", "depreciation": "338000000", "depreciationAndAmortization": "338000000", "incomeBeforeTax": "1125000000", "incomeTaxExpense": "269000000", "interestAndDebtExpense": "-12000000", "netIncomeFromContinuingOperations": "856000000", "comprehensiveIncomeNetOfTax": "863000000", "ebit": "1287000000", "ebitda": "1649000000", "netIncome": "856000000"}, {"fiscalDateEnding": "2019-06-30", "reportedCurrency": "USD", "grossProfit": "2162000000", "totalRevenue": "3061000000", "costOfRevenue": "899000000", "costofGoodsAndServicesSold": "234000000", "operatingIncome": "1305000000", "sellingGeneralAndAdministrative": "17000000", "researchAndDevelopment": "None", "operatingExpenses": "1756000000", "investmentIncomeNet": "None", "netInterestIncome": "-184000000", "interestIncome": "-183000000", "interestExpense": "1000000", "nonInterestIncome": "3061000000", "otherNonOperatingIncome": "25000000", "depreciation": "337000000", "depreciationAndAmortization": "337000000", "incomeBeforeTax": "1146000000", "incomeTaxExpense": "276000000", "interestAndDebtExpense": "1000000", "netIncomeFromContinuingOperations": "870000000", "comprehensiveIncomeNetOfTax": "874000000", "ebit": "1305000000", "ebitda": "1667000000", "netIncome": "870000000"}, {"fiscalDateEnding": "2019-03-31", "reportedCurrency": "USD", "grossProfit": "2113000000", "totalRevenue": "3031000000", "costOfRevenue": "918000000", "costofGoodsAndServicesSold": "233000000", "operatingIncome": "1219000000", "sellingGeneralAndAdministrative": "13000000", "researchAndDevelopment": "None", "operatingExpenses": "1794000000", "investmentIncomeNet": "None", "netInterestIncome": "-178000000", "interestIncome": "-169000000", "interestExpense": "9000000", "nonInterestIncome": "3040000000", "otherNonOperatingIncome": "23000000", "depreciation": "330000000", "depreciationAndAmortization": "330000000", "incomeBeforeTax": "1064000000", "incomeTaxExpense": "230000000", "interestAndDebtExpense": "9000000", "netIncomeFromContinuingOperations": "834000000", "comprehensiveIncomeNetOfTax": "836000000", "ebit": "1219000000", "ebitda": "1572000000", "netIncome": "834000000"}, {"fiscalDateEnding": "2018-12-31", "reportedCurrency": "USD", "grossProfit": "3143000000", "totalRevenue": "3143000000", "costOfRevenue": "1075000000", "costofGoodsAndServicesSold": "398000000", "operatingIncome": "1249000000", "sellingGeneralAndAdministrative": "13000000", "researchAndDevelopment": "None", "operatingExpenses": "1894000000", "investmentIncomeNet": "None", "netInterestIncome": "-621000000", "interestIncome": "None", "interestExpense": "171000000", "nonInterestIncome": "3143000000", "otherNonOperatingIncome": "20000000", "depreciation": "345000000", "depreciationAndAmortization": "345000000", "incomeBeforeTax": "1098000000", "incomeTaxExpense": "255000000", "interestAndDebtExpense": "-18000000", "netIncomeFromContinuingOperations": "1249000000", "comprehensiveIncomeNetOfTax": "700000000", "ebit": "1249000000", "ebitda": "1614000000", "netIncome": "843000000"}, {"fiscalDateEnding": "2018-09-30", "reportedCurrency": "USD", "grossProfit": "2134000000", "totalRevenue": "3110000000", "costOfRevenue": "976000000", "costofGoodsAndServicesSold": "268000000", "operatingIncome": "1293000000", "sellingGeneralAndAdministrative": "13000000", "researchAndDevelopment": "None", "operatingExpenses": "1836000000", "investmentIncomeNet": "None", "netInterestIncome": "3000000", "interestIncome": "None", "interestExpense": "-3000000", "nonInterestIncome": "3129000000", "otherNonOperatingIncome": "19000000", "depreciation": "334000000", "depreciationAndAmortization": "334000000", "incomeBeforeTax": "1150000000", "incomeTaxExpense": "256000000", "interestAndDebtExpense": "-3000000", "netIncomeFromContinuingOperations": "894000000", "comprehensiveIncomeNetOfTax": "901000000", "ebit": "1293000000", "ebitda": "1646000000", "netIncome": "894000000"}, {"fiscalDateEnding": "2018-06-30", "reportedCurrency": "USD", "grossProfit": "2151000000", "totalRevenue": "3102000000", "costOfRevenue": "951000000", "costofGoodsAndServicesSold": "270000000", "operatingIncome": "1283000000", "sellingGeneralAndAdministrative": "12000000", "researchAndDevelopment": "None", "operatingExpenses": "1819000000", "investmentIncomeNet": "None", "netInterestIncome": "128000000", "interestIncome": "None", "interestExpense": "-128000000", "nonInterestIncome": "3102000000", "otherNonOperatingIncome": "18000000", "depreciation": "329000000", "depreciationAndAmortization": "329000000", "incomeBeforeTax": "1144000000", "incomeTaxExpense": "267000000", "interestAndDebtExpense": "-128000000", "netIncomeFromContinuingOperations": "877000000", "comprehensiveIncomeNetOfTax": "881000000", "ebit": "1283000000", "ebitda": "1630000000", "netIncome": "877000000"}, {"fiscalDateEnding": "2018-03-31", "reportedCurrency": "USD", "grossProfit": "4684000000", "totalRevenue": "2876000000", "costOfRevenue": "951000000", "costofGoodsAndServicesSold": "255000000", "operatingIncome": "1044000000", "sellingGeneralAndAdministrative": "696000000", "researchAndDevelopment": "None", "operatingExpenses": "1832000000", "investmentIncomeNet": "None", "netInterestIncome": "-149000000", "interestIncome": "None", "interestExpense": "149000000", "nonInterestIncome": "2908000000", "otherNonOperatingIncome": "17000000", "depreciation": "323000000", "depreciationAndAmortization": "323000000", "incomeBeforeTax": "912000000", "incomeTaxExpense": "217000000", "interestAndDebtExpense": "149000000", "netIncomeFromContinuingOperations": "695000000", "comprehensiveIncomeNetOfTax": "596000000", "ebit": "1061000000", "ebitda": "1384000000", "netIncome": "695000000"}, {"fiscalDateEnding": "2017-12-31", "reportedCurrency": "USD", "grossProfit": "2863000000", "totalRevenue": "2863000000", "costOfRevenue": "1159000000", "costofGoodsAndServicesSold": "440000000", "operatingIncome": "1126000000", "sellingGeneralAndAdministrative": "665000000", "researchAndDevelopment": "None", "operatingExpenses": "1737000000", "investmentIncomeNet": "None", "netInterestIncome": "-140000000", "interestIncome": "None", "interestExpense": "140000000", "nonInterestIncome": "2863000000", "otherNonOperatingIncome": "21000000", "depreciation": "337000000", "depreciationAndAmortization": "337000000", "incomeBeforeTax": "983000000", "incomeTaxExpense": "-3157000000", "interestAndDebtExpense": "140000000", "netIncomeFromContinuingOperations": "1121000000", "comprehensiveIncomeNetOfTax": "4215000000", "ebit": "1123000000", "ebitda": "1460000000", "netIncome": "4140000000"}, {"fiscalDateEnding": "2017-09-30", "reportedCurrency": "USD", "grossProfit": "1688000000", "totalRevenue": "2725000000", "costOfRevenue": "923000000", "costofGoodsAndServicesSold": "205000000", "operatingIncome": "868000000", "sellingGeneralAndAdministrative": "717000000", "researchAndDevelopment": "None", "operatingExpenses": "1875000000", "investmentIncomeNet": "None", "netInterestIncome": "-132000000", "interestIncome": "None", "interestExpense": "132000000", "nonInterestIncome": "2743000000", "otherNonOperatingIncome": "None", "depreciation": "331000000", "depreciationAndAmortization": "331000000", "incomeBeforeTax": "750000000", "incomeTaxExpense": "291000000", "interestAndDebtExpense": "132000000", "netIncomeFromContinuingOperations": "459000000", "comprehensiveIncomeNetOfTax": "467000000", "ebit": "882000000", "ebitda": "1213000000", "netIncome": "459000000"}, {"fiscalDateEnding": "2017-06-30", "reportedCurrency": "USD", "grossProfit": "1733000000", "totalRevenue": "2933000000", "costOfRevenue": "1063000000", "costofGoodsAndServicesSold": "198000000", "operatingIncome": "957000000", "sellingGeneralAndAdministrative": "743000000", "researchAndDevelopment": "None", "operatingExpenses": "1976000000", "investmentIncomeNet": "None", "netInterestIncome": "-137000000", "interestIncome": "None", "interestExpense": "137000000", "nonInterestIncome": "2933000000", "otherNonOperatingIncome": "None", "depreciation": "327000000", "depreciationAndAmortization": "327000000", "incomeBeforeTax": "827000000", "incomeTaxExpense": "317000000", "interestAndDebtExpense": "137000000", "netIncomeFromContinuingOperations": "510000000", "comprehensiveIncomeNetOfTax": "575000000", "ebit": "964000000", "ebitda": "1291000000", "netIncome": "510000000"}, {"fiscalDateEnding": "2017-03-31", "reportedCurrency": "USD", "grossProfit": "1552000000", "totalRevenue": "2869000000", "costOfRevenue": "1180000000", "costofGoodsAndServicesSold": "218000000", "operatingIncome": "769000000", "sellingGeneralAndAdministrative": "789000000", "researchAndDevelopment": "None", "operatingExpenses": "2100000000", "investmentIncomeNet": "None", "netInterestIncome": "-137000000", "interestIncome": "None", "interestExpense": "137000000", "nonInterestIncome": "2871000000", "otherNonOperatingIncome": "None", "depreciation": "320000000", "depreciationAndAmortization": "320000000", "incomeBeforeTax": "582000000", "incomeTaxExpense": "220000000", "interestAndDebtExpense": "137000000", "netIncomeFromContinuingOperations": "362000000", "comprehensiveIncomeNetOfTax": "368000000", "ebit": "719000000", "ebitda": "1039000000", "netIncome": "362000000"}, {"fiscalDateEnding": "2016-12-31", "reportedCurrency": "USD", "grossProfit": "3037000000", "totalRevenue": "3037000000", "costOfRevenue": "1299000000", "costofGoodsAndServicesSold": "447000000", "operatingIncome": "1004000000", "sellingGeneralAndAdministrative": "852000000", "researchAndDevelopment": "None", "operatingExpenses": "2009000000", "investmentIncomeNet": "None", "netInterestIncome": "-156000000", "interestIncome": "None", "interestExpense": "156000000", "nonInterestIncome": "9000000", "otherNonOperatingIncome": "None", "depreciation": "348000000", "depreciationAndAmortization": "348000000", "incomeBeforeTax": "751000000", "incomeTaxExpense": "293000000", "interestAndDebtExpense": "386000000", "netIncomeFromContinuingOperations": "1004000000", "comprehensiveIncomeNetOfTax": "457000000", "ebit": "907000000", "ebitda": "1255000000", "netIncome": "458000000"}]}