{"symbol": "CTLT", "annualReports": [{"fiscalDateEnding": "2021-06-30", "reportedCurrency": "USD", "grossProfit": "1352000000", "totalRevenue": "3998000000", "costOfRevenue": "2646000000", "costofGoodsAndServicesSold": "2646000000", "operatingIncome": "828000000", "sellingGeneralAndAdministrative": "687000000", "researchAndDevelopment": "21000000", "operatingExpenses": "1026000000", "investmentIncomeNet": "None", "netInterestIncome": "-110000000", "interestIncome": "-58000000", "interestExpense": "52000000", "nonInterestIncome": "4000000", "otherNonOperatingIncome": "20000000", "depreciation": "196000000", "depreciationAndAmortization": "289000000", "incomeBeforeTax": "715000000", "incomeTaxExpense": "130000000", "interestAndDebtExpense": "49000000", "netIncomeFromContinuingOperations": "585000000", "comprehensiveIncomeNetOfTax": "654000000", "ebit": "828000000", "ebitda": "1056000000", "netIncome": "585000000"}, {"fiscalDateEnding": "2020-06-30", "reportedCurrency": "USD", "grossProfit": "983000000", "totalRevenue": "3094000000", "costOfRevenue": "2111000000", "costofGoodsAndServicesSold": "2111000000", "operatingIncome": "394000000", "sellingGeneralAndAdministrative": "577000000", "researchAndDevelopment": "21000000", "operatingExpenses": "841300000", "investmentIncomeNet": "None", "netInterestIncome": "-126000000", "interestIncome": "-102100000", "interestExpense": "24000000", "nonInterestIncome": "-1700000", "otherNonOperatingIncome": "5000000", "depreciation": "165000000", "depreciationAndAmortization": "254000000", "incomeBeforeTax": "260400000", "incomeTaxExpense": "39000000", "interestAndDebtExpense": "30000000", "netIncomeFromContinuingOperations": "220700000", "comprehensiveIncomeNetOfTax": "188300000", "ebit": "394400000", "ebitda": "538100000", "netIncome": "221000000"}, {"fiscalDateEnding": "2019-06-30", "reportedCurrency": "USD", "grossProfit": "805100000", "totalRevenue": "2518000000", "costOfRevenue": "1712900000", "costofGoodsAndServicesSold": "1712900000", "operatingIncome": "273900000", "sellingGeneralAndAdministrative": "512000000", "researchAndDevelopment": "3300000", "operatingExpenses": "757800000", "investmentIncomeNet": "None", "netInterestIncome": "-110900000", "interestIncome": "-101700000", "interestExpense": "9200000", "nonInterestIncome": "8100000", "otherNonOperatingIncome": "12600000", "depreciation": "140400000", "depreciationAndAmortization": "228600000", "incomeBeforeTax": "160300000", "incomeTaxExpense": "22900000", "interestAndDebtExpense": "9200000", "netIncomeFromContinuingOperations": "137400000", "comprehensiveIncomeNetOfTax": "109300000", "ebit": "273900000", "ebitda": "398100000", "netIncome": "137400000"}, {"fiscalDateEnding": "2018-06-30", "reportedCurrency": "USD", "grossProfit": "752600000", "totalRevenue": "2463400000", "costOfRevenue": "1710800000", "costofGoodsAndServicesSold": "1710800000", "operatingIncome": "268900000", "sellingGeneralAndAdministrative": "464800000", "researchAndDevelopment": "6300000", "operatingExpenses": "666700000", "investmentIncomeNet": "None", "netInterestIncome": "-111400000", "interestIncome": "-97100000", "interestExpense": "14300000", "nonInterestIncome": "-9100000", "otherNonOperatingIncome": "1700000", "depreciation": "127500000", "depreciationAndAmortization": "190100000", "incomeBeforeTax": "152000000", "incomeTaxExpense": "68400000", "interestAndDebtExpense": "14300000", "netIncomeFromContinuingOperations": "83600000", "comprehensiveIncomeNetOfTax": "71900000", "ebit": "268900000", "ebitda": "356400000", "netIncome": "83600000"}, {"fiscalDateEnding": "2017-06-30", "reportedCurrency": "USD", "grossProfit": "654600000", "totalRevenue": "2075400000", "costOfRevenue": "1420800000", "costofGoodsAndServicesSold": "1420800000", "operatingIncome": "234200000", "sellingGeneralAndAdministrative": "402600000", "researchAndDevelopment": "7000000", "operatingExpenses": "556300000", "investmentIncomeNet": "None", "netInterestIncome": "-90100000", "interestIncome": "-87800000", "interestExpense": "2300000", "nonInterestIncome": "-29100000", "otherNonOperatingIncome": "0", "depreciation": "102200000", "depreciationAndAmortization": "146500000", "incomeBeforeTax": "135600000", "incomeTaxExpense": "25800000", "interestAndDebtExpense": "2300000", "netIncomeFromContinuingOperations": "109800000", "comprehensiveIncomeNetOfTax": "101400000", "ebit": "234200000", "ebitda": "284400000", "netIncome": "109800000"}], "quarterlyReports": [{"fiscalDateEnding": "2021-09-30", "reportedCurrency": "USD", "grossProfit": "324000000", "totalRevenue": "1025000000", "costOfRevenue": "701000000", "costofGoodsAndServicesSold": "701000000", "operatingIncome": "138000000", "sellingGeneralAndAdministrative": "183000000", "researchAndDevelopment": "6000000", "operatingExpenses": "275000000", "investmentIncomeNet": "None", "netInterestIncome": "-26000000", "interestIncome": "-20000000", "interestExpense": "6000000", "nonInterestIncome": "-8000000", "otherNonOperatingIncome": "4000000", "depreciation": "None", "depreciationAndAmortization": "81000000", "incomeBeforeTax": "103000000", "incomeTaxExpense": "10000000", "interestAndDebtExpense": "2000000", "netIncomeFromContinuingOperations": "93000000", "comprehensiveIncomeNetOfTax": "81000000", "ebit": "138000000", "ebitda": "190000000", "netIncome": "93000000"}, {"fiscalDateEnding": "2021-06-30", "reportedCurrency": "USD", "grossProfit": "439300000", "totalRevenue": "1188200000", "costOfRevenue": "748900000", "costofGoodsAndServicesSold": "748900000", "operatingIncome": "251300000", "sellingGeneralAndAdministrative": "184100000", "researchAndDevelopment": "6000000", "operatingExpenses": "282700000", "investmentIncomeNet": "None", "netInterestIncome": "-31900000", "interestIncome": "-6500000", "interestExpense": "25400000", "nonInterestIncome": "-1200000", "otherNonOperatingIncome": "1800000", "depreciation": "None", "depreciationAndAmortization": "73000000", "incomeBeforeTax": "221500000", "incomeTaxExpense": "39100000", "interestAndDebtExpense": "24200000", "netIncomeFromContinuingOperations": "182400000", "comprehensiveIncomeNetOfTax": "189000000", "ebit": "251300000", "ebitda": "319900000", "netIncome": "182400000"}, {"fiscalDateEnding": "2021-03-31", "reportedCurrency": "USD", "grossProfit": "365600000", "totalRevenue": "1053300000", "costOfRevenue": "687700000", "costofGoodsAndServicesSold": "687700000", "operatingIncome": "368600000", "sellingGeneralAndAdministrative": "172700000", "researchAndDevelopment": "3400000", "operatingExpenses": "255000000", "investmentIncomeNet": "None", "netInterestIncome": "-26900000", "interestIncome": "-3600000", "interestExpense": "23300000", "nonInterestIncome": "-5800000", "otherNonOperatingIncome": "-500000", "depreciation": "None", "depreciationAndAmortization": "75900000", "incomeBeforeTax": "317100000", "incomeTaxExpense": "85300000", "interestAndDebtExpense": "21500000", "netIncomeFromContinuingOperations": "231800000", "comprehensiveIncomeNetOfTax": "237500000", "ebit": "368600000", "ebitda": "416300000", "netIncome": "231800000"}, {"fiscalDateEnding": "2020-12-31", "reportedCurrency": "USD", "grossProfit": "298200000", "totalRevenue": "910800000", "costOfRevenue": "612600000", "costofGoodsAndServicesSold": "612600000", "operatingIncome": "126600000", "sellingGeneralAndAdministrative": "165500000", "researchAndDevelopment": "5200000", "operatingExpenses": "247200000", "investmentIncomeNet": "None", "netInterestIncome": "-25900000", "interestIncome": "-24300000", "interestExpense": "1600000", "nonInterestIncome": "-2300000", "otherNonOperatingIncome": "8100000", "depreciation": "None", "depreciationAndAmortization": "71000000", "incomeBeforeTax": "109000000", "incomeTaxExpense": "20600000", "interestAndDebtExpense": "1600000", "netIncomeFromContinuingOperations": "88400000", "comprehensiveIncomeNetOfTax": "128800000", "ebit": "126600000", "ebitda": "181600000", "netIncome": "88400000"}, {"fiscalDateEnding": "2020-09-30", "reportedCurrency": "USD", "grossProfit": "249000000", "totalRevenue": "846000000", "costOfRevenue": "596800000", "costofGoodsAndServicesSold": "597000000", "operatingIncome": "82000000", "sellingGeneralAndAdministrative": "165000000", "researchAndDevelopment": "6400000", "operatingExpenses": "241100000", "investmentIncomeNet": "None", "netInterestIncome": "-26000000", "interestIncome": "-23600000", "interestExpense": "1700000", "nonInterestIncome": "1900000", "otherNonOperatingIncome": "10000000", "depreciation": "None", "depreciationAndAmortization": "69000000", "incomeBeforeTax": "67400000", "incomeTaxExpense": "-15000000", "interestAndDebtExpense": "1700000", "netIncomeFromContinuingOperations": "82400000", "comprehensiveIncomeNetOfTax": "98700000", "ebit": "81500000", "ebitda": "138200000", "netIncome": "82000000"}, {"fiscalDateEnding": "2020-06-30", "reportedCurrency": "USD", "grossProfit": "334600000", "totalRevenue": "947600000", "costOfRevenue": "613000000", "costofGoodsAndServicesSold": "613000000", "operatingIncome": "170200000", "sellingGeneralAndAdministrative": "158000000", "researchAndDevelopment": "5600000", "operatingExpenses": "231600000", "investmentIncomeNet": "None", "netInterestIncome": "-20500000", "interestIncome": "-26300000", "interestExpense": "-5800000", "nonInterestIncome": "-6900000", "otherNonOperatingIncome": "28200000", "depreciation": "None", "depreciationAndAmortization": "66400000", "incomeBeforeTax": "179000000", "incomeTaxExpense": "24800000", "interestAndDebtExpense": "200000", "netIncomeFromContinuingOperations": "334600000", "comprehensiveIncomeNetOfTax": "334600000", "ebit": "170200000", "ebitda": "239600000", "netIncome": "154200000"}, {"fiscalDateEnding": "2020-03-31", "reportedCurrency": "USD", "grossProfit": "238800000", "totalRevenue": "760600000", "costOfRevenue": "521800000", "costofGoodsAndServicesSold": "521800000", "operatingIncome": "100800000", "sellingGeneralAndAdministrative": "136100000", "researchAndDevelopment": "5900000", "operatingExpenses": "202200000", "investmentIncomeNet": "None", "netInterestIncome": "-34400000", "interestIncome": "-31700000", "interestExpense": "2700000", "nonInterestIncome": "1200000", "otherNonOperatingIncome": "-26000000", "depreciation": "None", "depreciationAndAmortization": "64800000", "incomeBeforeTax": "29700000", "incomeTaxExpense": "8800000", "interestAndDebtExpense": "8700000", "netIncomeFromContinuingOperations": "20900000", "comprehensiveIncomeNetOfTax": "-22100000", "ebit": "100800000", "ebitda": "97200000", "netIncome": "20900000"}, {"fiscalDateEnding": "2019-12-31", "reportedCurrency": "USD", "grossProfit": "232200000", "totalRevenue": "721400000", "costOfRevenue": "489200000", "costofGoodsAndServicesSold": "489200000", "operatingIncome": "89000000", "sellingGeneralAndAdministrative": "141000000", "researchAndDevelopment": "4900000", "operatingExpenses": "203400000", "investmentIncomeNet": "None", "netInterestIncome": "-34900000", "interestIncome": "-31600000", "interestExpense": "3300000", "nonInterestIncome": "-10600000", "otherNonOperatingIncome": "11100000", "depreciation": "None", "depreciationAndAmortization": "61900000", "incomeBeforeTax": "58500000", "incomeTaxExpense": "13000000", "interestAndDebtExpense": "3300000", "netIncomeFromContinuingOperations": "45500000", "comprehensiveIncomeNetOfTax": "70900000", "ebit": "89000000", "ebitda": "123700000", "netIncome": "45500000"}, {"fiscalDateEnding": "2019-09-30", "reportedCurrency": "USD", "grossProfit": "177700000", "totalRevenue": "664700000", "costOfRevenue": "487000000", "costofGoodsAndServicesSold": "487000000", "operatingIncome": "34400000", "sellingGeneralAndAdministrative": "142800000", "researchAndDevelopment": "4600000", "operatingExpenses": "204100000", "investmentIncomeNet": "None", "netInterestIncome": "-36300000", "interestIncome": "-31700000", "interestExpense": "4600000", "nonInterestIncome": "9800000", "otherNonOperatingIncome": "-7900000", "depreciation": "None", "depreciationAndAmortization": "60600000", "incomeBeforeTax": "-6800000", "incomeTaxExpense": "-6900000", "interestAndDebtExpense": "4600000", "netIncomeFromContinuingOperations": "100000", "comprehensiveIncomeNetOfTax": "-22000000", "ebit": "34400000", "ebitda": "58400000", "netIncome": "100000"}, {"fiscalDateEnding": "2019-06-30", "reportedCurrency": "USD", "grossProfit": "256500000", "totalRevenue": "725700000", "costOfRevenue": "469200000", "costofGoodsAndServicesSold": "469200000", "operatingIncome": "109500000", "sellingGeneralAndAdministrative": "143400000", "researchAndDevelopment": "900000", "operatingExpenses": "202400000", "investmentIncomeNet": "None", "netInterestIncome": "-30900000", "interestIncome": "-28800000", "interestExpense": "2100000", "nonInterestIncome": "-3400000", "otherNonOperatingIncome": "13100000", "depreciation": "None", "depreciationAndAmortization": "54700000", "incomeBeforeTax": "79800000", "incomeTaxExpense": "8700000", "interestAndDebtExpense": "2100000", "netIncomeFromContinuingOperations": "256500000", "comprehensiveIncomeNetOfTax": "256500000", "ebit": "109500000", "ebitda": "136600000", "netIncome": "71100000"}, {"fiscalDateEnding": "2019-03-31", "reportedCurrency": "USD", "grossProfit": "198700000", "totalRevenue": "617500000", "costOfRevenue": "418800000", "costofGoodsAndServicesSold": "418800000", "operatingIncome": "65800000", "sellingGeneralAndAdministrative": "129900000", "researchAndDevelopment": "900000", "operatingExpenses": "199400000", "investmentIncomeNet": "None", "netInterestIncome": "-26400000", "interestIncome": "-25400000", "interestExpense": "1000000", "nonInterestIncome": "6100000", "otherNonOperatingIncome": "0", "depreciation": "None", "depreciationAndAmortization": "66400000", "incomeBeforeTax": "42600000", "incomeTaxExpense": "10900000", "interestAndDebtExpense": "1000000", "netIncomeFromContinuingOperations": "31700000", "comprehensiveIncomeNetOfTax": "53600000", "ebit": "65800000", "ebitda": "110000000", "netIncome": "31700000"}, {"fiscalDateEnding": "2018-12-31", "reportedCurrency": "USD", "grossProfit": "201400000", "totalRevenue": "623000000", "costOfRevenue": "421600000", "costofGoodsAndServicesSold": "421600000", "operatingIncome": "78200000", "sellingGeneralAndAdministrative": "123200000", "researchAndDevelopment": "1000000", "operatingExpenses": "177900000", "investmentIncomeNet": "None", "netInterestIncome": "-25500000", "interestIncome": "-24600000", "interestExpense": "900000", "nonInterestIncome": "8700000", "otherNonOperatingIncome": "-700000", "depreciation": "None", "depreciationAndAmortization": "54600000", "incomeBeforeTax": "51300000", "incomeTaxExpense": "2300000", "interestAndDebtExpense": "900000", "netIncomeFromContinuingOperations": "49000000", "comprehensiveIncomeNetOfTax": "32000000", "ebit": "78200000", "ebitda": "106800000", "netIncome": "49000000"}, {"fiscalDateEnding": "2018-09-30", "reportedCurrency": "USD", "grossProfit": "148500000", "totalRevenue": "551800000", "costOfRevenue": "403300000", "costofGoodsAndServicesSold": "403300000", "operatingIncome": "20400000", "sellingGeneralAndAdministrative": "115500000", "researchAndDevelopment": "500000", "operatingExpenses": "178100000", "investmentIncomeNet": "None", "netInterestIncome": "-28100000", "interestIncome": "-22900000", "interestExpense": "5200000", "nonInterestIncome": "-4500000", "otherNonOperatingIncome": "200000", "depreciation": "34700000", "depreciationAndAmortization": "52900000", "incomeBeforeTax": "-13400000", "incomeTaxExpense": "1000000", "interestAndDebtExpense": "5200000", "netIncomeFromContinuingOperations": "-14400000", "comprehensiveIncomeNetOfTax": "-22800000", "ebit": "20400000", "ebitda": "44700000", "netIncome": "-14400000"}, {"fiscalDateEnding": "2018-06-30", "reportedCurrency": "USD", "grossProfit": "233400000", "totalRevenue": "685300000", "costOfRevenue": "451900000", "costofGoodsAndServicesSold": "451900000", "operatingIncome": "96700000", "sellingGeneralAndAdministrative": "124900000", "researchAndDevelopment": "1200000", "operatingExpenses": "188200000", "investmentIncomeNet": "None", "netInterestIncome": "-30000000", "interestIncome": "-27500000", "interestExpense": "2500000", "nonInterestIncome": "36900000", "otherNonOperatingIncome": "800000", "depreciation": "35100000", "depreciationAndAmortization": "52600000", "incomeBeforeTax": "89400000", "incomeTaxExpense": "6700000", "interestAndDebtExpense": "2500000", "netIncomeFromContinuingOperations": "82700000", "comprehensiveIncomeNetOfTax": "12500000", "ebit": "96700000", "ebitda": "144500000", "netIncome": "82700000"}, {"fiscalDateEnding": "2018-03-31", "reportedCurrency": "USD", "grossProfit": "191700000", "totalRevenue": "627900000", "costOfRevenue": "436200000", "costofGoodsAndServicesSold": "436200000", "operatingIncome": "72500000", "sellingGeneralAndAdministrative": "117600000", "researchAndDevelopment": "1800000", "operatingExpenses": "170100000", "investmentIncomeNet": "None", "netInterestIncome": "-29900000", "interestIncome": "-29900000", "interestExpense": "0", "nonInterestIncome": "-25900000", "otherNonOperatingIncome": "500000", "depreciation": "34100000", "depreciationAndAmortization": "51700000", "incomeBeforeTax": "32700000", "incomeTaxExpense": "13700000", "interestAndDebtExpense": "0", "netIncomeFromContinuingOperations": "19000000", "comprehensiveIncomeNetOfTax": "58300000", "ebit": "72500000", "ebitda": "84400000", "netIncome": "19000000"}, {"fiscalDateEnding": "2017-12-31", "reportedCurrency": "USD", "grossProfit": "187400000", "totalRevenue": "606300000", "costOfRevenue": "418900000", "costofGoodsAndServicesSold": "418900000", "operatingIncome": "68300000", "sellingGeneralAndAdministrative": "114800000", "researchAndDevelopment": "1500000", "operatingExpenses": "162000000", "investmentIncomeNet": "None", "netInterestIncome": "-27200000", "interestIncome": "-16700000", "interestExpense": "10500000", "nonInterestIncome": "-4100000", "otherNonOperatingIncome": "0", "depreciation": "30700000", "depreciationAndAmortization": "46800000", "incomeBeforeTax": "28000000", "incomeTaxExpense": "49900000", "interestAndDebtExpense": "10500000", "netIncomeFromContinuingOperations": "-21900000", "comprehensiveIncomeNetOfTax": "-37800000", "ebit": "68300000", "ebitda": "85300000", "netIncome": "-21900000"}, {"fiscalDateEnding": "2017-09-30", "reportedCurrency": "USD", "grossProfit": "140100000", "totalRevenue": "543900000", "costOfRevenue": "403800000", "costofGoodsAndServicesSold": "403800000", "operatingIncome": "31400000", "sellingGeneralAndAdministrative": "107500000", "researchAndDevelopment": "1800000", "operatingExpenses": "148300000", "investmentIncomeNet": "None", "netInterestIncome": "-24300000", "interestIncome": "-23000000", "interestExpense": "1300000", "nonInterestIncome": "-21700000", "otherNonOperatingIncome": "500000", "depreciation": "27600000", "depreciationAndAmortization": "39000000", "incomeBeforeTax": "1900000", "incomeTaxExpense": "-1900000", "interestAndDebtExpense": "1300000", "netIncomeFromContinuingOperations": "-81100000", "comprehensiveIncomeNetOfTax": "-92800000", "ebit": "31400000", "ebitda": "42200000", "netIncome": "3800000"}, {"fiscalDateEnding": "2017-06-30", "reportedCurrency": "USD", "grossProfit": "215200000", "totalRevenue": "700300000", "costOfRevenue": "551200000", "costofGoodsAndServicesSold": "401700000", "operatingIncome": "96900000", "sellingGeneralAndAdministrative": "107300000", "researchAndDevelopment": "1700000", "operatingExpenses": "151900000", "investmentIncomeNet": "None", "netInterestIncome": "-22600000", "interestIncome": "-20300000", "interestExpense": "2300000", "nonInterestIncome": "-13200000", "otherNonOperatingIncome": "-700000", "depreciation": "27500000", "depreciationAndAmortization": "38700000", "incomeBeforeTax": "69200000", "incomeTaxExpense": "7400000", "interestAndDebtExpense": "-2000000", "netIncomeFromContinuingOperations": "61800000", "comprehensiveIncomeNetOfTax": "74000000", "ebit": "96900000", "ebitda": "110200000", "netIncome": "61800000"}, {"fiscalDateEnding": "2017-03-31", "reportedCurrency": "USD", "grossProfit": "167400000", "totalRevenue": "489200000", "costOfRevenue": "502700000", "costofGoodsAndServicesSold": "365200000", "operatingIncome": "64600000", "sellingGeneralAndAdministrative": "100900000", "researchAndDevelopment": "2300000", "operatingExpenses": "137500000", "investmentIncomeNet": "None", "netInterestIncome": "-22600000", "interestIncome": "None", "interestExpense": "22600000", "nonInterestIncome": "-20800000", "otherNonOperatingIncome": "0", "depreciation": "25500000", "depreciationAndAmortization": "36500000", "incomeBeforeTax": "34700000", "incomeTaxExpense": "8700000", "interestAndDebtExpense": "0", "netIncomeFromContinuingOperations": "26000000", "comprehensiveIncomeNetOfTax": "52400000", "ebit": "64600000", "ebitda": "101100000", "netIncome": "26000000"}, {"fiscalDateEnding": "2016-12-31", "reportedCurrency": "USD", "grossProfit": "147900000", "totalRevenue": "480700000", "costOfRevenue": "470800000", "costofGoodsAndServicesSold": "335800000", "operatingIncome": "47900000", "sellingGeneralAndAdministrative": "96200000", "researchAndDevelopment": "1500000", "operatingExpenses": "131800000", "investmentIncomeNet": "None", "netInterestIncome": "-22800000", "interestIncome": "None", "interestExpense": "22800000", "nonInterestIncome": "19800000", "otherNonOperatingIncome": "800000", "depreciation": "24400000", "depreciationAndAmortization": "35500000", "incomeBeforeTax": "26900000", "incomeTaxExpense": "9500000", "interestAndDebtExpense": "-4300000", "netIncomeFromContinuingOperations": "17400000", "comprehensiveIncomeNetOfTax": "-31000000", "ebit": "47900000", "ebitda": "83400000", "netIncome": "17400000"}]}