{"symbol": "CTVA", "annualReports": [{"fiscalDateEnding": "2020-12-31", "reportedCurrency": "USD", "grossProfit": "1983000000", "totalRevenue": "14217000000", "costOfRevenue": "12234000000", "costofGoodsAndServicesSold": "8507000000", "operatingIncome": "-3040000000", "sellingGeneralAndAdministrative": "3043000000", "researchAndDevelopment": "1142000000", "operatingExpenses": "5023000000", "investmentIncomeNet": "None", "netInterestIncome": "56000000", "interestIncome": "56000000", "interestExpense": "0", "nonInterestIncome": "-80000000", "otherNonOperatingIncome": "212000000", "depreciation": "495000000", "depreciationAndAmortization": "684000000", "incomeBeforeTax": "600000000", "incomeTaxExpense": "-81000000", "interestAndDebtExpense": "45000000", "netIncomeFromContinuingOperations": "756000000", "comprehensiveIncomeNetOfTax": "1061000000", "ebit": "600000000", "ebitda": "1284000000", "netIncome": "681000000"}, {"fiscalDateEnding": "2019-12-31", "reportedCurrency": "USD", "grossProfit": "1499000000", "totalRevenue": "13846000000", "costOfRevenue": "12347000000", "costofGoodsAndServicesSold": "8575000000", "operatingIncome": "-3420000000", "sellingGeneralAndAdministrative": "3065000000", "researchAndDevelopment": "1147000000", "operatingExpenses": "4919000000", "investmentIncomeNet": "None", "netInterestIncome": "58000000", "interestIncome": "59000000", "interestExpense": "1000000", "nonInterestIncome": "-174000000", "otherNonOperatingIncome": "None", "depreciation": "525000000", "depreciationAndAmortization": "485000000", "incomeBeforeTax": "-1005000000", "incomeTaxExpense": "-46000000", "interestAndDebtExpense": "136000000", "netIncomeFromContinuingOperations": "-270000000", "comprehensiveIncomeNetOfTax": "-2083000000", "ebit": "-1004000000", "ebitda": "-519000000", "netIncome": "-959000000"}], "quarterlyReports": [{"fiscalDateEnding": "2021-09-30", "reportedCurrency": "USD", "grossProfit": "-39000000", "totalRevenue": "2371000000", "costOfRevenue": "2410000000", "costofGoodsAndServicesSold": "1558000000", "operatingIncome": "-1188000000", "sellingGeneralAndAdministrative": "672000000", "researchAndDevelopment": "297000000", "operatingExpenses": "1149000000", "investmentIncomeNet": "None", "netInterestIncome": "19000000", "interestIncome": "19000000", "interestExpense": "8000000", "nonInterestIncome": "41000000", "otherNonOperatingIncome": "None", "depreciation": "None", "depreciationAndAmortization": "180000000", "incomeBeforeTax": "2000000", "incomeTaxExpense": "-28000000", "interestAndDebtExpense": "8000000", "netIncomeFromContinuingOperations": "36000000", "comprehensiveIncomeNetOfTax": "-370000000", "ebit": "-1188000000", "ebitda": "-1008000000", "netIncome": "30000000"}, {"fiscalDateEnding": "2021-06-30", "reportedCurrency": "USD", "grossProfit": "1439000000", "totalRevenue": "5627000000", "costOfRevenue": "4188000000", "costofGoodsAndServicesSold": "3010000000", "operatingIncome": "-32000000", "sellingGeneralAndAdministrative": "998000000", "researchAndDevelopment": "293000000", "operatingExpenses": "1471000000", "investmentIncomeNet": "None", "netInterestIncome": "18000000", "interestIncome": "18000000", "interestExpense": "7000000", "nonInterestIncome": "-89000000", "otherNonOperatingIncome": "None", "depreciation": "None", "depreciationAndAmortization": "180000000", "incomeBeforeTax": "1254000000", "incomeTaxExpense": "284000000", "interestAndDebtExpense": "7000000", "netIncomeFromContinuingOperations": "1018000000", "comprehensiveIncomeNetOfTax": "1092000000", "ebit": "-32000000", "ebitda": "148000000", "netIncome": "970000000"}, {"fiscalDateEnding": "2021-03-31", "reportedCurrency": "USD", "grossProfit": "842000000", "totalRevenue": "4178000000", "costOfRevenue": "3336000000", "costofGoodsAndServicesSold": "2420000000", "operatingIncome": "-350000000", "sellingGeneralAndAdministrative": "733000000", "researchAndDevelopment": "281000000", "operatingExpenses": "1192000000", "investmentIncomeNet": "None", "netInterestIncome": "21000000", "interestIncome": "21000000", "interestExpense": "7000000", "nonInterestIncome": "-24000000", "otherNonOperatingIncome": "None", "depreciation": "None", "depreciationAndAmortization": "183000000", "incomeBeforeTax": "778000000", "incomeTaxExpense": "178000000", "interestAndDebtExpense": "7000000", "netIncomeFromContinuingOperations": "613000000", "comprehensiveIncomeNetOfTax": "123000000", "ebit": "-350000000", "ebitda": "-167000000", "netIncome": "600000000"}, {"fiscalDateEnding": "2020-12-31", "reportedCurrency": "USD", "grossProfit": "1095000000", "totalRevenue": "3207000000", "costOfRevenue": "2112000000", "costofGoodsAndServicesSold": "2112000000", "operatingIncome": "1095000000", "sellingGeneralAndAdministrative": "724000000", "researchAndDevelopment": "305000000", "operatingExpenses": "1213000000", "investmentIncomeNet": "None", "netInterestIncome": "18000000", "interestIncome": "-36000000", "interestExpense": "10000000", "nonInterestIncome": "-141000000", "otherNonOperatingIncome": "None", "depreciation": "None", "depreciationAndAmortization": "183000000", "incomeBeforeTax": "-128000000", "incomeTaxExpense": "-169000000", "interestAndDebtExpense": "10000000", "netIncomeFromContinuingOperations": "99000000", "comprehensiveIncomeNetOfTax": "947000000", "ebit": "1095000000", "ebitda": "1278000000", "netIncome": "41000000"}, {"fiscalDateEnding": "2020-09-30", "reportedCurrency": "USD", "grossProfit": "-193000000", "totalRevenue": "1863000000", "costOfRevenue": "2056000000", "costofGoodsAndServicesSold": "1297000000", "operatingIncome": "-1236000000", "sellingGeneralAndAdministrative": "597000000", "researchAndDevelopment": "284000000", "operatingExpenses": "1043000000", "investmentIncomeNet": "None", "netInterestIncome": "11000000", "interestIncome": "-67000000", "interestExpense": "11000000", "nonInterestIncome": "-48000000", "otherNonOperatingIncome": "None", "depreciation": "None", "depreciationAndAmortization": "162000000", "incomeBeforeTax": "-509000000", "incomeTaxExpense": "-117000000", "interestAndDebtExpense": "11000000", "netIncomeFromContinuingOperations": "-390000000", "comprehensiveIncomeNetOfTax": "-343000000", "ebit": "-1236000000", "ebitda": "-1074000000", "netIncome": "-392000000"}, {"fiscalDateEnding": "2020-06-30", "reportedCurrency": "USD", "grossProfit": "1042000000", "totalRevenue": "5191000000", "costOfRevenue": "4149000000", "costofGoodsAndServicesSold": "2829000000", "operatingIncome": "-551000000", "sellingGeneralAndAdministrative": "965000000", "researchAndDevelopment": "273000000", "operatingExpenses": "1593000000", "investmentIncomeNet": "None", "netInterestIncome": "9000000", "interestIncome": "9000000", "interestExpense": "14000000", "nonInterestIncome": "5000000", "otherNonOperatingIncome": "None", "depreciation": "None", "depreciationAndAmortization": "176000000", "incomeBeforeTax": "838000000", "incomeTaxExpense": "78000000", "interestAndDebtExpense": "14000000", "netIncomeFromContinuingOperations": "766000000", "comprehensiveIncomeNetOfTax": "848000000", "ebit": "-551000000", "ebitda": "-375000000", "netIncome": "760000000"}, {"fiscalDateEnding": "2020-03-31", "reportedCurrency": "USD", "grossProfit": "697000000", "totalRevenue": "3956000000", "costOfRevenue": "3259000000", "costofGoodsAndServicesSold": "2269000000", "operatingIncome": "-633000000", "sellingGeneralAndAdministrative": "757000000", "researchAndDevelopment": "280000000", "operatingExpenses": "1330000000", "investmentIncomeNet": "None", "netInterestIncome": "18000000", "interestIncome": "18000000", "interestExpense": "10000000", "nonInterestIncome": "106000000", "otherNonOperatingIncome": "None", "depreciation": "None", "depreciationAndAmortization": "163000000", "incomeBeforeTax": "399000000", "incomeTaxExpense": "127000000", "interestAndDebtExpense": "10000000", "netIncomeFromContinuingOperations": "281000000", "comprehensiveIncomeNetOfTax": "-391000000", "ebit": "-633000000", "ebitda": "-470000000", "netIncome": "272000000"}, {"fiscalDateEnding": "2019-12-31", "reportedCurrency": "USD", "grossProfit": "960000000", "totalRevenue": "2983000000", "costOfRevenue": "2023000000", "costofGoodsAndServicesSold": "1968000000", "operatingIncome": "905000000", "sellingGeneralAndAdministrative": "747000000", "researchAndDevelopment": "290000000", "operatingExpenses": "55000000", "investmentIncomeNet": "None", "netInterestIncome": "12000000", "interestIncome": "13000000", "interestExpense": "24000000", "nonInterestIncome": "-76000000", "otherNonOperatingIncome": "None", "depreciation": "128000000", "depreciationAndAmortization": "162000000", "incomeBeforeTax": "-166000000", "incomeTaxExpense": "-145000000", "interestAndDebtExpense": "24000000", "netIncomeFromContinuingOperations": "-42000000", "comprehensiveIncomeNetOfTax": "-624000000", "ebit": "905000000", "ebitda": "1067000000", "netIncome": "-21000000"}, {"fiscalDateEnding": "2019-09-30", "reportedCurrency": "USD", "grossProfit": "-230000000", "totalRevenue": "1911000000", "costOfRevenue": "2141000000", "costofGoodsAndServicesSold": "1349000000", "operatingIncome": "-1311000000", "sellingGeneralAndAdministrative": "646000000", "researchAndDevelopment": "289000000", "operatingExpenses": "1081000000", "investmentIncomeNet": "None", "netInterestIncome": "13000000", "interestIncome": "13000000", "interestExpense": "19000000", "nonInterestIncome": "44000000", "otherNonOperatingIncome": "None", "depreciation": "126000000", "depreciationAndAmortization": "100000000", "incomeBeforeTax": "-598000000", "incomeTaxExpense": "-104000000", "interestAndDebtExpense": "19000000", "netIncomeFromContinuingOperations": "-527000000", "comprehensiveIncomeNetOfTax": "-786000000", "ebit": "-1311000000", "ebitda": "-1211000000", "netIncome": "-494000000"}, {"fiscalDateEnding": "2019-06-30", "reportedCurrency": "USD", "grossProfit": "1399000000", "totalRevenue": "5556000000", "costOfRevenue": "4157000000", "costofGoodsAndServicesSold": "3047000000", "operatingIncome": "20000000", "sellingGeneralAndAdministrative": "937000000", "researchAndDevelopment": "269000000", "operatingExpenses": "1379000000", "investmentIncomeNet": "None", "netInterestIncome": "17000000", "interestIncome": "17000000", "interestExpense": "34000000", "nonInterestIncome": "-100000000", "otherNonOperatingIncome": "None", "depreciation": "114000000", "depreciationAndAmortization": "113000000", "incomeBeforeTax": "-338000000", "incomeTaxExpense": "270000000", "interestAndDebtExpense": "34000000", "netIncomeFromContinuingOperations": "483000000", "comprehensiveIncomeNetOfTax": "-763000000", "ebit": "20000000", "ebitda": "133000000", "netIncome": "-608000000"}, {"fiscalDateEnding": "2019-03-31", "reportedCurrency": "USD", "grossProfit": "708000000", "totalRevenue": "3396000000", "costOfRevenue": "5580000000", "costofGoodsAndServicesSold": "2211000000", "operatingIncome": "-992000000", "sellingGeneralAndAdministrative": "735000000", "researchAndDevelopment": "299000000", "operatingExpenses": "1700000000", "investmentIncomeNet": "None", "netInterestIncome": "23000000", "interestIncome": "-70000000", "interestExpense": "56000000", "nonInterestIncome": "-30000000", "otherNonOperatingIncome": "None", "depreciation": "None", "depreciationAndAmortization": "320000000", "incomeBeforeTax": "97000000", "incomeTaxExpense": "-67000000", "interestAndDebtExpense": "59000000", "netIncomeFromContinuingOperations": "89000000", "comprehensiveIncomeNetOfTax": "90000000", "ebit": "-992000000", "ebitda": "-672000000", "netIncome": "164000000"}, {"fiscalDateEnding": "2018-12-31", "reportedCurrency": "USD", "grossProfit": "2218000000", "totalRevenue": "2815000000", "costOfRevenue": "597000000", "costofGoodsAndServicesSold": "2024000000", "operatingIncome": "1383000000", "sellingGeneralAndAdministrative": "694000000", "researchAndDevelopment": "345000000", "operatingExpenses": "835000000", "investmentIncomeNet": "None", "netInterestIncome": "None", "interestIncome": "None", "interestExpense": "-175000000", "nonInterestIncome": "None", "otherNonOperatingIncome": "None", "depreciation": "None", "depreciationAndAmortization": "698000000", "incomeBeforeTax": "-375000000", "incomeTaxExpense": "156000000", "interestAndDebtExpense": "86000000", "netIncomeFromContinuingOperations": "-715000000", "comprehensiveIncomeNetOfTax": "-1620000000", "ebit": "-37000000", "ebitda": "661000000", "netIncome": "-531000000"}, {"fiscalDateEnding": "2018-09-30", "reportedCurrency": "USD", "grossProfit": "462000000", "totalRevenue": "1947000000", "costOfRevenue": "1485000000", "costofGoodsAndServicesSold": "1485000000", "operatingIncome": "-584000000", "sellingGeneralAndAdministrative": "633000000", "researchAndDevelopment": "325000000", "operatingExpenses": "1046000000", "investmentIncomeNet": "None", "netInterestIncome": "None", "interestIncome": "None", "interestExpense": "82000000", "nonInterestIncome": "None", "otherNonOperatingIncome": "None", "depreciation": "127000000", "depreciationAndAmortization": "682000000", "incomeBeforeTax": "-5129000000", "incomeTaxExpense": "-8000000", "interestAndDebtExpense": "82000000", "netIncomeFromContinuingOperations": "-167000000", "comprehensiveIncomeNetOfTax": "-5207000000", "ebit": "-5047000000", "ebitda": "-4365000000", "netIncome": "-5121000000"}, {"fiscalDateEnding": "2018-06-30", "reportedCurrency": "USD", "grossProfit": "2044000000", "totalRevenue": "5731000000", "costOfRevenue": "3687000000", "costofGoodsAndServicesSold": "3687000000", "operatingIncome": "618000000", "sellingGeneralAndAdministrative": "965000000", "researchAndDevelopment": "354000000", "operatingExpenses": "1426000000", "investmentIncomeNet": "None", "netInterestIncome": "None", "interestIncome": "None", "interestExpense": "88000000", "nonInterestIncome": "None", "otherNonOperatingIncome": "None", "depreciation": "130000000", "depreciationAndAmortization": "763000000", "incomeBeforeTax": "627000000", "incomeTaxExpense": "-67000000", "interestAndDebtExpense": "88000000", "netIncomeFromContinuingOperations": "153500000", "comprehensiveIncomeNetOfTax": "-1321000000", "ebit": "715000000", "ebitda": "1478000000", "netIncome": "694000000"}, {"fiscalDateEnding": "2018-03-31", "reportedCurrency": "USD", "grossProfit": "1852000000", "totalRevenue": "3794000000", "costOfRevenue": "4847000000", "costofGoodsAndServicesSold": "2752000000", "operatingIncome": "243000000", "sellingGeneralAndAdministrative": "959000000", "researchAndDevelopment": "382000000", "operatingExpenses": "1609000000", "investmentIncomeNet": "None", "netInterestIncome": "None", "interestIncome": "None", "interestExpense": "80000000", "nonInterestIncome": "None", "otherNonOperatingIncome": "None", "depreciation": "None", "depreciationAndAmortization": "647000000", "incomeBeforeTax": "-80000000", "incomeTaxExpense": "27000000", "interestAndDebtExpense": "80000000", "netIncomeFromContinuingOperations": "153500000", "comprehensiveIncomeNetOfTax": "744000000", "ebit": "-114000000", "ebitda": "533000000", "netIncome": "-107000000"}, {"fiscalDateEnding": "2017-12-31", "reportedCurrency": "USD", "grossProfit": "None", "totalRevenue": "3790000000", "costOfRevenue": "None", "costofGoodsAndServicesSold": "2915000000", "operatingIncome": "None", "sellingGeneralAndAdministrative": "920000000", "researchAndDevelopment": "484000000", "operatingExpenses": "None", "investmentIncomeNet": "None", "netInterestIncome": "None", "interestIncome": "None", "interestExpense": "None", "nonInterestIncome": "None", "otherNonOperatingIncome": "None", "depreciation": "None", "depreciationAndAmortization": "None", "incomeBeforeTax": "-1039000000", "incomeTaxExpense": "-2221000000", "interestAndDebtExpense": "115000000", "netIncomeFromContinuingOperations": "None", "comprehensiveIncomeNetOfTax": "762000000", "ebit": "None", "ebitda": "None", "netIncome": "1182000000"}]}