{"symbol": "CZR", "annualReports": [{"fiscalDateEnding": "2020-12-31", "reportedCurrency": "USD", "grossProfit": "332000000", "totalRevenue": "2245000000", "costOfRevenue": "1913000000", "costofGoodsAndServicesSold": "29000000", "operatingIncome": "-437000000", "sellingGeneralAndAdministrative": "946000000", "researchAndDevelopment": "None", "operatingExpenses": "2034000000", "investmentIncomeNet": "None", "netInterestIncome": "-1174000000", "interestIncome": "None", "interestExpense": "1174000000", "nonInterestIncome": "3406000000", "otherNonOperatingIncome": "176000000", "depreciation": "None", "depreciationAndAmortization": "583000000", "incomeBeforeTax": "-1631000000", "incomeTaxExpense": "126000000", "interestAndDebtExpense": "1371000000", "netIncomeFromContinuingOperations": "-1758000000", "comprehensiveIncomeNetOfTax": "-1723000000", "ebit": "-457000000", "ebitda": "126000000", "netIncome": "-1757000000"}, {"fiscalDateEnding": "2019-12-31", "reportedCurrency": "USD", "grossProfit": "1409531000", "totalRevenue": "2284076000", "costOfRevenue": "874545000", "costofGoodsAndServicesSold": "1186149000", "operatingIncome": "410000000", "sellingGeneralAndAdministrative": "606124000", "researchAndDevelopment": "None", "operatingExpenses": "779032000", "investmentIncomeNet": "None", "netInterestIncome": "-286248000", "interestIncome": "-248000", "interestExpense": "286000000", "nonInterestIncome": "2570324000", "otherNonOperatingIncome": "9000000", "depreciation": "None", "depreciationAndAmortization": "222000000", "incomeBeforeTax": "125000000", "incomeTaxExpense": "44000000", "interestAndDebtExpense": "293748000", "netIncomeFromContinuingOperations": "81001000", "comprehensiveIncomeNetOfTax": "81000000", "ebit": "411000000", "ebitda": "633000000", "netIncome": "81000000"}, {"fiscalDateEnding": "2018-12-31", "reportedCurrency": "USD", "grossProfit": "1217812000", "totalRevenue": "1883278000", "costOfRevenue": "665466000", "costofGoodsAndServicesSold": "1055592000", "operatingIncome": "310000000", "sellingGeneralAndAdministrative": "455759000", "researchAndDevelopment": "None", "operatingExpenses": "629177000", "investmentIncomeNet": "None", "netInterestIncome": "-171732000", "interestIncome": "268000", "interestExpense": "172000000", "nonInterestIncome": "2055010000", "otherNonOperatingIncome": "-3000000", "depreciation": "None", "depreciationAndAmortization": "157000000", "incomeBeforeTax": "135000000", "incomeTaxExpense": "40000000", "interestAndDebtExpense": "171894000", "netIncomeFromContinuingOperations": "95235000", "comprehensiveIncomeNetOfTax": "95000000", "ebit": "307000000", "ebitda": "464000000", "netIncome": "95000000"}, {"fiscalDateEnding": "2017-12-31", "reportedCurrency": "USD", "grossProfit": "212580000", "totalRevenue": "1473504000", "costOfRevenue": "1260924000", "costofGoodsAndServicesSold": "767367000", "operatingIncome": "94810000", "sellingGeneralAndAdministrative": "323620000", "researchAndDevelopment": "None", "operatingExpenses": "1629111000", "investmentIncomeNet": "None", "netInterestIncome": "-99769000", "interestIncome": "-99769000", "interestExpense": "99769000", "nonInterestIncome": "-38749000", "otherNonOperatingIncome": "-138199000", "depreciation": "None", "depreciationAndAmortization": "105891000", "incomeBeforeTax": "-43389000", "incomeTaxExpense": "-116769000", "interestAndDebtExpense": "138199000", "netIncomeFromContinuingOperations": "73940000", "comprehensiveIncomeNetOfTax": "73447000", "ebit": "56380000", "ebitda": "162271000", "netIncome": "73380000"}, {"fiscalDateEnding": "2016-12-31", "reportedCurrency": "USD", "grossProfit": "128805000", "totalRevenue": "892896000", "costOfRevenue": "764091000", "costofGoodsAndServicesSold": "502949000", "operatingIncome": "88700000", "sellingGeneralAndAdministrative": "170772000", "researchAndDevelopment": "None", "operatingExpenses": "965366000", "investmentIncomeNet": "None", "netInterestIncome": "-50917000", "interestIncome": "-50917000", "interestExpense": "50917000", "nonInterestIncome": "-991000", "otherNonOperatingIncome": "-51072000", "depreciation": "None", "depreciationAndAmortization": "63449000", "incomeBeforeTax": "37628000", "incomeTaxExpense": "13101000", "interestAndDebtExpense": "51072000", "netIncomeFromContinuingOperations": "24802000", "comprehensiveIncomeNetOfTax": "24527000", "ebit": "88545000", "ebitda": "151994000", "netIncome": "24527000"}], "quarterlyReports": [{"fiscalDateEnding": "2021-09-30", "reportedCurrency": "USD", "grossProfit": "1129000000", "totalRevenue": "2005000000", "costOfRevenue": "876000000", "costofGoodsAndServicesSold": "1284000000", "operatingIncome": "532000000", "sellingGeneralAndAdministrative": "486000000", "researchAndDevelopment": "None", "operatingExpenses": "783000000", "investmentIncomeNet": "None", "netInterestIncome": "-579000000", "interestIncome": "None", "interestExpense": "579000000", "nonInterestIncome": "2568000000", "otherNonOperatingIncome": "-153000000", "depreciation": "None", "depreciationAndAmortization": "276000000", "incomeBeforeTax": "-323000000", "incomeTaxExpense": "-90000000", "interestAndDebtExpense": "696000000", "netIncomeFromContinuingOperations": "-229000000", "comprehensiveIncomeNetOfTax": "-258000000", "ebit": "256000000", "ebitda": "532000000", "netIncome": "-233000000"}, {"fiscalDateEnding": "2021-06-30", "reportedCurrency": "USD", "grossProfit": "1111000000", "totalRevenue": "1909000000", "costOfRevenue": "798000000", "costofGoodsAndServicesSold": "1045000000", "operatingIncome": "590000000", "sellingGeneralAndAdministrative": "418000000", "researchAndDevelopment": "None", "operatingExpenses": "791000000", "investmentIncomeNet": "None", "netInterestIncome": "-576000000", "interestIncome": "None", "interestExpense": "576000000", "nonInterestIncome": "2479000000", "otherNonOperatingIncome": "110000000", "depreciation": "None", "depreciationAndAmortization": "301000000", "incomeBeforeTax": "70000000", "incomeTaxExpense": "-1000000", "interestAndDebtExpense": "599000000", "netIncomeFromContinuingOperations": "101000000", "comprehensiveIncomeNetOfTax": "73000000", "ebit": "646000000", "ebitda": "947000000", "netIncome": "71000000"}, {"fiscalDateEnding": "2021-03-31", "reportedCurrency": "USD", "grossProfit": "444000000", "totalRevenue": "1143000000", "costOfRevenue": "699000000", "costofGoodsAndServicesSold": "796000000", "operatingIncome": "186000000", "sellingGeneralAndAdministrative": "366000000", "researchAndDevelopment": "None", "operatingExpenses": "651000000", "investmentIncomeNet": "None", "netInterestIncome": "-563000000", "interestIncome": "None", "interestExpense": "563000000", "nonInterestIncome": "1699000000", "otherNonOperatingIncome": "-133000000", "depreciation": "None", "depreciationAndAmortization": "265000000", "incomeBeforeTax": "-502000000", "incomeTaxExpense": "-79000000", "interestAndDebtExpense": "563000000", "netIncomeFromContinuingOperations": "-430000000", "comprehensiveIncomeNetOfTax": "-412000000", "ebit": "61000000", "ebitda": "326000000", "netIncome": "-423000000"}, {"fiscalDateEnding": "2020-12-31", "reportedCurrency": "USD", "grossProfit": "-911000000", "totalRevenue": "1497000000", "costOfRevenue": "744000000", "costofGoodsAndServicesSold": "777000000", "operatingIncome": "-83000000", "sellingGeneralAndAdministrative": "451000000", "researchAndDevelopment": "None", "operatingExpenses": "685000000", "investmentIncomeNet": "None", "netInterestIncome": "-1782000000", "interestIncome": "-1216000000", "interestExpense": "566000000", "nonInterestIncome": "1602000000", "otherNonOperatingIncome": "177000000", "depreciation": "None", "depreciationAndAmortization": "261000000", "incomeBeforeTax": "-493000000", "incomeTaxExpense": "62000000", "interestAndDebtExpense": "590000000", "netIncomeFromContinuingOperations": "-558000000", "comprehensiveIncomeNetOfTax": "-536000000", "ebit": "73000000", "ebitda": "334000000", "netIncome": "-555000000"}, {"fiscalDateEnding": "2020-09-30", "reportedCurrency": "USD", "grossProfit": "949000000", "totalRevenue": "1677000000", "costOfRevenue": "728000000", "costofGoodsAndServicesSold": "16000000", "operatingIncome": "-131000000", "sellingGeneralAndAdministrative": "330000000", "researchAndDevelopment": "None", "operatingExpenses": "879000000", "investmentIncomeNet": "None", "netInterestIncome": "473000000", "interestIncome": "946000000", "interestExpense": "485000000", "nonInterestIncome": "1204000000", "otherNonOperatingIncome": "9000000", "depreciation": "None", "depreciationAndAmortization": "225000000", "incomeBeforeTax": "-791000000", "incomeTaxExpense": "138000000", "interestAndDebtExpense": "646000000", "netIncomeFromContinuingOperations": "-919000000", "comprehensiveIncomeNetOfTax": "-911000000", "ebit": "-318000000", "ebitda": "-95000000", "netIncome": "-926000000"}, {"fiscalDateEnding": "2020-06-30", "reportedCurrency": "USD", "grossProfit": "-74451000", "totalRevenue": "58334000", "costOfRevenue": "132785000", "costofGoodsAndServicesSold": "58629000", "operatingIncome": "-79000000", "sellingGeneralAndAdministrative": "69967000", "researchAndDevelopment": "None", "operatingExpenses": "131671000", "investmentIncomeNet": "None", "netInterestIncome": "-68136000", "interestIncome": "-136000", "interestExpense": "68000000", "nonInterestIncome": "126470000", "otherNonOperatingIncome": "13000000", "depreciation": "None", "depreciationAndAmortization": "49000000", "incomeBeforeTax": "-133657000", "incomeTaxExpense": "-34000000", "interestAndDebtExpense": "68136000", "netIncomeFromContinuingOperations": "-100000000", "comprehensiveIncomeNetOfTax": "-100000000", "ebit": "-65521000", "ebitda": "-16582000", "netIncome": "-100000000"}, {"fiscalDateEnding": "2020-03-31", "reportedCurrency": "USD", "grossProfit": "69447000", "totalRevenue": "406447000", "costOfRevenue": "337000000", "costofGoodsAndServicesSold": "243860000", "operatingIncome": "-123000000", "sellingGeneralAndAdministrative": "116628000", "researchAndDevelopment": "None", "operatingExpenses": "326361000", "investmentIncomeNet": "None", "netInterestIncome": "-66464000", "interestIncome": "536000", "interestExpense": "67000000", "nonInterestIncome": "472911000", "otherNonOperatingIncome": "-23000000", "depreciation": "None", "depreciationAndAmortization": "50000000", "incomeBeforeTax": "-213000000", "incomeTaxExpense": "-37000000", "interestAndDebtExpense": "66622000", "netIncomeFromContinuingOperations": "-176000000", "comprehensiveIncomeNetOfTax": "-176000000", "ebit": "-146000000", "ebitda": "-96000000", "netIncome": "-176000000"}, {"fiscalDateEnding": "2019-12-31", "reportedCurrency": "USD", "grossProfit": "592124000", "totalRevenue": "592124000", "costOfRevenue": "214882000", "costofGoodsAndServicesSold": "279595000", "operatingIncome": "58912000", "sellingGeneralAndAdministrative": "148365000", "researchAndDevelopment": "None", "operatingExpenses": "175101000", "investmentIncomeNet": "None", "netInterestIncome": "-503248000", "interestIncome": "-434248000", "interestExpense": "69000000", "nonInterestIncome": "592124000", "otherNonOperatingIncome": "9000000", "depreciation": "None", "depreciationAndAmortization": "55000000", "incomeBeforeTax": "-8219000", "incomeTaxExpense": "5000000", "interestAndDebtExpense": "75339000", "netIncomeFromContinuingOperations": "58912000", "comprehensiveIncomeNetOfTax": "-13000000", "ebit": "60781000", "ebitda": "115781000", "netIncome": "-13219000"}, {"fiscalDateEnding": "2019-09-30", "reportedCurrency": "USD", "grossProfit": "369053000", "totalRevenue": "589796000", "costOfRevenue": "220743000", "costofGoodsAndServicesSold": "302368000", "operatingIncome": "125000000", "sellingGeneralAndAdministrative": "156059000", "researchAndDevelopment": "None", "operatingExpenses": "208935000", "investmentIncomeNet": "None", "netInterestIncome": "72000000", "interestIncome": "144000000", "interestExpense": "72000000", "nonInterestIncome": "661693000", "otherNonOperatingIncome": "3000000", "depreciation": "None", "depreciationAndAmortization": "53000000", "incomeBeforeTax": "55000000", "incomeTaxExpense": "18000000", "interestAndDebtExpense": "73101000", "netIncomeFromContinuingOperations": "37055000", "comprehensiveIncomeNetOfTax": "37000000", "ebit": "127000000", "ebitda": "180000000", "netIncome": "37000000"}, {"fiscalDateEnding": "2019-06-30", "reportedCurrency": "USD", "grossProfit": "348190000", "totalRevenue": "564957000", "costOfRevenue": "216767000", "costofGoodsAndServicesSold": "298596000", "operatingIncome": "102550000", "sellingGeneralAndAdministrative": "149511000", "researchAndDevelopment": "None", "operatingExpenses": "206410000", "investmentIncomeNet": "None", "netInterestIncome": "-71798000", "interestIncome": "-73196000", "interestExpense": "71798000", "nonInterestIncome": "636755000", "otherNonOperatingIncome": "-73196000", "depreciation": "None", "depreciationAndAmortization": "56533000", "incomeBeforeTax": "29354000", "incomeTaxExpense": "10418000", "interestAndDebtExpense": "71798000", "netIncomeFromContinuingOperations": "18936000", "comprehensiveIncomeNetOfTax": "18936000", "ebit": "101152000", "ebitda": "157685000", "netIncome": "18936000"}, {"fiscalDateEnding": "2019-03-31", "reportedCurrency": "USD", "grossProfit": "362478000", "totalRevenue": "584631000", "costOfRevenue": "222153000", "costofGoodsAndServicesSold": "305590000", "operatingIncome": "123604000", "sellingGeneralAndAdministrative": "152189000", "researchAndDevelopment": "None", "operatingExpenses": "188586000", "investmentIncomeNet": "None", "netInterestIncome": "-73510000", "interestIncome": "-74970000", "interestExpense": "73510000", "nonInterestIncome": "658141000", "otherNonOperatingIncome": "-74970000", "depreciation": "None", "depreciationAndAmortization": "57757000", "incomeBeforeTax": "48634000", "incomeTaxExpense": "10405000", "interestAndDebtExpense": "73510000", "netIncomeFromContinuingOperations": "38229000", "comprehensiveIncomeNetOfTax": "38229000", "ebit": "122144000", "ebitda": "179901000", "netIncome": "38229000"}, {"fiscalDateEnding": "2018-12-31", "reportedCurrency": "USD", "grossProfit": "671760000", "totalRevenue": "671760000", "costOfRevenue": "237829000", "costofGoodsAndServicesSold": "335899000", "operatingIncome": "86726000", "sellingGeneralAndAdministrative": "165958000", "researchAndDevelopment": "None", "operatingExpenses": "226177000", "investmentIncomeNet": "None", "netInterestIncome": "-75153000", "interestIncome": "268000", "interestExpense": "75421000", "nonInterestIncome": "671760000", "otherNonOperatingIncome": "93741000", "depreciation": "None", "depreciationAndAmortization": "57796000", "incomeBeforeTax": "8599000", "incomeTaxExpense": "8719000", "interestAndDebtExpense": "75153000", "netIncomeFromContinuingOperations": "86726000", "comprehensiveIncomeNetOfTax": "-355000", "ebit": "84020000", "ebitda": "141816000", "netIncome": "-120000"}, {"fiscalDateEnding": "2018-09-30", "reportedCurrency": "USD", "grossProfit": "305475000", "totalRevenue": "453058000", "costOfRevenue": "147583000", "costofGoodsAndServicesSold": "248735000", "operatingIncome": "91769000", "sellingGeneralAndAdministrative": "98721000", "researchAndDevelopment": "None", "operatingExpenses": "138378000", "investmentIncomeNet": "None", "netInterestIncome": "-34085000", "interestIncome": "None", "interestExpense": "34085000", "nonInterestIncome": "487143000", "otherNonOperatingIncome": "-34085000", "depreciation": "None", "depreciationAndAmortization": "35760000", "incomeBeforeTax": "57684000", "incomeTaxExpense": "19980000", "interestAndDebtExpense": "34085000", "netIncomeFromContinuingOperations": "37704000", "comprehensiveIncomeNetOfTax": "37704000", "ebit": "91769000", "ebitda": "127529000", "netIncome": "37704000"}, {"fiscalDateEnding": "2018-06-30", "reportedCurrency": "USD", "grossProfit": "290023000", "totalRevenue": "425820000", "costOfRevenue": "135797000", "costofGoodsAndServicesSold": "236720000", "operatingIncome": "77414000", "sellingGeneralAndAdministrative": "95577000", "researchAndDevelopment": "None", "operatingExpenses": "127064000", "investmentIncomeNet": "None", "netInterestIncome": "-31405000", "interestIncome": "None", "interestExpense": "31405000", "nonInterestIncome": "457225000", "otherNonOperatingIncome": "-31405000", "depreciation": "None", "depreciationAndAmortization": "31910000", "incomeBeforeTax": "46009000", "incomeTaxExpense": "9213000", "interestAndDebtExpense": "31405000", "netIncomeFromContinuingOperations": "36796000", "comprehensiveIncomeNetOfTax": "36796000", "ebit": "77414000", "ebitda": "109324000", "netIncome": "36796000"}, {"fiscalDateEnding": "2018-03-31", "reportedCurrency": "USD", "grossProfit": "72803000", "totalRevenue": "440192000", "costOfRevenue": "367389000", "costofGoodsAndServicesSold": "223132000", "operatingIncome": "54194000", "sellingGeneralAndAdministrative": "95503000", "researchAndDevelopment": "None", "operatingExpenses": "479243000", "investmentIncomeNet": "None", "netInterestIncome": "-31251000", "interestIncome": "None", "interestExpense": "31251000", "nonInterestIncome": "-706000", "otherNonOperatingIncome": "-31251000", "depreciation": "None", "depreciationAndAmortization": "31534000", "incomeBeforeTax": "22943000", "incomeTaxExpense": "2088000", "interestAndDebtExpense": "31251000", "netIncomeFromContinuingOperations": "20855000", "comprehensiveIncomeNetOfTax": "20855000", "ebit": "54194000", "ebitda": "85728000", "netIncome": "20855000"}, {"fiscalDateEnding": "2017-12-31", "reportedCurrency": "USD", "grossProfit": "428220000", "totalRevenue": "428220000", "costOfRevenue": "352784000", "costofGoodsAndServicesSold": "247346000", "operatingIncome": "29756000", "sellingGeneralAndAdministrative": "112997000", "researchAndDevelopment": "None", "operatingExpenses": "414298000", "investmentIncomeNet": "None", "netInterestIncome": "-30389000", "interestIncome": "None", "interestExpense": "30389000", "nonInterestIncome": "429901000", "otherNonOperatingIncome": "-31472000", "depreciation": "None", "depreciationAndAmortization": "36256000", "incomeBeforeTax": "-1715000", "incomeTaxExpense": "-90653000", "interestAndDebtExpense": "31472000", "netIncomeFromContinuingOperations": "29987000", "comprehensiveIncomeNetOfTax": "89005000", "ebit": "28674000", "ebitda": "64930000", "netIncome": "88938000"}, {"fiscalDateEnding": "2017-09-30", "reportedCurrency": "USD", "grossProfit": "93356000", "totalRevenue": "470745000", "costOfRevenue": "351518000", "costofGoodsAndServicesSold": "221385000", "operatingIncome": "81493000", "sellingGeneralAndAdministrative": "93219000", "researchAndDevelopment": "None", "operatingExpenses": "457052000", "investmentIncomeNet": "None", "netInterestIncome": "-29183000", "interestIncome": "None", "interestExpense": "29183000", "nonInterestIncome": "-10026000", "otherNonOperatingIncome": "-39213000", "depreciation": "None", "depreciationAndAmortization": "29122000", "incomeBeforeTax": "42279000", "incomeTaxExpense": "12592000", "interestAndDebtExpense": "39213000", "netIncomeFromContinuingOperations": "28116000", "comprehensiveIncomeNetOfTax": "29687000", "ebit": "71462000", "ebitda": "100584000", "netIncome": "29687000"}, {"fiscalDateEnding": "2017-06-30", "reportedCurrency": "USD", "grossProfit": "65813000", "totalRevenue": "373614000", "costOfRevenue": "289367000", "costofGoodsAndServicesSold": "183277000", "operatingIncome": "-30467000", "sellingGeneralAndAdministrative": "75537000", "researchAndDevelopment": "None", "operatingExpenses": "377309000", "investmentIncomeNet": "None", "netInterestIncome": "-27527000", "interestIncome": "None", "interestExpense": "27527000", "nonInterestIncome": "-27406000", "otherNonOperatingIncome": "-54844000", "depreciation": "None", "depreciationAndAmortization": "24909000", "incomeBeforeTax": "-85311000", "incomeTaxExpense": "-39121000", "interestAndDebtExpense": "54844000", "netIncomeFromContinuingOperations": "-47283000", "comprehensiveIncomeNetOfTax": "-46190000", "ebit": "-57784000", "ebitda": "-32875000", "netIncome": "-46190000"}, {"fiscalDateEnding": "2017-03-31", "reportedCurrency": "USD", "grossProfit": "23734000", "totalRevenue": "202393000", "costOfRevenue": "177191000", "costofGoodsAndServicesSold": "114477000", "operatingIncome": "14028000", "sellingGeneralAndAdministrative": "41831000", "researchAndDevelopment": "None", "operatingExpenses": "226989000", "investmentIncomeNet": "None", "netInterestIncome": "-12670000", "interestIncome": "None", "interestExpense": "12670000", "nonInterestIncome": "32000", "otherNonOperatingIncome": "-12670000", "depreciation": "None", "depreciationAndAmortization": "15604000", "incomeBeforeTax": "1358000", "incomeTaxExpense": "413000", "interestAndDebtExpense": "12670000", "netIncomeFromContinuingOperations": "1021000", "comprehensiveIncomeNetOfTax": "945000", "ebit": "14028000", "ebitda": "29632000", "netIncome": "945000"}, {"fiscalDateEnding": "2016-12-31", "reportedCurrency": "USD", "grossProfit": "206450000", "totalRevenue": "206450000", "costOfRevenue": "183182000", "costofGoodsAndServicesSold": "118420000", "operatingIncome": "13095000", "sellingGeneralAndAdministrative": "41979000", "researchAndDevelopment": "None", "operatingExpenses": "189405000", "investmentIncomeNet": "None", "netInterestIncome": "-12542000", "interestIncome": "None", "interestExpense": "12542000", "nonInterestIncome": "208340000", "otherNonOperatingIncome": "-12542000", "depreciation": "None", "depreciationAndAmortization": "15852000", "incomeBeforeTax": "408000", "incomeTaxExpense": "-553000", "interestAndDebtExpense": "12697000", "netIncomeFromContinuingOperations": "13091000", "comprehensiveIncomeNetOfTax": "685000", "ebit": "12950000", "ebitda": "28802000", "netIncome": "961000"}]}