{"symbol": "DD", "annualReports": [{"fiscalDateEnding": "2020-12-31", "reportedCurrency": "USD", "grossProfit": "1669000000", "totalRevenue": "20397000000", "costOfRevenue": "18728000000", "costofGoodsAndServicesSold": "13522000000", "operatingIncome": "-3708000000", "sellingGeneralAndAdministrative": "2235000000", "researchAndDevelopment": "860000000", "operatingExpenses": "4831000000", "investmentIncomeNet": "10000000", "netInterestIncome": "-767000000", "interestIncome": "-576000000", "interestExpense": "0", "nonInterestIncome": "537000000", "otherNonOperatingIncome": "866000000", "depreciation": "975000000", "depreciationAndAmortization": "2122000000", "incomeBeforeTax": "-2974000000", "incomeTaxExpense": "-23000000", "interestAndDebtExpense": "767000000", "netIncomeFromContinuingOperations": "-2902000000", "comprehensiveIncomeNetOfTax": "-1491000000", "ebit": "-2974000000", "ebitda": "-852000000", "netIncome": "-2951000000"}, {"fiscalDateEnding": "2019-12-31", "reportedCurrency": "USD", "grossProfit": "3425000000", "totalRevenue": "21512000000", "costOfRevenue": "18087000000", "costofGoodsAndServicesSold": "14056000000", "operatingIncome": "-1427000000", "sellingGeneralAndAdministrative": "2663000000", "researchAndDevelopment": "955000000", "operatingExpenses": "4829000000", "investmentIncomeNet": "55000000", "netInterestIncome": "-613000000", "interestIncome": "-639000000", "interestExpense": "0", "nonInterestIncome": "-110000000", "otherNonOperatingIncome": "237000000", "depreciation": "1016000000", "depreciationAndAmortization": "1054000000", "incomeBeforeTax": "638000000", "incomeTaxExpense": "140000000", "interestAndDebtExpense": "668000000", "netIncomeFromContinuingOperations": "-644000000", "comprehensiveIncomeNetOfTax": "-32000000", "ebit": "638000000", "ebitda": "1692000000", "netIncome": "498000000"}, {"fiscalDateEnding": "2018-12-31", "reportedCurrency": "USD", "grossProfit": "20644000000", "totalRevenue": "22594000000", "costOfRevenue": "1950000000", "costofGoodsAndServicesSold": "15302000000", "operatingIncome": "2556000000", "sellingGeneralAndAdministrative": "3028000000", "researchAndDevelopment": "1070000000", "operatingExpenses": "12684000000", "investmentIncomeNet": "210000000", "netInterestIncome": "-108000000", "interestIncome": "338000000", "interestExpense": "108000000", "nonInterestIncome": "-279000000", "otherNonOperatingIncome": "215000000", "depreciation": "1126000000", "depreciationAndAmortization": "1903000000", "incomeBeforeTax": "4040000000", "incomeTaxExpense": "195000000", "interestAndDebtExpense": "55000000", "netIncomeFromContinuingOperations": "4004000000", "comprehensiveIncomeNetOfTax": "1497000000", "ebit": "4148000000", "ebitda": "6051000000", "netIncome": "3845000000"}, {"fiscalDateEnding": "2017-12-31", "reportedCurrency": "USD", "grossProfit": "12693000000", "totalRevenue": "11672000000", "costOfRevenue": "-1021000000", "costofGoodsAndServicesSold": "9558000000", "operatingIncome": "-4341000000", "sellingGeneralAndAdministrative": "1615000000", "researchAndDevelopment": "657000000", "operatingExpenses": "9584000000", "investmentIncomeNet": "147000000", "netInterestIncome": "-247000000", "interestIncome": "427000000", "interestExpense": "247000000", "nonInterestIncome": "-271000000", "otherNonOperatingIncome": "147000000", "depreciation": "555000000", "depreciationAndAmortization": "1013000000", "incomeBeforeTax": "-599000000", "incomeTaxExpense": "-1758000000", "interestAndDebtExpense": "0", "netIncomeFromContinuingOperations": "1669000000", "comprehensiveIncomeNetOfTax": "1967000000", "ebit": "-352000000", "ebitda": "661000000", "netIncome": "1159000000"}], "quarterlyReports": [{"fiscalDateEnding": "2021-09-30", "reportedCurrency": "USD", "grossProfit": "805000000", "totalRevenue": "4255000000", "costOfRevenue": "3450000000", "costofGoodsAndServicesSold": "2778000000", "operatingIncome": "-6000000", "sellingGeneralAndAdministrative": "475000000", "researchAndDevelopment": "152000000", "operatingExpenses": "813000000", "investmentIncomeNet": "0", "netInterestIncome": "-115000000", "interestIncome": "-90000000", "interestExpense": "115000000", "nonInterestIncome": "4255000000", "otherNonOperatingIncome": "33000000", "depreciation": "174000000", "depreciationAndAmortization": "196000000", "incomeBeforeTax": "516000000", "incomeTaxExpense": "125000000", "interestAndDebtExpense": "115000000", "netIncomeFromContinuingOperations": "420000000", "comprehensiveIncomeNetOfTax": "235000000", "ebit": "-6000000", "ebitda": "190000000", "netIncome": "391000000"}, {"fiscalDateEnding": "2021-06-30", "reportedCurrency": "USD", "grossProfit": "996000000", "totalRevenue": "4267000000", "costOfRevenue": "3271000000", "costofGoodsAndServicesSold": "2655000000", "operatingIncome": "371000000", "sellingGeneralAndAdministrative": "459000000", "researchAndDevelopment": "148000000", "operatingExpenses": "484000000", "investmentIncomeNet": "2000000", "netInterestIncome": "-129000000", "interestIncome": "-110000000", "interestExpense": "129000000", "nonInterestIncome": "4267000000", "otherNonOperatingIncome": "171000000", "depreciation": "166000000", "depreciationAndAmortization": "167000000", "incomeBeforeTax": "629000000", "incomeTaxExpense": "151000000", "interestAndDebtExpense": "129000000", "netIncomeFromContinuingOperations": "555000000", "comprehensiveIncomeNetOfTax": "615000000", "ebit": "371000000", "ebitda": "538000000", "netIncome": "478000000"}, {"fiscalDateEnding": "2021-03-31", "reportedCurrency": "USD", "grossProfit": "833000000", "totalRevenue": "3970000000", "costOfRevenue": "3137000000", "costofGoodsAndServicesSold": "2512000000", "operatingIncome": "63000000", "sellingGeneralAndAdministrative": "456000000", "researchAndDevelopment": "156000000", "operatingExpenses": "751000000", "investmentIncomeNet": "2000000", "netInterestIncome": "-144000000", "interestIncome": "-127000000", "interestExpense": "146000000", "nonInterestIncome": "3970000000", "otherNonOperatingIncome": "42000000", "depreciation": "161000000", "depreciationAndAmortization": "167000000", "incomeBeforeTax": "5426000000", "incomeTaxExpense": "32000000", "interestAndDebtExpense": "146000000", "netIncomeFromContinuingOperations": "537000000", "comprehensiveIncomeNetOfTax": "5187000000", "ebit": "63000000", "ebitda": "230000000", "netIncome": "5394000000"}, {"fiscalDateEnding": "2020-12-31", "reportedCurrency": "USD", "grossProfit": "1161000000", "totalRevenue": "5252000000", "costOfRevenue": "4091000000", "costofGoodsAndServicesSold": "3521000000", "operatingIncome": "591000000", "sellingGeneralAndAdministrative": "537000000", "researchAndDevelopment": "216000000", "operatingExpenses": "570000000", "investmentIncomeNet": "3000000", "netInterestIncome": "-194000000", "interestIncome": "-175000000", "interestExpense": "194000000", "nonInterestIncome": "-12000000", "otherNonOperatingIncome": "67000000", "depreciation": "462000000", "depreciationAndAmortization": "528000000", "incomeBeforeTax": "99000000", "incomeTaxExpense": "-123000000", "interestAndDebtExpense": "194000000", "netIncomeFromContinuingOperations": "279000000", "comprehensiveIncomeNetOfTax": "1125000000", "ebit": "591000000", "ebitda": "1119000000", "netIncome": "222000000"}, {"fiscalDateEnding": "2020-09-30", "reportedCurrency": "USD", "grossProfit": "266000000", "totalRevenue": "5096000000", "costOfRevenue": "4830000000", "costofGoodsAndServicesSold": "2417000000", "operatingIncome": "-939000000", "sellingGeneralAndAdministrative": "403000000", "researchAndDevelopment": "140000000", "operatingExpenses": "825000000", "investmentIncomeNet": "3000000", "netInterestIncome": "-194000000", "interestIncome": "-174000000", "interestExpense": "197000000", "nonInterestIncome": "383000000", "otherNonOperatingIncome": "460000000", "depreciation": "173000000", "depreciationAndAmortization": "530000000", "incomeBeforeTax": "13000000", "incomeTaxExpense": "122000000", "interestAndDebtExpense": "165000000", "netIncomeFromContinuingOperations": "-79000000", "comprehensiveIncomeNetOfTax": "527000000", "ebit": "-939000000", "ebitda": "-409000000", "netIncome": "-79000000"}, {"fiscalDateEnding": "2020-06-30", "reportedCurrency": "USD", "grossProfit": "449000000", "totalRevenue": "4828000000", "costOfRevenue": "4379000000", "costofGoodsAndServicesSold": "2298000000", "operatingIncome": "-849000000", "sellingGeneralAndAdministrative": "414000000", "researchAndDevelopment": "153000000", "operatingExpenses": "1301000000", "investmentIncomeNet": "2000000", "netInterestIncome": "-191000000", "interestIncome": "-111000000", "interestExpense": "193000000", "nonInterestIncome": "-23000000", "otherNonOperatingIncome": "89000000", "depreciation": "172000000", "depreciationAndAmortization": "528000000", "incomeBeforeTax": "-2514000000", "incomeTaxExpense": "8000000", "interestAndDebtExpense": "181000000", "netIncomeFromContinuingOperations": "-2478000000", "comprehensiveIncomeNetOfTax": "-2133000000", "ebit": "-849000000", "ebitda": "-321000000", "netIncome": "-2478000000"}, {"fiscalDateEnding": "2020-03-31", "reportedCurrency": "USD", "grossProfit": "333000000", "totalRevenue": "5221000000", "costOfRevenue": "4888000000", "costofGoodsAndServicesSold": "2319000000", "operatingIncome": "-1267000000", "sellingGeneralAndAdministrative": "482000000", "researchAndDevelopment": "173000000", "operatingExpenses": "1412000000", "investmentIncomeNet": "2000000", "netInterestIncome": "-181000000", "interestIncome": "-150000000", "interestExpense": "183000000", "nonInterestIncome": "189000000", "otherNonOperatingIncome": "250000000", "depreciation": "168000000", "depreciationAndAmortization": "533000000", "incomeBeforeTax": "-522000000", "incomeTaxExpense": "94000000", "interestAndDebtExpense": "171000000", "netIncomeFromContinuingOperations": "-616000000", "comprehensiveIncomeNetOfTax": "-1010000000", "ebit": "-1267000000", "ebitda": "-734000000", "netIncome": "-616000000"}, {"fiscalDateEnding": "2019-12-31", "reportedCurrency": "USD", "grossProfit": "1772000000", "totalRevenue": "5204000000", "costOfRevenue": "3432000000", "costofGoodsAndServicesSold": "3408000000", "operatingIncome": "1748000000", "sellingGeneralAndAdministrative": "650000000", "researchAndDevelopment": "231000000", "operatingExpenses": "24000000", "investmentIncomeNet": "5000000", "netInterestIncome": "-170000000", "interestIncome": "-227000000", "interestExpense": "0", "nonInterestIncome": "-9000000", "otherNonOperatingIncome": "None", "depreciation": "238000000", "depreciationAndAmortization": "295000000", "incomeBeforeTax": "174000000", "incomeTaxExpense": "-2000000", "interestAndDebtExpense": "175000000", "netIncomeFromContinuingOperations": "191000000", "comprehensiveIncomeNetOfTax": "291000000", "ebit": "174000000", "ebitda": "469000000", "netIncome": "176000000"}, {"fiscalDateEnding": "2019-09-30", "reportedCurrency": "USD", "grossProfit": "920000000", "totalRevenue": "5426000000", "costOfRevenue": "4506000000", "costofGoodsAndServicesSold": "3531000000", "operatingIncome": "-200000000", "sellingGeneralAndAdministrative": "645000000", "researchAndDevelopment": "225000000", "operatingExpenses": "1136000000", "investmentIncomeNet": "1000000", "netInterestIncome": "-176000000", "interestIncome": "-156000000", "interestExpense": "0", "nonInterestIncome": "-23000000", "otherNonOperatingIncome": "122000000", "depreciation": "252000000", "depreciationAndAmortization": "248000000", "incomeBeforeTax": "450000000", "incomeTaxExpense": "78000000", "interestAndDebtExpense": "177000000", "netIncomeFromContinuingOperations": "367000000", "comprehensiveIncomeNetOfTax": "-325000000", "ebit": "450000000", "ebitda": "698000000", "netIncome": "372000000"}, {"fiscalDateEnding": "2019-06-30", "reportedCurrency": "USD", "grossProfit": "941000000", "totalRevenue": "5468000000", "costOfRevenue": "4527000000", "costofGoodsAndServicesSold": "3496000000", "operatingIncome": "-351000000", "sellingGeneralAndAdministrative": "642000000", "researchAndDevelopment": "232000000", "operatingExpenses": "1253000000", "investmentIncomeNet": "9000000", "netInterestIncome": "-156000000", "interestIncome": "-124000000", "interestExpense": "165000000", "nonInterestIncome": "-17000000", "otherNonOperatingIncome": "30000000", "depreciation": "255000000", "depreciationAndAmortization": "252000000", "incomeBeforeTax": "-416000000", "incomeTaxExpense": "155000000", "interestAndDebtExpense": "165000000", "netIncomeFromContinuingOperations": "-1094000000", "comprehensiveIncomeNetOfTax": "-543000000", "ebit": "-351000000", "ebitda": "-99000000", "netIncome": "-571000000"}, {"fiscalDateEnding": "2019-03-31", "reportedCurrency": "USD", "grossProfit": "2490000000", "totalRevenue": "5414000000", "costOfRevenue": "17159000000", "costofGoodsAndServicesSold": "3621000000", "operatingIncome": "-1947000000", "sellingGeneralAndAdministrative": "726000000", "researchAndDevelopment": "267000000", "operatingExpenses": "3107000000", "investmentIncomeNet": "75000000", "netInterestIncome": "-454000000", "interestIncome": "-132000000", "interestExpense": "454000000", "nonInterestIncome": "-11000000", "otherNonOperatingIncome": "274000000", "depreciation": "957000000", "depreciationAndAmortization": "474000000", "incomeBeforeTax": "430000000", "incomeTaxExpense": "-91000000", "interestAndDebtExpense": "151000000", "netIncomeFromContinuingOperations": "571000000", "comprehensiveIncomeNetOfTax": "545000000", "ebit": "-1947000000", "ebitda": "-1473000000", "netIncome": "521000000"}, {"fiscalDateEnding": "2018-12-31", "reportedCurrency": "USD", "grossProfit": "4532000000", "totalRevenue": "5457000000", "costOfRevenue": "925000000", "costofGoodsAndServicesSold": "3642000000", "operatingIncome": "4168000000", "sellingGeneralAndAdministrative": "727000000", "researchAndDevelopment": "262000000", "operatingExpenses": "364000000", "investmentIncomeNet": "66000000", "netInterestIncome": "None", "interestIncome": "None", "interestExpense": "432000000", "nonInterestIncome": "35000000", "otherNonOperatingIncome": "None", "depreciation": "269000000", "depreciationAndAmortization": "479000000", "incomeBeforeTax": "476000000", "incomeTaxExpense": "-6000000", "interestAndDebtExpense": "55000000", "netIncomeFromContinuingOperations": "513000000", "comprehensiveIncomeNetOfTax": "-1353000000", "ebit": "4168000000", "ebitda": "4647000000", "netIncome": "482000000"}, {"fiscalDateEnding": "2018-09-30", "reportedCurrency": "USD", "grossProfit": "4646000000", "totalRevenue": "5683000000", "costOfRevenue": "1037000000", "costofGoodsAndServicesSold": "3770000000", "operatingIncome": "-1670000000", "sellingGeneralAndAdministrative": "731000000", "researchAndDevelopment": "264000000", "operatingExpenses": "2991000000", "investmentIncomeNet": "38000000", "netInterestIncome": "None", "interestIncome": "None", "interestExpense": "362000000", "nonInterestIncome": "-109000000", "otherNonOperatingIncome": "None", "depreciation": "286000000", "depreciationAndAmortization": "462000000", "incomeBeforeTax": "538000000", "incomeTaxExpense": "37000000", "interestAndDebtExpense": "0", "netIncomeFromContinuingOperations": "535000000", "comprehensiveIncomeNetOfTax": "672000000", "ebit": "-1670000000", "ebitda": "-1208000000", "netIncome": "501000000"}, {"fiscalDateEnding": "2018-06-30", "reportedCurrency": "USD", "grossProfit": "6271000000", "totalRevenue": "5857000000", "costOfRevenue": "-414000000", "costofGoodsAndServicesSold": "4085000000", "operatingIncome": "-1220000000", "sellingGeneralAndAdministrative": "768000000", "researchAndDevelopment": "270000000", "operatingExpenses": "3378000000", "investmentIncomeNet": "51000000", "netInterestIncome": "None", "interestIncome": "None", "interestExpense": "360000000", "nonInterestIncome": "-57000000", "otherNonOperatingIncome": "None", "depreciation": "285000000", "depreciationAndAmortization": "488000000", "incomeBeforeTax": "1868000000", "incomeTaxExpense": "99000000", "interestAndDebtExpense": "0", "netIncomeFromContinuingOperations": "1803000000", "comprehensiveIncomeNetOfTax": "-376000000", "ebit": "-1220000000", "ebitda": "-732000000", "netIncome": "1769000000"}, {"fiscalDateEnding": "2018-03-31", "reportedCurrency": "USD", "grossProfit": "5195000000", "totalRevenue": "5597000000", "costOfRevenue": "402000000", "costofGoodsAndServicesSold": "3805000000", "operatingIncome": "-2198000000", "sellingGeneralAndAdministrative": "1714000000", "researchAndDevelopment": "768000000", "operatingExpenses": "3183000000", "investmentIncomeNet": "55000000", "netInterestIncome": "None", "interestIncome": "None", "interestExpense": "350000000", "nonInterestIncome": "-308000000", "otherNonOperatingIncome": "None", "depreciation": "953000000", "depreciationAndAmortization": "474000000", "incomeBeforeTax": "1482000000", "incomeTaxExpense": "389000000", "interestAndDebtExpense": "350000000", "netIncomeFromContinuingOperations": "1153000000", "comprehensiveIncomeNetOfTax": "2565000000", "ebit": "-2198000000", "ebitda": "-1724000000", "netIncome": "1093000000"}, {"fiscalDateEnding": "2017-12-31", "reportedCurrency": "USD", "grossProfit": "3416000000", "totalRevenue": "20066000000", "costOfRevenue": "16650000000", "costofGoodsAndServicesSold": "-23583000000", "operatingIncome": "-332000000", "sellingGeneralAndAdministrative": "-865000000", "researchAndDevelopment": "-698000000", "operatingExpenses": "3114000000", "investmentIncomeNet": "61000000", "netInterestIncome": "None", "interestIncome": "None", "interestExpense": "354000000", "nonInterestIncome": "-133000000", "otherNonOperatingIncome": "None", "depreciation": "-1265000000", "depreciationAndAmortization": "457000000", "incomeBeforeTax": "-4260000000", "incomeTaxExpense": "-2997000000", "interestAndDebtExpense": "-728000000", "netIncomeFromContinuingOperations": "-1159000000", "comprehensiveIncomeNetOfTax": "-1177000000", "ebit": "-332000000", "ebitda": "125000000", "netIncome": "-1263000000"}, {"fiscalDateEnding": "2017-09-30", "reportedCurrency": "USD", "grossProfit": "3168000000", "totalRevenue": "15354000000", "costOfRevenue": "12186000000", "costofGoodsAndServicesSold": "12186000000", "operatingIncome": "-866000000", "sellingGeneralAndAdministrative": "1001000000", "researchAndDevelopment": "528000000", "operatingExpenses": "1924000000", "investmentIncomeNet": "39000000", "netInterestIncome": "None", "interestIncome": "None", "interestExpense": "283000000", "nonInterestIncome": "76000000", "otherNonOperatingIncome": "513000000", "depreciation": "708000000", "depreciationAndAmortization": "244000000", "incomeBeforeTax": "1085000000", "incomeTaxExpense": "571000000", "interestAndDebtExpense": "283000000", "netIncomeFromContinuingOperations": "554000000", "comprehensiveIncomeNetOfTax": "215000000", "ebit": "-866000000", "ebitda": "-622000000", "netIncome": "514000000"}, {"fiscalDateEnding": "2017-06-30", "reportedCurrency": "USD", "grossProfit": "3073000000", "totalRevenue": "13834000000", "costOfRevenue": "10761000000", "costofGoodsAndServicesSold": "10761000000", "operatingIncome": "1653000000", "sellingGeneralAndAdministrative": "720000000", "researchAndDevelopment": "408000000", "operatingExpenses": "1417000000", "investmentIncomeNet": "None", "netInterestIncome": "None", "interestIncome": "None", "interestExpense": "226000000", "nonInterestIncome": "None", "otherNonOperatingIncome": "None", "depreciation": "534000000", "depreciationAndAmortization": "739000000", "incomeBeforeTax": "1776000000", "incomeTaxExpense": "455000000", "interestAndDebtExpense": "226000000", "netIncomeFromContinuingOperations": "-1817000000", "comprehensiveIncomeNetOfTax": "1759000000", "ebit": "2002000000", "ebitda": "2741000000", "netIncome": "1321000000"}, {"fiscalDateEnding": "2017-03-31", "reportedCurrency": "USD", "grossProfit": "3036000000", "totalRevenue": "13230000000", "costOfRevenue": "10194000000", "costofGoodsAndServicesSold": "10194000000", "operatingIncome": "1595000000", "sellingGeneralAndAdministrative": "759000000", "researchAndDevelopment": "419000000", "operatingExpenses": "1438000000", "investmentIncomeNet": "None", "netInterestIncome": "None", "interestIncome": "None", "interestExpense": "219000000", "nonInterestIncome": "None", "otherNonOperatingIncome": "None", "depreciation": "578000000", "depreciationAndAmortization": "778000000", "incomeBeforeTax": "1101000000", "incomeTaxExpense": "213000000", "interestAndDebtExpense": "219000000", "netIncomeFromContinuingOperations": "1338000000", "comprehensiveIncomeNetOfTax": "1170000000", "ebit": "1320000000", "ebitda": "2098000000", "netIncome": "888000000"}, {"fiscalDateEnding": "2016-12-31", "reportedCurrency": "USD", "grossProfit": "2446000000", "totalRevenue": "13020000000", "costOfRevenue": "10574000000", "costofGoodsAndServicesSold": "10602000000", "operatingIncome": "953000000", "sellingGeneralAndAdministrative": "787000000", "researchAndDevelopment": "434000000", "operatingExpenses": "1493000000", "investmentIncomeNet": "None", "netInterestIncome": "None", "interestIncome": "None", "interestExpense": "229000000", "nonInterestIncome": "None", "otherNonOperatingIncome": "None", "depreciation": "590000000", "depreciationAndAmortization": "795000000", "incomeBeforeTax": "-230000000", "incomeTaxExpense": "-282000000", "interestAndDebtExpense": "229000000", "netIncomeFromContinuingOperations": "3535000000", "comprehensiveIncomeNetOfTax": "-2037000000", "ebit": "-1000000", "ebitda": "794000000", "netIncome": "52000000"}]}