{"symbol": "DGX", "annualReports": [{"fiscalDateEnding": "2020-12-31", "reportedCurrency": "USD", "grossProfit": "3633000000", "totalRevenue": "9437000000", "costOfRevenue": "5804000000", "costofGoodsAndServicesSold": "5804000000", "operatingIncome": "1971000000", "sellingGeneralAndAdministrative": "1550000000", "researchAndDevelopment": "None", "operatingExpenses": "1695000000", "investmentIncomeNet": "None", "netInterestIncome": "-163000000", "interestIncome": "3000000", "interestExpense": "166000000", "nonInterestIncome": "9434000000", "otherNonOperatingIncome": "76000000", "depreciation": "258000000", "depreciationAndAmortization": "109000000", "incomeBeforeTax": "1891000000", "incomeTaxExpense": "460000000", "interestAndDebtExpense": "166000000", "netIncomeFromContinuingOperations": "1431000000", "comprehensiveIncomeNetOfTax": "1449000000", "ebit": "2057000000", "ebitda": "2166000000", "netIncome": "1431000000"}, {"fiscalDateEnding": "2019-12-31", "reportedCurrency": "USD", "grossProfit": "2689000000", "totalRevenue": "7726000000", "costOfRevenue": "5037000000", "costofGoodsAndServicesSold": "5037000000", "operatingIncome": "1231000000", "sellingGeneralAndAdministrative": "1457000000", "researchAndDevelopment": "None", "operatingExpenses": "1498000000", "investmentIncomeNet": "None", "netInterestIncome": "-175000000", "interestIncome": "5000000", "interestExpense": "180000000", "nonInterestIncome": "7796000000", "otherNonOperatingIncome": "20000000", "depreciation": "233000000", "depreciationAndAmortization": "103000000", "incomeBeforeTax": "1105000000", "incomeTaxExpense": "247000000", "interestAndDebtExpense": "180000000", "netIncomeFromContinuingOperations": "838000000", "comprehensiveIncomeNetOfTax": "878000000", "ebit": "1285000000", "ebitda": "1388000000", "netIncome": "858000000"}, {"fiscalDateEnding": "2018-12-31", "reportedCurrency": "USD", "grossProfit": "2605000000", "totalRevenue": "7531000000", "costOfRevenue": "4926000000", "costofGoodsAndServicesSold": "4926000000", "operatingIncome": "1101000000", "sellingGeneralAndAdministrative": "1424000000", "researchAndDevelopment": "None", "operatingExpenses": "1573000000", "investmentIncomeNet": "None", "netInterestIncome": "-167000000", "interestIncome": "2000000", "interestExpense": "169000000", "nonInterestIncome": "-4000000", "otherNonOperatingIncome": "-8000000", "depreciation": "219000000", "depreciationAndAmortization": "90000000", "incomeBeforeTax": "918000000", "incomeTaxExpense": "182000000", "interestAndDebtExpense": "169000000", "netIncomeFromContinuingOperations": "736000000", "comprehensiveIncomeNetOfTax": "727000000", "ebit": "1087000000", "ebitda": "1177000000", "netIncome": "736000000"}, {"fiscalDateEnding": "2017-12-31", "reportedCurrency": "USD", "grossProfit": "2683000000", "totalRevenue": "7402000000", "costOfRevenue": "4719000000", "costofGoodsAndServicesSold": "4719000000", "operatingIncome": "1165000000", "sellingGeneralAndAdministrative": "1443000000", "researchAndDevelopment": "None", "operatingExpenses": "2169000000", "investmentIncomeNet": "None", "netInterestIncome": "-151000000", "interestIncome": "2000000", "interestExpense": "153000000", "nonInterestIncome": "0", "otherNonOperatingIncome": "16000000", "depreciation": "196000000", "depreciationAndAmortization": "74000000", "incomeBeforeTax": "1013000000", "incomeTaxExpense": "241000000", "interestAndDebtExpense": "153000000", "netIncomeFromContinuingOperations": "772000000", "comprehensiveIncomeNetOfTax": "796000000", "ebit": "1166000000", "ebitda": "1240000000", "netIncome": "772000000"}, {"fiscalDateEnding": "2016-12-31", "reportedCurrency": "USD", "grossProfit": "2899000000", "totalRevenue": "7515000000", "costOfRevenue": "4616000000", "costofGoodsAndServicesSold": "4616000000", "operatingIncome": "1277000000", "sellingGeneralAndAdministrative": "1380000000", "researchAndDevelopment": "None", "operatingExpenses": "1961000000", "investmentIncomeNet": "None", "netInterestIncome": "-143000000", "interestIncome": "1000000", "interestExpense": "144000000", "nonInterestIncome": "118000000", "otherNonOperatingIncome": "-48000000", "depreciation": "177000000", "depreciationAndAmortization": "72000000", "incomeBeforeTax": "1074000000", "incomeTaxExpense": "429000000", "interestAndDebtExpense": "144000000", "netIncomeFromContinuingOperations": "645000000", "comprehensiveIncomeNetOfTax": "611000000", "ebit": "1218000000", "ebitda": "1290000000", "netIncome": "645000000"}], "quarterlyReports": [{"fiscalDateEnding": "2021-09-30", "reportedCurrency": "USD", "grossProfit": "1066000000", "totalRevenue": "2736000000", "costOfRevenue": "1670000000", "costofGoodsAndServicesSold": "1670000000", "operatingIncome": "652000000", "sellingGeneralAndAdministrative": "427000000", "researchAndDevelopment": "None", "operatingExpenses": "452000000", "investmentIncomeNet": "None", "netInterestIncome": "-38000000", "interestIncome": "-38000000", "interestExpense": "38000000", "nonInterestIncome": "2774000000", "otherNonOperatingIncome": "40000000", "depreciation": "76000000", "depreciationAndAmortization": "25000000", "incomeBeforeTax": "658000000", "incomeTaxExpense": "153000000", "interestAndDebtExpense": "38000000", "netIncomeFromContinuingOperations": "527000000", "comprehensiveIncomeNetOfTax": "502000000", "ebit": "696000000", "ebitda": "721000000", "netIncome": "505000000"}, {"fiscalDateEnding": "2021-06-30", "reportedCurrency": "USD", "grossProfit": "947000000", "totalRevenue": "2512000000", "costOfRevenue": "1565000000", "costofGoodsAndServicesSold": "1565000000", "operatingIncome": "533000000", "sellingGeneralAndAdministrative": "429000000", "researchAndDevelopment": "None", "operatingExpenses": "454000000", "investmentIncomeNet": "None", "netInterestIncome": "-38000000", "interestIncome": "-38000000", "interestExpense": "38000000", "nonInterestIncome": "2550000000", "otherNonOperatingIncome": "322000000", "depreciation": "75000000", "depreciationAndAmortization": "25000000", "incomeBeforeTax": "808000000", "incomeTaxExpense": "177000000", "interestAndDebtExpense": "38000000", "netIncomeFromContinuingOperations": "650000000", "comprehensiveIncomeNetOfTax": "652000000", "ebit": "846000000", "ebitda": "871000000", "netIncome": "631000000"}, {"fiscalDateEnding": "2021-03-31", "reportedCurrency": "USD", "grossProfit": "1056000000", "totalRevenue": "2682000000", "costOfRevenue": "1626000000", "costofGoodsAndServicesSold": "1626000000", "operatingIncome": "660000000", "sellingGeneralAndAdministrative": "407000000", "researchAndDevelopment": "None", "operatingExpenses": "434000000", "investmentIncomeNet": "None", "netInterestIncome": "-38000000", "interestIncome": "-38000000", "interestExpense": "38000000", "nonInterestIncome": "2720000000", "otherNonOperatingIncome": "4000000", "depreciation": "74000000", "depreciationAndAmortization": "27000000", "incomeBeforeTax": "622000000", "incomeTaxExpense": "153000000", "interestAndDebtExpense": "38000000", "netIncomeFromContinuingOperations": "490000000", "comprehensiveIncomeNetOfTax": "459000000", "ebit": "660000000", "ebitda": "687000000", "netIncome": "469000000"}, {"fiscalDateEnding": "2020-12-31", "reportedCurrency": "USD", "grossProfit": "1269000000", "totalRevenue": "3002000000", "costOfRevenue": "1733000000", "costofGoodsAndServicesSold": "1733000000", "operatingIncome": "795000000", "sellingGeneralAndAdministrative": "447000000", "researchAndDevelopment": "None", "operatingExpenses": "26000000", "investmentIncomeNet": "None", "netInterestIncome": "-39000000", "interestIncome": "1000000", "interestExpense": "40000000", "nonInterestIncome": "3002000000", "otherNonOperatingIncome": "2000000", "depreciation": "72000000", "depreciationAndAmortization": "26000000", "incomeBeforeTax": "770000000", "incomeTaxExpense": "191000000", "interestAndDebtExpense": "40000000", "netIncomeFromContinuingOperations": "579000000", "comprehensiveIncomeNetOfTax": "600000000", "ebit": "810000000", "ebitda": "836000000", "netIncome": "579000000"}, {"fiscalDateEnding": "2020-09-30", "reportedCurrency": "USD", "grossProfit": "1206000000", "totalRevenue": "2786000000", "costOfRevenue": "1580000000", "costofGoodsAndServicesSold": "1580000000", "operatingIncome": "718000000", "sellingGeneralAndAdministrative": "396000000", "researchAndDevelopment": "None", "operatingExpenses": "429000000", "investmentIncomeNet": "None", "netInterestIncome": "-42000000", "interestIncome": "-42000000", "interestExpense": "42000000", "nonInterestIncome": "2786000000", "otherNonOperatingIncome": "77000000", "depreciation": "62000000", "depreciationAndAmortization": "27000000", "incomeBeforeTax": "745000000", "incomeTaxExpense": "177000000", "interestAndDebtExpense": "42000000", "netIncomeFromContinuingOperations": "568000000", "comprehensiveIncomeNetOfTax": "581000000", "ebit": "787000000", "ebitda": "814000000", "netIncome": "568000000"}, {"fiscalDateEnding": "2020-06-30", "reportedCurrency": "USD", "grossProfit": "606000000", "totalRevenue": "1827000000", "costOfRevenue": "1221000000", "costofGoodsAndServicesSold": "1221000000", "operatingIncome": "283000000", "sellingGeneralAndAdministrative": "360000000", "researchAndDevelopment": "None", "operatingExpenses": "390000000", "investmentIncomeNet": "None", "netInterestIncome": "-41000000", "interestIncome": "1000000", "interestExpense": "42000000", "nonInterestIncome": "1827000000", "otherNonOperatingIncome": "13000000", "depreciation": "64000000", "depreciationAndAmortization": "25000000", "incomeBeforeTax": "251000000", "incomeTaxExpense": "66000000", "interestAndDebtExpense": "42000000", "netIncomeFromContinuingOperations": "185000000", "comprehensiveIncomeNetOfTax": "188000000", "ebit": "293000000", "ebitda": "318000000", "netIncome": "185000000"}, {"fiscalDateEnding": "2020-03-31", "reportedCurrency": "USD", "grossProfit": "552000000", "totalRevenue": "1822000000", "costOfRevenue": "1270000000", "costofGoodsAndServicesSold": "1270000000", "operatingIncome": "175000000", "sellingGeneralAndAdministrative": "347000000", "researchAndDevelopment": "None", "operatingExpenses": "374000000", "investmentIncomeNet": "None", "netInterestIncome": "-41000000", "interestIncome": "1000000", "interestExpense": "42000000", "nonInterestIncome": "1822000000", "otherNonOperatingIncome": "-16000000", "depreciation": "60000000", "depreciationAndAmortization": "25000000", "incomeBeforeTax": "125000000", "incomeTaxExpense": "26000000", "interestAndDebtExpense": "42000000", "netIncomeFromContinuingOperations": "99000000", "comprehensiveIncomeNetOfTax": "80000000", "ebit": "167000000", "ebitda": "192000000", "netIncome": "99000000"}, {"fiscalDateEnding": "2019-12-31", "reportedCurrency": "USD", "grossProfit": "662000000", "totalRevenue": "1926000000", "costOfRevenue": "1264000000", "costofGoodsAndServicesSold": "1264000000", "operatingIncome": "363000000", "sellingGeneralAndAdministrative": "349000000", "researchAndDevelopment": "None", "operatingExpenses": "-45000000", "investmentIncomeNet": "None", "netInterestIncome": "-42000000", "interestIncome": "2000000", "interestExpense": "44000000", "nonInterestIncome": "1926000000", "otherNonOperatingIncome": "7000000", "depreciation": "58000000", "depreciationAndAmortization": "27000000", "incomeBeforeTax": "325000000", "incomeTaxExpense": "72000000", "interestAndDebtExpense": "44000000", "netIncomeFromContinuingOperations": "253000000", "comprehensiveIncomeNetOfTax": "269000000", "ebit": "369000000", "ebitda": "396000000", "netIncome": "253000000"}, {"fiscalDateEnding": "2019-09-30", "reportedCurrency": "USD", "grossProfit": "692000000", "totalRevenue": "1956000000", "costOfRevenue": "1264000000", "costofGoodsAndServicesSold": "1264000000", "operatingIncome": "313000000", "sellingGeneralAndAdministrative": "362000000", "researchAndDevelopment": "None", "operatingExpenses": "386000000", "investmentIncomeNet": "None", "netInterestIncome": "-44000000", "interestIncome": "1000000", "interestExpense": "45000000", "nonInterestIncome": "1956000000", "otherNonOperatingIncome": "1000000", "depreciation": "59000000", "depreciationAndAmortization": "24000000", "incomeBeforeTax": "277000000", "incomeTaxExpense": "62000000", "interestAndDebtExpense": "45000000", "netIncomeFromContinuingOperations": "215000000", "comprehensiveIncomeNetOfTax": "218000000", "ebit": "322000000", "ebitda": "346000000", "netIncome": "215000000"}, {"fiscalDateEnding": "2019-06-30", "reportedCurrency": "USD", "grossProfit": "688000000", "totalRevenue": "1953000000", "costOfRevenue": "1265000000", "costofGoodsAndServicesSold": "1265000000", "operatingIncome": "307000000", "sellingGeneralAndAdministrative": "362000000", "researchAndDevelopment": "None", "operatingExpenses": "389000000", "investmentIncomeNet": "None", "netInterestIncome": "-45000000", "interestIncome": "1000000", "interestExpense": "46000000", "nonInterestIncome": "1953000000", "otherNonOperatingIncome": "3000000", "depreciation": "56000000", "depreciationAndAmortization": "27000000", "incomeBeforeTax": "289000000", "incomeTaxExpense": "63000000", "interestAndDebtExpense": "46000000", "netIncomeFromContinuingOperations": "206000000", "comprehensiveIncomeNetOfTax": "223000000", "ebit": "335000000", "ebitda": "362000000", "netIncome": "226000000"}, {"fiscalDateEnding": "2019-03-31", "reportedCurrency": "USD", "grossProfit": "647000000", "totalRevenue": "1891000000", "costOfRevenue": "1244000000", "costofGoodsAndServicesSold": "1244000000", "operatingIncome": "248000000", "sellingGeneralAndAdministrative": "384000000", "researchAndDevelopment": "None", "operatingExpenses": "409000000", "investmentIncomeNet": "None", "netInterestIncome": "-44000000", "interestIncome": "1000000", "interestExpense": "45000000", "nonInterestIncome": "1891000000", "otherNonOperatingIncome": "9000000", "depreciation": "60000000", "depreciationAndAmortization": "24000000", "incomeBeforeTax": "214000000", "incomeTaxExpense": "50000000", "interestAndDebtExpense": "45000000", "netIncomeFromContinuingOperations": "164000000", "comprehensiveIncomeNetOfTax": "168000000", "ebit": "259000000", "ebitda": "283000000", "netIncome": "164000000"}, {"fiscalDateEnding": "2018-12-31", "reportedCurrency": "USD", "grossProfit": "604000000", "totalRevenue": "1839000000", "costOfRevenue": "1235000000", "costofGoodsAndServicesSold": "1235000000", "operatingIncome": "220000000", "sellingGeneralAndAdministrative": "356000000", "researchAndDevelopment": "None", "operatingExpenses": "32000000", "investmentIncomeNet": "None", "netInterestIncome": "-43000000", "interestIncome": "None", "interestExpense": "43000000", "nonInterestIncome": "1835000000", "otherNonOperatingIncome": "-10000000", "depreciation": "57000000", "depreciationAndAmortization": "28000000", "incomeBeforeTax": "167000000", "incomeTaxExpense": "40000000", "interestAndDebtExpense": "43000000", "netIncomeFromContinuingOperations": "127000000", "comprehensiveIncomeNetOfTax": "126000000", "ebit": "210000000", "ebitda": "238000000", "netIncome": "127000000"}, {"fiscalDateEnding": "2018-09-30", "reportedCurrency": "USD", "grossProfit": "667000000", "totalRevenue": "1889000000", "costOfRevenue": "1222000000", "costofGoodsAndServicesSold": "1222000000", "operatingIncome": "304000000", "sellingGeneralAndAdministrative": "354000000", "researchAndDevelopment": "None", "operatingExpenses": "380000000", "investmentIncomeNet": "None", "netInterestIncome": "-41000000", "interestIncome": "1000000", "interestExpense": "42000000", "nonInterestIncome": "1889000000", "otherNonOperatingIncome": "3000000", "depreciation": "55000000", "depreciationAndAmortization": "22000000", "incomeBeforeTax": "261000000", "incomeTaxExpense": "48000000", "interestAndDebtExpense": "42000000", "netIncomeFromContinuingOperations": "213000000", "comprehensiveIncomeNetOfTax": "212000000", "ebit": "303000000", "ebitda": "325000000", "netIncome": "213000000"}, {"fiscalDateEnding": "2018-06-30", "reportedCurrency": "USD", "grossProfit": "676000000", "totalRevenue": "1919000000", "costOfRevenue": "1243000000", "costofGoodsAndServicesSold": "1243000000", "operatingIncome": "305000000", "sellingGeneralAndAdministrative": "351000000", "researchAndDevelopment": "None", "operatingExpenses": "380000000", "investmentIncomeNet": "None", "netInterestIncome": "-42000000", "interestIncome": "1000000", "interestExpense": "43000000", "nonInterestIncome": "1919000000", "otherNonOperatingIncome": "1000000", "depreciation": "55000000", "depreciationAndAmortization": "22000000", "incomeBeforeTax": "261000000", "incomeTaxExpense": "42000000", "interestAndDebtExpense": "43000000", "netIncomeFromContinuingOperations": "219000000", "comprehensiveIncomeNetOfTax": "205000000", "ebit": "304000000", "ebitda": "326000000", "netIncome": "219000000"}, {"fiscalDateEnding": "2018-03-31", "reportedCurrency": "USD", "grossProfit": "658000000", "totalRevenue": "1884000000", "costOfRevenue": "1226000000", "costofGoodsAndServicesSold": "1226000000", "operatingIncome": "272000000", "sellingGeneralAndAdministrative": "363000000", "researchAndDevelopment": "None", "operatingExpenses": "388000000", "investmentIncomeNet": "None", "netInterestIncome": "-41000000", "interestIncome": "None", "interestExpense": "41000000", "nonInterestIncome": "1884000000", "otherNonOperatingIncome": "-2000000", "depreciation": "52000000", "depreciationAndAmortization": "22000000", "incomeBeforeTax": "229000000", "incomeTaxExpense": "52000000", "interestAndDebtExpense": "41000000", "netIncomeFromContinuingOperations": "177000000", "comprehensiveIncomeNetOfTax": "184000000", "ebit": "270000000", "ebitda": "292000000", "netIncome": "177000000"}, {"fiscalDateEnding": "2017-12-31", "reportedCurrency": "USD", "grossProfit": "671000000", "totalRevenue": "1865000000", "costOfRevenue": "1194000000", "costofGoodsAndServicesSold": "1194000000", "operatingIncome": "269000000", "sellingGeneralAndAdministrative": "382000000", "researchAndDevelopment": "None", "operatingExpenses": "577000000", "investmentIncomeNet": "None", "netInterestIncome": "-39000000", "interestIncome": "None", "interestExpense": "39000000", "nonInterestIncome": "0", "otherNonOperatingIncome": "4000000", "depreciation": "53000000", "depreciationAndAmortization": "20000000", "incomeBeforeTax": "231000000", "incomeTaxExpense": "-23000000", "interestAndDebtExpense": "39000000", "netIncomeFromContinuingOperations": "215000000", "comprehensiveIncomeNetOfTax": "254000000", "ebit": "270000000", "ebitda": "290000000", "netIncome": "254000000"}, {"fiscalDateEnding": "2017-09-30", "reportedCurrency": "USD", "grossProfit": "666000000", "totalRevenue": "1856000000", "costOfRevenue": "1190000000", "costofGoodsAndServicesSold": "1190000000", "operatingIncome": "298000000", "sellingGeneralAndAdministrative": "348000000", "researchAndDevelopment": "None", "operatingExpenses": "442000000", "investmentIncomeNet": "None", "netInterestIncome": "-38000000", "interestIncome": "1000000", "interestExpense": "39000000", "nonInterestIncome": "0", "otherNonOperatingIncome": "-2000000", "depreciation": "50000000", "depreciationAndAmortization": "19000000", "incomeBeforeTax": "253000000", "incomeTaxExpense": "92000000", "interestAndDebtExpense": "39000000", "netIncomeFromContinuingOperations": "175000000", "comprehensiveIncomeNetOfTax": "173000000", "ebit": "292000000", "ebitda": "311000000", "netIncome": "161000000"}, {"fiscalDateEnding": "2017-06-30", "reportedCurrency": "USD", "grossProfit": "694000000", "totalRevenue": "1864000000", "costOfRevenue": "1170000000", "costofGoodsAndServicesSold": "1170000000", "operatingIncome": "319000000", "sellingGeneralAndAdministrative": "358000000", "researchAndDevelopment": "None", "operatingExpenses": "455000000", "investmentIncomeNet": "None", "netInterestIncome": "-38000000", "interestIncome": "None", "interestExpense": "38000000", "nonInterestIncome": "0", "otherNonOperatingIncome": "11000000", "depreciation": "48000000", "depreciationAndAmortization": "18000000", "incomeBeforeTax": "287000000", "incomeTaxExpense": "94000000", "interestAndDebtExpense": "38000000", "netIncomeFromContinuingOperations": "207000000", "comprehensiveIncomeNetOfTax": "201000000", "ebit": "325000000", "ebitda": "343000000", "netIncome": "193000000"}, {"fiscalDateEnding": "2017-03-31", "reportedCurrency": "USD", "grossProfit": "652000000", "totalRevenue": "1817000000", "costOfRevenue": "1165000000", "costofGoodsAndServicesSold": "1165000000", "operatingIncome": "279000000", "sellingGeneralAndAdministrative": "355000000", "researchAndDevelopment": "None", "operatingExpenses": "538000000", "investmentIncomeNet": "None", "netInterestIncome": "-36000000", "interestIncome": "None", "interestExpense": "37000000", "nonInterestIncome": "0", "otherNonOperatingIncome": "3000000", "depreciation": "45000000", "depreciationAndAmortization": "17000000", "incomeBeforeTax": "242000000", "incomeTaxExpense": "78000000", "interestAndDebtExpense": "37000000", "netIncomeFromContinuingOperations": "175000000", "comprehensiveIncomeNetOfTax": "168000000", "ebit": "279000000", "ebitda": "296000000", "netIncome": "164000000"}, {"fiscalDateEnding": "2016-12-31", "reportedCurrency": "USD", "grossProfit": "701000000", "totalRevenue": "1861000000", "costOfRevenue": "1160000000", "costofGoodsAndServicesSold": "1160000000", "operatingIncome": "276000000", "sellingGeneralAndAdministrative": "99000000", "researchAndDevelopment": "None", "operatingExpenses": "502000000", "investmentIncomeNet": "None", "netInterestIncome": "-36000000", "interestIncome": "None", "interestExpense": "36000000", "nonInterestIncome": "0", "otherNonOperatingIncome": "2000000", "depreciation": "45000000", "depreciationAndAmortization": "18000000", "incomeBeforeTax": "239000000", "incomeTaxExpense": "84000000", "interestAndDebtExpense": "36000000", "netIncomeFromContinuingOperations": "155000000", "comprehensiveIncomeNetOfTax": "144000000", "ebit": "275000000", "ebitda": "293000000", "netIncome": "155000000"}]}