{"symbol": "DHI", "annualReports": [{"fiscalDateEnding": "2021-09-30", "reportedCurrency": "USD", "grossProfit": "7875000000", "totalRevenue": "27774200000", "costOfRevenue": "19899200000", "costofGoodsAndServicesSold": "28600000", "operatingIncome": "5246400000", "sellingGeneralAndAdministrative": "2556200000", "researchAndDevelopment": "None", "operatingExpenses": "2628600000", "investmentIncomeNet": "None", "netInterestIncome": "-152200000", "interestIncome": "None", "interestExpense": "152200000", "nonInterestIncome": "601000000", "otherNonOperatingIncome": "41600000", "depreciation": "73300000", "depreciationAndAmortization": "73900000", "incomeBeforeTax": "5340900000", "incomeTaxExpense": "1165100000", "interestAndDebtExpense": "170300000", "netIncomeFromContinuingOperations": "4191200000", "comprehensiveIncomeNetOfTax": "4175800000", "ebit": "5493100000", "ebitda": "5414800000", "netIncome": "4175800000"}, {"fiscalDateEnding": "2020-09-30", "reportedCurrency": "USD", "grossProfit": "4937900000", "totalRevenue": "20311100000", "costOfRevenue": "15373200000", "costofGoodsAndServicesSold": "23800000", "operatingIncome": "2825700000", "sellingGeneralAndAdministrative": "2047800000", "researchAndDevelopment": "None", "operatingExpenses": "2112200000", "investmentIncomeNet": "None", "netInterestIncome": "-153300000", "interestIncome": "None", "interestExpense": "153300000", "nonInterestIncome": "437200000", "otherNonOperatingIncome": "33400000", "depreciation": "69400000", "depreciationAndAmortization": "80400000", "incomeBeforeTax": "2976200000", "incomeTaxExpense": "602500000", "interestAndDebtExpense": "153300000", "netIncomeFromContinuingOperations": "2380500000", "comprehensiveIncomeNetOfTax": "2373700000", "ebit": "3129500000", "ebitda": "3056600000", "netIncome": "2373700000"}, {"fiscalDateEnding": "2019-09-30", "reportedCurrency": "USD", "grossProfit": "3872000000", "totalRevenue": "17592900000", "costOfRevenue": "13720900000", "costofGoodsAndServicesSold": "54000000", "operatingIncome": "2024200000", "sellingGeneralAndAdministrative": "1832500000", "researchAndDevelopment": "None", "operatingExpenses": "1847800000", "investmentIncomeNet": "None", "netInterestIncome": "-140200000", "interestIncome": "None", "interestExpense": "140200000", "nonInterestIncome": "319400000", "otherNonOperatingIncome": "31400000", "depreciation": "66100000", "depreciationAndAmortization": "72000000", "incomeBeforeTax": "2125200000", "incomeTaxExpense": "506700000", "interestAndDebtExpense": "140200000", "netIncomeFromContinuingOperations": "1618600000", "comprehensiveIncomeNetOfTax": "1618500000", "ebit": "2265400000", "ebitda": "2197200000", "netIncome": "1618500000"}, {"fiscalDateEnding": "2018-09-30", "reportedCurrency": "USD", "grossProfit": "3669900000", "totalRevenue": "16068000000", "costOfRevenue": "12398100000", "costofGoodsAndServicesSold": "12398100000", "operatingIncome": "1946800000", "sellingGeneralAndAdministrative": "1676800000", "researchAndDevelopment": "None", "operatingExpenses": "1723100000", "investmentIncomeNet": "None", "netInterestIncome": "0", "interestIncome": "None", "interestExpense": "0", "nonInterestIncome": "262700000", "otherNonOperatingIncome": "45300000", "depreciation": "58200000", "depreciationAndAmortization": "62400000", "incomeBeforeTax": "2058000000", "incomeTaxExpense": "597700000", "interestAndDebtExpense": "0", "netIncomeFromContinuingOperations": "1462300000", "comprehensiveIncomeNetOfTax": "1460300000", "ebit": "2058000000", "ebitda": "2120400000", "netIncome": "1460300000"}, {"fiscalDateEnding": "2017-09-30", "reportedCurrency": "USD", "grossProfit": "3048200000", "totalRevenue": "14091000000", "costOfRevenue": "11042800000", "costofGoodsAndServicesSold": "40200000", "operatingIncome": "13873800000", "sellingGeneralAndAdministrative": "1471600000", "researchAndDevelopment": "None", "operatingExpenses": "88500000", "investmentIncomeNet": "None", "netInterestIncome": "-129300000", "interestIncome": "14500000", "interestExpense": "129300000", "nonInterestIncome": "251100000", "otherNonOperatingIncome": "25500000", "depreciation": "49400000", "depreciationAndAmortization": "54700000", "incomeBeforeTax": "1602100000", "incomeTaxExpense": "563700000", "interestAndDebtExpense": "129300000", "netIncomeFromContinuingOperations": "1038400000", "comprehensiveIncomeNetOfTax": "1038400000", "ebit": "1731400000", "ebitda": "1656800000", "netIncome": "1038400000"}], "quarterlyReports": [{"fiscalDateEnding": "2021-09-30", "reportedCurrency": "USD", "grossProfit": "2406100000", "totalRevenue": "8109300000", "costOfRevenue": "5703200000", "costofGoodsAndServicesSold": "11000000", "operatingIncome": "1686900000", "sellingGeneralAndAdministrative": "693000000", "researchAndDevelopment": "None", "operatingExpenses": "719200000", "investmentIncomeNet": "None", "netInterestIncome": "-36200000", "interestIncome": "None", "interestExpense": "36200000", "nonInterestIncome": "166100000", "otherNonOperatingIncome": "13400000", "depreciation": "23800000", "depreciationAndAmortization": "17200000", "incomeBeforeTax": "1720000000", "incomeTaxExpense": "381000000", "interestAndDebtExpense": "36200000", "netIncomeFromContinuingOperations": "1345500000", "comprehensiveIncomeNetOfTax": "1339000000", "ebit": "1756200000", "ebitda": "1737200000", "netIncome": "1339000000"}, {"fiscalDateEnding": "2021-06-30", "reportedCurrency": "USD", "grossProfit": "2072000000", "totalRevenue": "7284600000", "costOfRevenue": "5212600000", "costofGoodsAndServicesSold": "5600000", "operatingIncome": "1416300000", "sellingGeneralAndAdministrative": "655700000", "researchAndDevelopment": "None", "operatingExpenses": "655700000", "investmentIncomeNet": "None", "netInterestIncome": "-37700000", "interestIncome": "None", "interestExpense": "37700000", "nonInterestIncome": "117300000", "otherNonOperatingIncome": "17400000", "depreciation": "14700000", "depreciationAndAmortization": "17400000", "incomeBeforeTax": "1414600000", "incomeTaxExpense": "299100000", "interestAndDebtExpense": "55800000", "netIncomeFromContinuingOperations": "1116500000", "comprehensiveIncomeNetOfTax": "1115500000", "ebit": "1452300000", "ebitda": "1432000000", "netIncome": "1115500000"}, {"fiscalDateEnding": "2021-03-31", "reportedCurrency": "USD", "grossProfit": "1796000000", "totalRevenue": "6446900000", "costOfRevenue": "4650900000", "costofGoodsAndServicesSold": "3800000", "operatingIncome": "1174500000", "sellingGeneralAndAdministrative": "621500000", "researchAndDevelopment": "None", "operatingExpenses": "621500000", "investmentIncomeNet": "None", "netInterestIncome": "-37900000", "interestIncome": "None", "interestExpense": "37900000", "nonInterestIncome": "178600000", "otherNonOperatingIncome": "5400000", "depreciation": "17000000", "depreciationAndAmortization": "18900000", "incomeBeforeTax": "1175500000", "incomeTaxExpense": "246000000", "interestAndDebtExpense": "37900000", "netIncomeFromContinuingOperations": "933900000", "comprehensiveIncomeNetOfTax": "929500000", "ebit": "1213400000", "ebitda": "1194400000", "netIncome": "929500000"}, {"fiscalDateEnding": "2020-12-31", "reportedCurrency": "USD", "grossProfit": "1600900000", "totalRevenue": "5933400000", "costOfRevenue": "4332500000", "costofGoodsAndServicesSold": "8300000", "operatingIncome": "997600000", "sellingGeneralAndAdministrative": "585900000", "researchAndDevelopment": "None", "operatingExpenses": "603300000", "investmentIncomeNet": "None", "netInterestIncome": "-40400000", "interestIncome": "None", "interestExpense": "40400000", "nonInterestIncome": "138900000", "otherNonOperatingIncome": "5300000", "depreciation": "17800000", "depreciationAndAmortization": "20400000", "incomeBeforeTax": "1030900000", "incomeTaxExpense": "239100000", "interestAndDebtExpense": "40400000", "netIncomeFromContinuingOperations": "795200000", "comprehensiveIncomeNetOfTax": "791800000", "ebit": "1071300000", "ebitda": "1051300000", "netIncome": "791800000"}, {"fiscalDateEnding": "2020-09-30", "reportedCurrency": "USD", "grossProfit": "1646900000", "totalRevenue": "6400400000", "costOfRevenue": "4753500000", "costofGoodsAndServicesSold": "6000000", "operatingIncome": "6400400000", "sellingGeneralAndAdministrative": "597700000", "researchAndDevelopment": "None", "operatingExpenses": "621000000", "investmentIncomeNet": "None", "netInterestIncome": "-40000000", "interestIncome": "None", "interestExpense": "40000000", "nonInterestIncome": "173500000", "otherNonOperatingIncome": "6300000", "depreciation": "17800000", "depreciationAndAmortization": "23000000", "incomeBeforeTax": "1053900000", "incomeTaxExpense": "224900000", "interestAndDebtExpense": "40000000", "netIncomeFromContinuingOperations": "831200000", "comprehensiveIncomeNetOfTax": "829000000", "ebit": "1093900000", "ebitda": "1076900000", "netIncome": "829000000"}, {"fiscalDateEnding": "2020-06-30", "reportedCurrency": "USD", "grossProfit": "1305300000", "totalRevenue": "5390000000", "costOfRevenue": "4084700000", "costofGoodsAndServicesSold": "5000000", "operatingIncome": "777800000", "sellingGeneralAndAdministrative": "527500000", "researchAndDevelopment": "None", "operatingExpenses": "527500000", "investmentIncomeNet": "None", "netInterestIncome": "-38000000", "interestIncome": "None", "interestExpense": "38000000", "nonInterestIncome": "116700000", "otherNonOperatingIncome": "4600000", "depreciation": "17100000", "depreciationAndAmortization": "18600000", "incomeBeforeTax": "780200000", "incomeTaxExpense": "149500000", "interestAndDebtExpense": "38000000", "netIncomeFromContinuingOperations": "632900000", "comprehensiveIncomeNetOfTax": "630700000", "ebit": "818200000", "ebitda": "798800000", "netIncome": "630700000"}, {"fiscalDateEnding": "2020-03-31", "reportedCurrency": "USD", "grossProfit": "1049200000", "totalRevenue": "4500000000", "costOfRevenue": "3450800000", "costofGoodsAndServicesSold": "8900000", "operatingIncome": "582400000", "sellingGeneralAndAdministrative": "466800000", "researchAndDevelopment": "None", "operatingExpenses": "466800000", "investmentIncomeNet": "None", "netInterestIncome": "-37600000", "interestIncome": "None", "interestExpense": "37600000", "nonInterestIncome": "73300000", "otherNonOperatingIncome": "10400000", "depreciation": "17300000", "depreciationAndAmortization": "19800000", "incomeBeforeTax": "620000000", "incomeTaxExpense": "137300000", "interestAndDebtExpense": "37600000", "netIncomeFromContinuingOperations": "484000000", "comprehensiveIncomeNetOfTax": "482700000", "ebit": "657600000", "ebitda": "639800000", "netIncome": "482700000"}, {"fiscalDateEnding": "2019-12-31", "reportedCurrency": "USD", "grossProfit": "936500000", "totalRevenue": "4020700000", "costOfRevenue": "3084200000", "costofGoodsAndServicesSold": "3800000", "operatingIncome": "464100000", "sellingGeneralAndAdministrative": "455800000", "researchAndDevelopment": "None", "operatingExpenses": "472400000", "investmentIncomeNet": "None", "netInterestIncome": "-37700000", "interestIncome": "None", "interestExpense": "37700000", "nonInterestIncome": "73600000", "otherNonOperatingIncome": "11500000", "depreciation": "17200000", "depreciationAndAmortization": "19000000", "incomeBeforeTax": "522100000", "incomeTaxExpense": "90800000", "interestAndDebtExpense": "37700000", "netIncomeFromContinuingOperations": "432500000", "comprehensiveIncomeNetOfTax": "431300000", "ebit": "559800000", "ebitda": "541100000", "netIncome": "431300000"}, {"fiscalDateEnding": "2019-09-30", "reportedCurrency": "USD", "grossProfit": "1157400000", "totalRevenue": "5038900000", "costOfRevenue": "3881500000", "costofGoodsAndServicesSold": "7100000", "operatingIncome": "5031800000", "sellingGeneralAndAdministrative": "505500000", "researchAndDevelopment": "None", "operatingExpenses": "500900000", "investmentIncomeNet": "None", "netInterestIncome": "-35400000", "interestIncome": "None", "interestExpense": "35400000", "nonInterestIncome": "101100000", "otherNonOperatingIncome": "7700000", "depreciation": "17700000", "depreciationAndAmortization": "19600000", "incomeBeforeTax": "661500000", "incomeTaxExpense": "156200000", "interestAndDebtExpense": "35400000", "netIncomeFromContinuingOperations": "503900000", "comprehensiveIncomeNetOfTax": "505300000", "ebit": "696900000", "ebitda": "681100000", "netIncome": "505300000"}, {"fiscalDateEnding": "2019-06-30", "reportedCurrency": "USD", "grossProfit": "1074700000", "totalRevenue": "4906300000", "costOfRevenue": "3831600000", "costofGoodsAndServicesSold": "3831600000", "operatingIncome": "594700000", "sellingGeneralAndAdministrative": "480000000", "researchAndDevelopment": "None", "operatingExpenses": "480000000", "investmentIncomeNet": "None", "netInterestIncome": "-38100000", "interestIncome": "None", "interestExpense": "38100000", "nonInterestIncome": "85400000", "otherNonOperatingIncome": "9400000", "depreciation": "16700000", "depreciationAndAmortization": "18300000", "incomeBeforeTax": "627900000", "incomeTaxExpense": "153100000", "interestAndDebtExpense": "38100000", "netIncomeFromContinuingOperations": "473600000", "comprehensiveIncomeNetOfTax": "474800000", "ebit": "666000000", "ebitda": "646200000", "netIncome": "474800000"}, {"fiscalDateEnding": "2019-03-31", "reportedCurrency": "USD", "grossProfit": "872000000", "totalRevenue": "4128700000", "costOfRevenue": "3256700000", "costofGoodsAndServicesSold": "3270500000", "operatingIncome": "427800000", "sellingGeneralAndAdministrative": "444200000", "researchAndDevelopment": "None", "operatingExpenses": "444200000", "investmentIncomeNet": "None", "netInterestIncome": "-35000000", "interestIncome": "None", "interestExpense": "35000000", "nonInterestIncome": "73100000", "otherNonOperatingIncome": "5700000", "depreciation": "15900000", "depreciationAndAmortization": "17200000", "incomeBeforeTax": "459700000", "incomeTaxExpense": "108400000", "interestAndDebtExpense": "35000000", "netIncomeFromContinuingOperations": "354400000", "comprehensiveIncomeNetOfTax": "351300000", "ebit": "494700000", "ebitda": "476900000", "netIncome": "351300000"}, {"fiscalDateEnding": "2018-12-31", "reportedCurrency": "USD", "grossProfit": "767900000", "totalRevenue": "3519000000", "costOfRevenue": "2751100000", "costofGoodsAndServicesSold": "2759100000", "operatingIncome": "359300000", "sellingGeneralAndAdministrative": "402800000", "researchAndDevelopment": "None", "operatingExpenses": "408600000", "investmentIncomeNet": "None", "netInterestIncome": "-31700000", "interestIncome": "None", "interestExpense": "31700000", "nonInterestIncome": "59900000", "otherNonOperatingIncome": "8600000", "depreciation": "15900000", "depreciationAndAmortization": "16900000", "incomeBeforeTax": "376200000", "incomeTaxExpense": "89000000", "interestAndDebtExpense": "31700000", "netIncomeFromContinuingOperations": "286700000", "comprehensiveIncomeNetOfTax": "287200000", "ebit": "407900000", "ebitda": "393100000", "netIncome": "287200000"}, {"fiscalDateEnding": "2018-09-30", "reportedCurrency": "USD", "grossProfit": "1046100000", "totalRevenue": "4505200000", "costOfRevenue": "3459100000", "costofGoodsAndServicesSold": "3500000", "operatingIncome": "4501700000", "sellingGeneralAndAdministrative": "456900000", "researchAndDevelopment": "None", "operatingExpenses": "450400000", "investmentIncomeNet": "None", "netInterestIncome": "0", "interestIncome": "None", "interestExpense": "0", "nonInterestIncome": "69000000", "otherNonOperatingIncome": "11500000", "depreciation": "None", "depreciationAndAmortization": "15800000", "incomeBeforeTax": "604900000", "incomeTaxExpense": "138800000", "interestAndDebtExpense": "0", "netIncomeFromContinuingOperations": "468900000", "comprehensiveIncomeNetOfTax": "466200000", "ebit": "604900000", "ebitda": "620800000", "netIncome": "466100000"}, {"fiscalDateEnding": "2018-06-30", "reportedCurrency": "USD", "grossProfit": "1038100000", "totalRevenue": "4435300000", "costOfRevenue": "3397200000", "costofGoodsAndServicesSold": "3397200000", "operatingIncome": "603200000", "sellingGeneralAndAdministrative": "434900000", "researchAndDevelopment": "None", "operatingExpenses": "434900000", "investmentIncomeNet": "None", "netInterestIncome": "0", "interestIncome": "None", "interestExpense": "0", "nonInterestIncome": "68000000", "otherNonOperatingIncome": "13000000", "depreciation": "None", "depreciationAndAmortization": "13500000", "incomeBeforeTax": "616300000", "incomeTaxExpense": "162500000", "interestAndDebtExpense": "0", "netIncomeFromContinuingOperations": "453700000", "comprehensiveIncomeNetOfTax": "453800000", "ebit": "616300000", "ebitda": "629800000", "netIncome": "453800000"}, {"fiscalDateEnding": "2018-03-31", "reportedCurrency": "USD", "grossProfit": "833100000", "totalRevenue": "3794700000", "costOfRevenue": "2961600000", "costofGoodsAndServicesSold": "2991700000", "operatingIncome": "432200000", "sellingGeneralAndAdministrative": "400900000", "researchAndDevelopment": "None", "operatingExpenses": "400900000", "investmentIncomeNet": "None", "netInterestIncome": "0", "interestIncome": "None", "interestExpense": "0", "nonInterestIncome": "68800000", "otherNonOperatingIncome": "11500000", "depreciation": "None", "depreciationAndAmortization": "16900000", "incomeBeforeTax": "445000000", "incomeTaxExpense": "94000000", "interestAndDebtExpense": "0", "netIncomeFromContinuingOperations": "350800000", "comprehensiveIncomeNetOfTax": "351000000", "ebit": "445000000", "ebitda": "461900000", "netIncome": "351000000"}, {"fiscalDateEnding": "2017-12-31", "reportedCurrency": "USD", "grossProfit": "752600000", "totalRevenue": "3332700000", "costOfRevenue": "2580100000", "costofGoodsAndServicesSold": "2583800000", "operatingIncome": "354300000", "sellingGeneralAndAdministrative": "384200000", "researchAndDevelopment": "None", "operatingExpenses": "398300000", "investmentIncomeNet": "None", "netInterestIncome": "0", "interestIncome": "None", "interestExpense": "0", "nonInterestIncome": "57000000", "otherNonOperatingIncome": "9400000", "depreciation": "None", "depreciationAndAmortization": "16200000", "incomeBeforeTax": "391700000", "incomeTaxExpense": "202400000", "interestAndDebtExpense": "0", "netIncomeFromContinuingOperations": "188800000", "comprehensiveIncomeNetOfTax": "189300000", "ebit": "391700000", "ebitda": "407900000", "netIncome": "189300000"}, {"fiscalDateEnding": "2017-09-30", "reportedCurrency": "USD", "grossProfit": "895200000", "totalRevenue": "4159100000", "costOfRevenue": "3263900000", "costofGoodsAndServicesSold": "20300000", "operatingIncome": "4159100000", "sellingGeneralAndAdministrative": "416100000", "researchAndDevelopment": "None", "operatingExpenses": "-1047600000", "investmentIncomeNet": "None", "netInterestIncome": "-29900000", "interestIncome": "None", "interestExpense": "29900000", "nonInterestIncome": "65200000", "otherNonOperatingIncome": "6500000", "depreciation": "None", "depreciationAndAmortization": "14300000", "incomeBeforeTax": "485500000", "incomeTaxExpense": "172300000", "interestAndDebtExpense": "29900000", "netIncomeFromContinuingOperations": "313200000", "comprehensiveIncomeNetOfTax": "313300000", "ebit": "515400000", "ebitda": "499900000", "netIncome": "313200000"}, {"fiscalDateEnding": "2017-06-30", "reportedCurrency": "USD", "grossProfit": "815300000", "totalRevenue": "3776400000", "costOfRevenue": "2961100000", "costofGoodsAndServicesSold": "2966500000", "operatingIncome": "3776400000", "sellingGeneralAndAdministrative": "374500000", "researchAndDevelopment": "None", "operatingExpenses": "374500000", "investmentIncomeNet": "None", "netInterestIncome": "-32400000", "interestIncome": "None", "interestExpense": "32400000", "nonInterestIncome": "65000000", "otherNonOperatingIncome": "3700000", "depreciation": "None", "depreciationAndAmortization": "13100000", "incomeBeforeTax": "444500000", "incomeTaxExpense": "155500000", "interestAndDebtExpense": "32400000", "netIncomeFromContinuingOperations": "289000000", "comprehensiveIncomeNetOfTax": "289000000", "ebit": "476900000", "ebitda": "457600000", "netIncome": "289000000"}, {"fiscalDateEnding": "2017-03-31", "reportedCurrency": "USD", "grossProfit": "701400000", "totalRevenue": "3251300000", "costOfRevenue": "2549900000", "costofGoodsAndServicesSold": "2562100000", "operatingIncome": "3251300000", "sellingGeneralAndAdministrative": "355200000", "researchAndDevelopment": "None", "operatingExpenses": "355200000", "investmentIncomeNet": "None", "netInterestIncome": "-33500000", "interestIncome": "None", "interestExpense": "33500000", "nonInterestIncome": "63500000", "otherNonOperatingIncome": "7700000", "depreciation": "None", "depreciationAndAmortization": "12900000", "incomeBeforeTax": "353900000", "incomeTaxExpense": "124700000", "interestAndDebtExpense": "33500000", "netIncomeFromContinuingOperations": "229200000", "comprehensiveIncomeNetOfTax": "229200000", "ebit": "387400000", "ebitda": "366800000", "netIncome": "229200000"}, {"fiscalDateEnding": "2016-12-31", "reportedCurrency": "USD", "grossProfit": "636300000", "totalRevenue": "2904200000", "costOfRevenue": "2267900000", "costofGoodsAndServicesSold": "2270200000", "operatingIncome": "2899600000", "sellingGeneralAndAdministrative": "325900000", "researchAndDevelopment": "None", "operatingExpenses": "2300000", "investmentIncomeNet": "None", "netInterestIncome": "-33500000", "interestIncome": "None", "interestExpense": "33500000", "nonInterestIncome": "57400000", "otherNonOperatingIncome": "7700000", "depreciation": "None", "depreciationAndAmortization": "14400000", "incomeBeforeTax": "318100000", "incomeTaxExpense": "111200000", "interestAndDebtExpense": "33500000", "netIncomeFromContinuingOperations": "206900000", "comprehensiveIncomeNetOfTax": "206900000", "ebit": "351600000", "ebitda": "332500000", "netIncome": "206900000"}]}