{"symbol": "DHR", "annualReports": [{"fiscalDateEnding": "2020-12-31", "reportedCurrency": "USD", "grossProfit": "12475000000", "totalRevenue": "21983000000", "costOfRevenue": "17865000000", "costofGoodsAndServicesSold": "9809000000", "operatingIncome": "4231000000", "sellingGeneralAndAdministrative": "6896000000", "researchAndDevelopment": "1348000000", "operatingExpenses": "9435000000", "investmentIncomeNet": "71000000", "netInterestIncome": "-275000000", "interestIncome": "-204000000", "interestExpense": "275000000", "nonInterestIncome": "22258000000", "otherNonOperatingIncome": "39000000", "depreciation": "637000000", "depreciationAndAmortization": "1138000000", "incomeBeforeTax": "4495000000", "incomeTaxExpense": "849000000", "interestAndDebtExpense": "301000000", "netIncomeFromContinuingOperations": "3646000000", "comprehensiveIncomeNetOfTax": "6346000000", "ebit": "4770000000", "ebitda": "5908000000", "netIncome": "3646000000"}, {"fiscalDateEnding": "2019-12-31", "reportedCurrency": "USD", "grossProfit": "9984000000", "totalRevenue": "17796000000", "costOfRevenue": "14140700000", "costofGoodsAndServicesSold": "7927000000", "operatingIncome": "3269000000", "sellingGeneralAndAdministrative": "5589000000", "researchAndDevelopment": "1126000000", "operatingExpenses": "7369300000", "investmentIncomeNet": "139000000", "netInterestIncome": "-108600000", "interestIncome": "-600000", "interestExpense": "108000000", "nonInterestIncome": "17904600000", "otherNonOperatingIncome": "12000000", "depreciation": "564000000", "depreciationAndAmortization": "625000000", "incomeBeforeTax": "3881000000", "incomeTaxExpense": "873000000", "interestAndDebtExpense": "115100000", "netIncomeFromContinuingOperations": "2432000000", "comprehensiveIncomeNetOfTax": "2731000000", "ebit": "3989000000", "ebitda": "4614000000", "netIncome": "3008000000"}, {"fiscalDateEnding": "2018-12-31", "reportedCurrency": "USD", "grossProfit": "9505000000", "totalRevenue": "19893000000", "costOfRevenue": "10388000000", "costofGoodsAndServicesSold": "7544000000", "operatingIncome": "3055000000", "sellingGeneralAndAdministrative": "5391000000", "researchAndDevelopment": "1059000000", "operatingExpenses": "8515300000", "investmentIncomeNet": "9200000", "netInterestIncome": "-157400000", "interestIncome": "-20400000", "interestExpense": "137000000", "nonInterestIncome": "19893000000", "otherNonOperatingIncome": "35000000", "depreciation": "562000000", "depreciationAndAmortization": "706000000", "incomeBeforeTax": "3207000000", "incomeTaxExpense": "556000000", "interestAndDebtExpense": "157400000", "netIncomeFromContinuingOperations": "2406000000", "comprehensiveIncomeNetOfTax": "2005000000", "ebit": "3344000000", "ebitda": "4050000000", "netIncome": "2651000000"}, {"fiscalDateEnding": "2017-12-31", "reportedCurrency": "USD", "grossProfit": "8571300000", "totalRevenue": "18329700000", "costOfRevenue": "9758400000", "costofGoodsAndServicesSold": "6947500000", "operatingIncome": "2572300000", "sellingGeneralAndAdministrative": "5042600000", "researchAndDevelopment": "956400000", "operatingExpenses": "8024400000", "investmentIncomeNet": "7500000", "netInterestIncome": "-162700000", "interestIncome": "-22600000", "interestExpense": "140100000", "nonInterestIncome": "0", "otherNonOperatingIncome": "72800000", "depreciation": "538100000", "depreciationAndAmortization": "661000000", "incomeBeforeTax": "2863100000", "incomeTaxExpense": "371000000", "interestAndDebtExpense": "162700000", "netIncomeFromContinuingOperations": "2172200000", "comprehensiveIncomeNetOfTax": "3519600000", "ebit": "3003200000", "ebitda": "3664200000", "netIncome": "2492100000"}, {"fiscalDateEnding": "2016-12-31", "reportedCurrency": "USD", "grossProfit": "9334600000", "totalRevenue": "16882400000", "costOfRevenue": "7547800000", "costofGoodsAndServicesSold": "7547800000", "operatingIncome": "2735200000", "sellingGeneralAndAdministrative": "5624300000", "researchAndDevelopment": "975100000", "operatingExpenses": "7352100000", "investmentIncomeNet": "200000", "netInterestIncome": "-184400000", "interestIncome": "200000", "interestExpense": "184400000", "nonInterestIncome": "-178800000", "otherNonOperatingIncome": "223400000", "depreciation": "545000000", "depreciationAndAmortization": "583000000", "incomeBeforeTax": "3011600000", "incomeTaxExpense": "457900000", "interestAndDebtExpense": "363200000", "netIncomeFromContinuingOperations": "2153400000", "comprehensiveIncomeNetOfTax": "1863400000", "ebit": "3196000000", "ebitda": "3779000000", "netIncome": "2553700000"}], "quarterlyReports": [{"fiscalDateEnding": "2021-09-30", "reportedCurrency": "USD", "grossProfit": "4359000000", "totalRevenue": "7177000000", "costOfRevenue": "4932000000", "costofGoodsAndServicesSold": "2870000000", "operatingIncome": "1309000000", "sellingGeneralAndAdministrative": "2062000000", "researchAndDevelopment": "441000000", "operatingExpenses": "3050000000", "investmentIncomeNet": "3000000", "netInterestIncome": "-62000000", "interestIncome": "3000000", "interestExpense": "62000000", "nonInterestIncome": "7229000000", "otherNonOperatingIncome": "137000000", "depreciation": "189000000", "depreciationAndAmortization": "554000000", "incomeBeforeTax": "1387000000", "incomeTaxExpense": "229000000", "interestAndDebtExpense": "62000000", "netIncomeFromContinuingOperations": "1158000000", "comprehensiveIncomeNetOfTax": "772000000", "ebit": "1449000000", "ebitda": "2003000000", "netIncome": "1158000000"}, {"fiscalDateEnding": "2021-06-30", "reportedCurrency": "USD", "grossProfit": "4397000000", "totalRevenue": "7167000000", "costOfRevenue": "4787000000", "costofGoodsAndServicesSold": "2821000000", "operatingIncome": "2005000000", "sellingGeneralAndAdministrative": "1966000000", "researchAndDevelopment": "426000000", "operatingExpenses": "2392000000", "investmentIncomeNet": "3000000", "netInterestIncome": "-62000000", "interestIncome": "27000000", "interestExpense": "62000000", "nonInterestIncome": "7218000000", "otherNonOperatingIncome": "97000000", "depreciation": "178000000", "depreciationAndAmortization": "525000000", "incomeBeforeTax": "2129000000", "incomeTaxExpense": "344000000", "interestAndDebtExpense": "62000000", "netIncomeFromContinuingOperations": "1699000000", "comprehensiveIncomeNetOfTax": "2432000000", "ebit": "2191000000", "ebitda": "2716000000", "netIncome": "1785000000"}, {"fiscalDateEnding": "2021-03-31", "reportedCurrency": "USD", "grossProfit": "4253000000", "totalRevenue": "6827000000", "costOfRevenue": "4835000000", "costofGoodsAndServicesSold": "2605000000", "operatingIncome": "1997000000", "sellingGeneralAndAdministrative": "1876000000", "researchAndDevelopment": "380000000", "operatingExpenses": "2610000000", "investmentIncomeNet": "4000000", "netInterestIncome": "-58000000", "interestIncome": "4000000", "interestExpense": "58000000", "nonInterestIncome": "6858000000", "otherNonOperatingIncome": "140000000", "depreciation": "158000000", "depreciationAndAmortization": "344000000", "incomeBeforeTax": "2083000000", "incomeTaxExpense": "381000000", "interestAndDebtExpense": "58000000", "netIncomeFromContinuingOperations": "1702000000", "comprehensiveIncomeNetOfTax": "748000000", "ebit": "2141000000", "ebitda": "2485000000", "netIncome": "1702000000"}, {"fiscalDateEnding": "2020-12-31", "reportedCurrency": "USD", "grossProfit": "3954100000", "totalRevenue": "6662000000", "costOfRevenue": "5099000000", "costofGoodsAndServicesSold": "2806200000", "operatingIncome": "1601300000", "sellingGeneralAndAdministrative": "1957000000", "researchAndDevelopment": "395800000", "operatingExpenses": "2720000000", "investmentIncomeNet": "4000000", "netInterestIncome": "-72000000", "interestIncome": "-68000000", "interestExpense": "72300000", "nonInterestIncome": "6734000000", "otherNonOperatingIncome": "34800000", "depreciation": "172200000", "depreciationAndAmortization": "336000000", "incomeBeforeTax": "1541500000", "incomeTaxExpense": "301400000", "interestAndDebtExpense": "98000000", "netIncomeFromContinuingOperations": "1240100000", "comprehensiveIncomeNetOfTax": "1892900000", "ebit": "1613800000", "ebitda": "1950000000", "netIncome": "1240100000"}, {"fiscalDateEnding": "2020-09-30", "reportedCurrency": "USD", "grossProfit": "3226000000", "totalRevenue": "5806000000", "costOfRevenue": "4468000000", "costofGoodsAndServicesSold": "2658000000", "operatingIncome": "1088000000", "sellingGeneralAndAdministrative": "1796000000", "researchAndDevelopment": "342000000", "operatingExpenses": "2152000000", "investmentIncomeNet": "4000000", "netInterestIncome": "-78000000", "interestIncome": "-72500000", "interestExpense": "78000000", "nonInterestIncome": "5884000000", "otherNonOperatingIncome": "7000000", "depreciation": "160400000", "depreciationAndAmortization": "331000000", "incomeBeforeTax": "1021500000", "incomeTaxExpense": "138000000", "interestAndDebtExpense": "78000000", "netIncomeFromContinuingOperations": "883000000", "comprehensiveIncomeNetOfTax": "1725000000", "ebit": "1098200000", "ebitda": "1430000000", "netIncome": "883000000"}, {"fiscalDateEnding": "2020-06-30", "reportedCurrency": "USD", "grossProfit": "2852000000", "totalRevenue": "5219000000", "costOfRevenue": "4130000000", "costofGoodsAndServicesSold": "2445000000", "operatingIncome": "844000000", "sellingGeneralAndAdministrative": "1685000000", "researchAndDevelopment": "323000000", "operatingExpenses": "2008000000", "investmentIncomeNet": "1000000", "netInterestIncome": "-78000000", "interestIncome": "1000000", "interestExpense": "78000000", "nonInterestIncome": "5297000000", "otherNonOperatingIncome": "454000000", "depreciation": "163400000", "depreciationAndAmortization": "315000000", "incomeBeforeTax": "1220900000", "incomeTaxExpense": "294000000", "interestAndDebtExpense": "78000000", "netIncomeFromContinuingOperations": "927000000", "comprehensiveIncomeNetOfTax": "1855000000", "ebit": "1299500000", "ebitda": "1614000000", "netIncome": "927000000"}, {"fiscalDateEnding": "2020-03-31", "reportedCurrency": "USD", "grossProfit": "2443000000", "totalRevenue": "4296000000", "costOfRevenue": "3522000000", "costofGoodsAndServicesSold": "1900000000", "operatingIncome": "698000000", "sellingGeneralAndAdministrative": "1458000000", "researchAndDevelopment": "287000000", "operatingExpenses": "1909000000", "investmentIncomeNet": "62000000", "netInterestIncome": "-47000000", "interestIncome": "62500000", "interestExpense": "47000000", "nonInterestIncome": "4343000000", "otherNonOperatingIncome": "-2000000", "depreciation": "141000000", "depreciationAndAmortization": "156000000", "incomeBeforeTax": "711000000", "incomeTaxExpense": "116000000", "interestAndDebtExpense": "47000000", "netIncomeFromContinuingOperations": "595100000", "comprehensiveIncomeNetOfTax": "872000000", "ebit": "758000000", "ebitda": "914000000", "netIncome": "595000000"}, {"fiscalDateEnding": "2019-12-31", "reportedCurrency": "USD", "grossProfit": "2703600000", "totalRevenue": "4868400000", "costOfRevenue": "2460800000", "costofGoodsAndServicesSold": "2164400000", "operatingIncome": "961700000", "sellingGeneralAndAdministrative": "1448800000", "researchAndDevelopment": "293800000", "operatingExpenses": "1407900000", "investmentIncomeNet": "67000000", "netInterestIncome": "-38400000", "interestIncome": "5400000", "interestExpense": "43800000", "nonInterestIncome": "4868400000", "otherNonOperatingIncome": "-2300000", "depreciation": "143500000", "depreciationAndAmortization": "155700000", "incomeBeforeTax": "1457500000", "incomeTaxExpense": "182600000", "interestAndDebtExpense": "44900000", "netIncomeFromContinuingOperations": "792900000", "comprehensiveIncomeNetOfTax": "1321200000", "ebit": "1501300000", "ebitda": "1657000000", "netIncome": "1274900000"}, {"fiscalDateEnding": "2019-09-30", "reportedCurrency": "USD", "grossProfit": "2441400000", "totalRevenue": "5011000000", "costOfRevenue": "3883600000", "costofGoodsAndServicesSold": "1936600000", "operatingIncome": "776300000", "sellingGeneralAndAdministrative": "1382500000", "researchAndDevelopment": "282600000", "operatingExpenses": "1973600000", "investmentIncomeNet": "30100000", "netInterestIncome": "-26300000", "interestIncome": "-2300000", "interestExpense": "24000000", "nonInterestIncome": "5037300000", "otherNonOperatingIncome": "4200000", "depreciation": "139800000", "depreciationAndAmortization": "327700000", "incomeBeforeTax": "823900000", "incomeTaxExpense": "155900000", "interestAndDebtExpense": "26300000", "netIncomeFromContinuingOperations": "630700000", "comprehensiveIncomeNetOfTax": "397900000", "ebit": "847900000", "ebitda": "1191100000", "netIncome": "668000000"}, {"fiscalDateEnding": "2019-06-30", "reportedCurrency": "USD", "grossProfit": "2483800000", "totalRevenue": "5136000000", "costOfRevenue": "3951000000", "costofGoodsAndServicesSold": "1960700000", "operatingIncome": "811700000", "sellingGeneralAndAdministrative": "1390000000", "researchAndDevelopment": "282100000", "operatingExpenses": "1993600000", "investmentIncomeNet": "26200000", "netInterestIncome": "-20600000", "interestIncome": "-900000", "interestExpense": "19700000", "nonInterestIncome": "5156600000", "otherNonOperatingIncome": "5000000", "depreciation": "142000000", "depreciationAndAmortization": "330800000", "incomeBeforeTax": "878100000", "incomeTaxExpense": "146800000", "interestAndDebtExpense": "20600000", "netIncomeFromContinuingOperations": "676400000", "comprehensiveIncomeNetOfTax": "683100000", "ebit": "897800000", "ebitda": "1229500000", "netIncome": "731300000"}, {"fiscalDateEnding": "2019-03-31", "reportedCurrency": "USD", "grossProfit": "2354900000", "totalRevenue": "4856600000", "costOfRevenue": "3845300000", "costofGoodsAndServicesSold": "1865300000", "operatingIncome": "719700000", "sellingGeneralAndAdministrative": "1367700000", "researchAndDevelopment": "267500000", "operatingExpenses": "1994200000", "investmentIncomeNet": "15700000", "netInterestIncome": "-23300000", "interestIncome": "-2800000", "interestExpense": "20500000", "nonInterestIncome": "4879900000", "otherNonOperatingIncome": "5100000", "depreciation": "138700000", "depreciationAndAmortization": "328400000", "incomeBeforeTax": "721500000", "incomeTaxExpense": "387700000", "interestAndDebtExpense": "23300000", "netIncomeFromContinuingOperations": "332300000", "comprehensiveIncomeNetOfTax": "328800000", "ebit": "742000000", "ebitda": "1073200000", "netIncome": "333800000"}, {"fiscalDateEnding": "2018-12-31", "reportedCurrency": "USD", "grossProfit": "2533700000", "totalRevenue": "5363500000", "costOfRevenue": "2829800000", "costofGoodsAndServicesSold": "1165700000", "operatingIncome": "863400000", "sellingGeneralAndAdministrative": "592600000", "researchAndDevelopment": "147400000", "operatingExpenses": "2805300000", "investmentIncomeNet": "2500000", "netInterestIncome": "-33800000", "interestIncome": "-20400000", "interestExpense": "13400000", "nonInterestIncome": "4604500000", "otherNonOperatingIncome": "9800000", "depreciation": "112600000", "depreciationAndAmortization": "330800000", "incomeBeforeTax": "857400000", "incomeTaxExpense": "110600000", "interestAndDebtExpense": "33800000", "netIncomeFromContinuingOperations": "683800000", "comprehensiveIncomeNetOfTax": "591200000", "ebit": "870800000", "ebitda": "1307900000", "netIncome": "746800000"}, {"fiscalDateEnding": "2018-09-30", "reportedCurrency": "USD", "grossProfit": "2309600000", "totalRevenue": "4853100000", "costOfRevenue": "2543500000", "costofGoodsAndServicesSold": "2162600000", "operatingIncome": "745300000", "sellingGeneralAndAdministrative": "1558600000", "researchAndDevelopment": "301200000", "operatingExpenses": "1859800000", "investmentIncomeNet": "2800000", "netInterestIncome": "-41300000", "interestIncome": "None", "interestExpense": "41300000", "nonInterestIncome": "4853100000", "otherNonOperatingIncome": "9100000", "depreciation": "147400000", "depreciationAndAmortization": "321500000", "incomeBeforeTax": "801300000", "incomeTaxExpense": "137600000", "interestAndDebtExpense": "41300000", "netIncomeFromContinuingOperations": "600300000", "comprehensiveIncomeNetOfTax": "507200000", "ebit": "842600000", "ebitda": "1164100000", "netIncome": "663700000"}, {"fiscalDateEnding": "2018-06-30", "reportedCurrency": "USD", "grossProfit": "2393900000", "totalRevenue": "4981000000", "costOfRevenue": "2587100000", "costofGoodsAndServicesSold": "2163900000", "operatingIncome": "758900000", "sellingGeneralAndAdministrative": "1637900000", "researchAndDevelopment": "311700000", "operatingExpenses": "1949600000", "investmentIncomeNet": "2500000", "netInterestIncome": "-43200000", "interestIncome": "None", "interestExpense": "43200000", "nonInterestIncome": "4981000000", "otherNonOperatingIncome": "8300000", "depreciation": "153500000", "depreciationAndAmortization": "334600000", "incomeBeforeTax": "835100000", "incomeTaxExpense": "161300000", "interestAndDebtExpense": "43200000", "netIncomeFromContinuingOperations": "592800000", "comprehensiveIncomeNetOfTax": "39300000", "ebit": "878300000", "ebitda": "1212900000", "netIncome": "673800000"}, {"fiscalDateEnding": "2018-03-31", "reportedCurrency": "USD", "grossProfit": "2268100000", "totalRevenue": "4695400000", "costOfRevenue": "2427300000", "costofGoodsAndServicesSold": "2051800000", "operatingIncome": "687500000", "sellingGeneralAndAdministrative": "1601900000", "researchAndDevelopment": "298700000", "operatingExpenses": "1900600000", "investmentIncomeNet": "1400000", "netInterestIncome": "-39100000", "interestIncome": "None", "interestExpense": "39100000", "nonInterestIncome": "4695400000", "otherNonOperatingIncome": "7800000", "depreciation": "148500000", "depreciationAndAmortization": "320800000", "incomeBeforeTax": "713100000", "incomeTaxExpense": "146500000", "interestAndDebtExpense": "39100000", "netIncomeFromContinuingOperations": "529400000", "comprehensiveIncomeNetOfTax": "867300000", "ebit": "752200000", "ebitda": "1073000000", "netIncome": "566600000"}, {"fiscalDateEnding": "2017-12-31", "reportedCurrency": "USD", "grossProfit": "2839100000", "totalRevenue": "5085700000", "costOfRevenue": "2246600000", "costofGoodsAndServicesSold": "1056900000", "operatingIncome": "937500000", "sellingGeneralAndAdministrative": "572000000", "researchAndDevelopment": "126500000", "operatingExpenses": "2746100000", "investmentIncomeNet": "1900000", "netInterestIncome": "-41800000", "interestIncome": "-22600000", "interestExpense": "19200000", "nonInterestIncome": "0", "otherNonOperatingIncome": "72800000", "depreciation": "110800000", "depreciationAndAmortization": "318100000", "incomeBeforeTax": "881000000", "incomeTaxExpense": "24400000", "interestAndDebtExpense": "41800000", "netIncomeFromContinuingOperations": "856600000", "comprehensiveIncomeNetOfTax": "1014200000", "ebit": "900200000", "ebitda": "1338900000", "netIncome": "856600000"}, {"fiscalDateEnding": "2017-09-30", "reportedCurrency": "USD", "grossProfit": "2536800000", "totalRevenue": "4528200000", "costOfRevenue": "1991400000", "costofGoodsAndServicesSold": "1991400000", "operatingIncome": "759200000", "sellingGeneralAndAdministrative": "1498400000", "researchAndDevelopment": "279200000", "operatingExpenses": "1769300000", "investmentIncomeNet": "2200000", "netInterestIncome": "-39900000", "interestIncome": "None", "interestExpense": "39900000", "nonInterestIncome": "0", "otherNonOperatingIncome": "0", "depreciation": "144900000", "depreciationAndAmortization": "311400000", "incomeBeforeTax": "729800000", "incomeTaxExpense": "157700000", "interestAndDebtExpense": "39900000", "netIncomeFromContinuingOperations": "572100000", "comprehensiveIncomeNetOfTax": "834800000", "ebit": "769700000", "ebitda": "1081100000", "netIncome": "572100000"}, {"fiscalDateEnding": "2017-06-30", "reportedCurrency": "USD", "grossProfit": "2482300000", "totalRevenue": "4510100000", "costOfRevenue": "2027800000", "costofGoodsAndServicesSold": "2027800000", "operatingIncome": "676700000", "sellingGeneralAndAdministrative": "1522300000", "researchAndDevelopment": "283300000", "operatingExpenses": "1798600000", "investmentIncomeNet": "1800000", "netInterestIncome": "-40700000", "interestIncome": "None", "interestExpense": "40700000", "nonInterestIncome": "None", "otherNonOperatingIncome": "0", "depreciation": "142900000", "depreciationAndAmortization": "303200000", "incomeBeforeTax": "644800000", "incomeTaxExpense": "87500000", "interestAndDebtExpense": "40700000", "netIncomeFromContinuingOperations": "557300000", "comprehensiveIncomeNetOfTax": "848000000", "ebit": "685500000", "ebitda": "988700000", "netIncome": "557300000"}, {"fiscalDateEnding": "2017-03-31", "reportedCurrency": "USD", "grossProfit": "2334300000", "totalRevenue": "4205700000", "costOfRevenue": "1871400000", "costofGoodsAndServicesSold": "1871400000", "operatingIncome": "617000000", "sellingGeneralAndAdministrative": "1449900000", "researchAndDevelopment": "267400000", "operatingExpenses": "1710400000", "investmentIncomeNet": "1600000", "netInterestIncome": "-40300000", "interestIncome": "None", "interestExpense": "40300000", "nonInterestIncome": "None", "otherNonOperatingIncome": "0", "depreciation": "139500000", "depreciationAndAmortization": "305600000", "incomeBeforeTax": "607500000", "incomeTaxExpense": "101400000", "interestAndDebtExpense": "40300000", "netIncomeFromContinuingOperations": "483800000", "comprehensiveIncomeNetOfTax": "822600000", "ebit": "647800000", "ebitda": "953400000", "netIncome": "506100000"}, {"fiscalDateEnding": "2016-12-31", "reportedCurrency": "USD", "grossProfit": "2500000000", "totalRevenue": "4915200000", "costOfRevenue": "4323100000", "costofGoodsAndServicesSold": "2084300000", "operatingIncome": "728600000", "sellingGeneralAndAdministrative": "1519100000", "researchAndDevelopment": "268000000", "operatingExpenses": "2539800000", "investmentIncomeNet": "100000", "netInterestIncome": "-32300000", "interestIncome": "None", "interestExpense": "32300000", "nonInterestIncome": "0", "otherNonOperatingIncome": "0", "depreciation": "149100000", "depreciationAndAmortization": "305600000", "incomeBeforeTax": "696400000", "incomeTaxExpense": "-50600000", "interestAndDebtExpense": "32300000", "netIncomeFromContinuingOperations": "747000000", "comprehensiveIncomeNetOfTax": "-152400000", "ebit": "728700000", "ebitda": "1034300000", "netIncome": "747000000"}]}