{"symbol": "DISCK", "annualReports": [{"fiscalDateEnding": "2020-12-31", "reportedCurrency": "USD", "grossProfit": "2942000000", "totalRevenue": "10974000000", "costOfRevenue": "8032000000", "costofGoodsAndServicesSold": "3860000000", "operatingIncome": "2515000000", "sellingGeneralAndAdministrative": "2722000000", "researchAndDevelopment": "None", "operatingExpenses": "4204000000", "investmentIncomeNet": "None", "netInterestIncome": "-648000000", "interestIncome": "10000000", "interestExpense": "648000000", "nonInterestIncome": "10610000000", "otherNonOperatingIncome": "42000000", "depreciation": "267000000", "depreciationAndAmortization": "1359000000", "incomeBeforeTax": "1592000000", "incomeTaxExpense": "373000000", "interestAndDebtExpense": "735000000", "netIncomeFromContinuingOperations": "1355000000", "comprehensiveIncomeNetOfTax": "1390000000", "ebit": "2240000000", "ebitda": "3599000000", "netIncome": "1219000000"}, {"fiscalDateEnding": "2019-12-31", "reportedCurrency": "USD", "grossProfit": "3530000000", "totalRevenue": "11510000000", "costOfRevenue": "7980000000", "costofGoodsAndServicesSold": "3819000000", "operatingIncome": "3009000000", "sellingGeneralAndAdministrative": "2788000000", "researchAndDevelopment": "None", "operatingExpenses": "4161000000", "investmentIncomeNet": "1000000", "netInterestIncome": "-677000000", "interestIncome": "22000000", "interestExpense": "677000000", "nonInterestIncome": "11160000000", "otherNonOperatingIncome": "-8000000", "depreciation": "207000000", "depreciationAndAmortization": "1347000000", "incomeBeforeTax": "2150000000", "incomeTaxExpense": "81000000", "interestAndDebtExpense": "705000000", "netIncomeFromContinuingOperations": "2213000000", "comprehensiveIncomeNetOfTax": "2062000000", "ebit": "2827000000", "ebitda": "4174000000", "netIncome": "2069000000"}, {"fiscalDateEnding": "2018-12-31", "reportedCurrency": "USD", "grossProfit": "6618000000", "totalRevenue": "10553000000", "costOfRevenue": "3935000000", "costofGoodsAndServicesSold": "3935000000", "operatingIncome": "1934000000", "sellingGeneralAndAdministrative": "2620000000", "researchAndDevelopment": "None", "operatingExpenses": "4684000000", "investmentIncomeNet": "4000000", "netInterestIncome": "-729000000", "interestIncome": "15000000", "interestExpense": "729000000", "nonInterestIncome": "10544000000", "otherNonOperatingIncome": "-120000000", "depreciation": "229000000", "depreciationAndAmortization": "1398000000", "incomeBeforeTax": "935000000", "incomeTaxExpense": "341000000", "interestAndDebtExpense": "729000000", "netIncomeFromContinuingOperations": "681000000", "comprehensiveIncomeNetOfTax": "420000000", "ebit": "1664000000", "ebitda": "3062000000", "netIncome": "594000000"}, {"fiscalDateEnding": "2017-12-31", "reportedCurrency": "USD", "grossProfit": "4217000000", "totalRevenue": "6873000000", "costOfRevenue": "2656000000", "costofGoodsAndServicesSold": "2656000000", "operatingIncome": "713000000", "sellingGeneralAndAdministrative": "1768000000", "researchAndDevelopment": "None", "operatingExpenses": "2177000000", "investmentIncomeNet": "13000000", "netInterestIncome": "-475000000", "interestIncome": "21000000", "interestExpense": "475000000", "nonInterestIncome": "-246000000", "otherNonOperatingIncome": "-110000000", "depreciation": "150000000", "depreciationAndAmortization": "330000000", "incomeBeforeTax": "-161000000", "incomeTaxExpense": "176000000", "interestAndDebtExpense": "529000000", "netIncomeFromContinuingOperations": "-313000000", "comprehensiveIncomeNetOfTax": "-160000000", "ebit": "314000000", "ebitda": "644000000", "netIncome": "-337000000"}, {"fiscalDateEnding": "2016-12-31", "reportedCurrency": "USD", "grossProfit": "4065000000", "totalRevenue": "6497000000", "costOfRevenue": "2432000000", "costofGoodsAndServicesSold": "2432000000", "operatingIncome": "2058000000", "sellingGeneralAndAdministrative": "1690000000", "researchAndDevelopment": "None", "operatingExpenses": "2007000000", "investmentIncomeNet": "None", "netInterestIncome": "-353000000", "interestIncome": "-328000000", "interestExpense": "353000000", "nonInterestIncome": "137000000", "otherNonOperatingIncome": "4000000", "depreciation": "None", "depreciationAndAmortization": "322000000", "incomeBeforeTax": "1647000000", "incomeTaxExpense": "453000000", "interestAndDebtExpense": "353000000", "netIncomeFromContinuingOperations": "1218000000", "comprehensiveIncomeNetOfTax": "1065000000", "ebit": "2000000000", "ebitda": "2322000000", "netIncome": "1194000000"}], "quarterlyReports": [{"fiscalDateEnding": "2021-09-30", "reportedCurrency": "USD", "grossProfit": "1621000000", "totalRevenue": "3150000000", "costOfRevenue": "1529000000", "costofGoodsAndServicesSold": "1529000000", "operatingIncome": "329000000", "sellingGeneralAndAdministrative": "944000000", "researchAndDevelopment": "None", "operatingExpenses": "1305000000", "investmentIncomeNet": "None", "netInterestIncome": "-159000000", "interestIncome": "1000000", "interestExpense": "159000000", "nonInterestIncome": "3144000000", "otherNonOperatingIncome": "78000000", "depreciation": "None", "depreciationAndAmortization": "341000000", "incomeBeforeTax": "192000000", "incomeTaxExpense": "36000000", "interestAndDebtExpense": "165000000", "netIncomeFromContinuingOperations": "197000000", "comprehensiveIncomeNetOfTax": "24000000", "ebit": "351000000", "ebitda": "692000000", "netIncome": "156000000"}, {"fiscalDateEnding": "2021-06-30", "reportedCurrency": "USD", "grossProfit": "2007000000", "totalRevenue": "3062000000", "costOfRevenue": "1055000000", "costofGoodsAndServicesSold": "1055000000", "operatingIncome": "779000000", "sellingGeneralAndAdministrative": "952000000", "researchAndDevelopment": "None", "operatingExpenses": "1335000000", "investmentIncomeNet": "None", "netInterestIncome": "-157000000", "interestIncome": "2000000", "interestExpense": "157000000", "nonInterestIncome": "3061000000", "otherNonOperatingIncome": "106000000", "depreciation": "None", "depreciationAndAmortization": "341000000", "incomeBeforeTax": "674000000", "incomeTaxExpense": "2000000", "interestAndDebtExpense": "158000000", "netIncomeFromContinuingOperations": "718000000", "comprehensiveIncomeNetOfTax": "668000000", "ebit": "831000000", "ebitda": "1172000000", "netIncome": "672000000"}, {"fiscalDateEnding": "2021-03-31", "reportedCurrency": "USD", "grossProfit": "1823000000", "totalRevenue": "2792000000", "costOfRevenue": "969000000", "costofGoodsAndServicesSold": "969000000", "operatingIncome": "396000000", "sellingGeneralAndAdministrative": "1051000000", "researchAndDevelopment": "None", "operatingExpenses": "1431000000", "investmentIncomeNet": "None", "netInterestIncome": "-163000000", "interestIncome": "1000000", "interestExpense": "163000000", "nonInterestIncome": "2808000000", "otherNonOperatingIncome": "68000000", "depreciation": "None", "depreciationAndAmortization": "361000000", "incomeBeforeTax": "246000000", "incomeTaxExpense": "106000000", "interestAndDebtExpense": "163000000", "netIncomeFromContinuingOperations": "191000000", "comprehensiveIncomeNetOfTax": "210000000", "ebit": "409000000", "ebitda": "770000000", "netIncome": "140000000"}, {"fiscalDateEnding": "2020-12-31", "reportedCurrency": "USD", "grossProfit": "-2112000000", "totalRevenue": "3189000000", "costOfRevenue": "5301000000", "costofGoodsAndServicesSold": "1129000000", "operatingIncome": "488000000", "sellingGeneralAndAdministrative": "809000000", "researchAndDevelopment": "None", "operatingExpenses": "1154000000", "investmentIncomeNet": "None", "netInterestIncome": "-163000000", "interestIncome": "4000000", "interestExpense": "163000000", "nonInterestIncome": "2897000000", "otherNonOperatingIncome": "134000000", "depreciation": "None", "depreciationAndAmortization": "358000000", "incomeBeforeTax": "369000000", "incomeTaxExpense": "98000000", "interestAndDebtExpense": "174000000", "netIncomeFromContinuingOperations": "318000000", "comprehensiveIncomeNetOfTax": "518000000", "ebit": "532000000", "ebitda": "890000000", "netIncome": "271000000"}, {"fiscalDateEnding": "2020-09-30", "reportedCurrency": "USD", "grossProfit": "1558000000", "totalRevenue": "2561000000", "costOfRevenue": "1003000000", "costofGoodsAndServicesSold": "1003000000", "operatingIncome": "531000000", "sellingGeneralAndAdministrative": "633000000", "researchAndDevelopment": "None", "operatingExpenses": "1027000000", "investmentIncomeNet": "None", "netInterestIncome": "-161000000", "interestIncome": "1000000", "interestExpense": "161000000", "nonInterestIncome": "2556000000", "otherNonOperatingIncome": "-28000000", "depreciation": "None", "depreciationAndAmortization": "341000000", "incomeBeforeTax": "289000000", "incomeTaxExpense": "-11000000", "interestAndDebtExpense": "166000000", "netIncomeFromContinuingOperations": "330000000", "comprehensiveIncomeNetOfTax": "423000000", "ebit": "450000000", "ebitda": "791000000", "netIncome": "300000000"}, {"fiscalDateEnding": "2020-06-30", "reportedCurrency": "USD", "grossProfit": "1731000000", "totalRevenue": "2541000000", "costOfRevenue": "810000000", "costofGoodsAndServicesSold": "810000000", "operatingIncome": "717000000", "sellingGeneralAndAdministrative": "635000000", "researchAndDevelopment": "None", "operatingExpenses": "976000000", "investmentIncomeNet": "None", "netInterestIncome": "-161000000", "interestIncome": "1000000", "interestExpense": "161000000", "nonInterestIncome": "2470000000", "otherNonOperatingIncome": "-6000000", "depreciation": "None", "depreciationAndAmortization": "334000000", "incomeBeforeTax": "427000000", "incomeTaxExpense": "156000000", "interestAndDebtExpense": "232000000", "netIncomeFromContinuingOperations": "300000000", "comprehensiveIncomeNetOfTax": "372000000", "ebit": "588000000", "ebitda": "922000000", "netIncome": "271000000"}, {"fiscalDateEnding": "2020-03-31", "reportedCurrency": "USD", "grossProfit": "1765000000", "totalRevenue": "2683000000", "costOfRevenue": "918000000", "costofGoodsAndServicesSold": "918000000", "operatingIncome": "779000000", "sellingGeneralAndAdministrative": "645000000", "researchAndDevelopment": "None", "operatingExpenses": "991000000", "investmentIncomeNet": "None", "netInterestIncome": "-163000000", "interestIncome": "-240000000", "interestExpense": "163000000", "nonInterestIncome": "2704000000", "otherNonOperatingIncome": "-58000000", "depreciation": "None", "depreciationAndAmortization": "326000000", "incomeBeforeTax": "507000000", "incomeTaxExpense": "130000000", "interestAndDebtExpense": "163000000", "netIncomeFromContinuingOperations": "407000000", "comprehensiveIncomeNetOfTax": "77000000", "ebit": "670000000", "ebitda": "996000000", "netIncome": "377000000"}, {"fiscalDateEnding": "2019-12-31", "reportedCurrency": "USD", "grossProfit": "2874000000", "totalRevenue": "2874000000", "costOfRevenue": "5198000000", "costofGoodsAndServicesSold": "1037000000", "operatingIncome": "705000000", "sellingGeneralAndAdministrative": "793000000", "researchAndDevelopment": "None", "operatingExpenses": "1132000000", "investmentIncomeNet": "0", "netInterestIncome": "-162000000", "interestIncome": "4000000", "interestExpense": "162000000", "nonInterestIncome": "2874000000", "otherNonOperatingIncome": "2000000", "depreciation": "None", "depreciationAndAmortization": "333000000", "incomeBeforeTax": "528000000", "incomeTaxExpense": "52000000", "interestAndDebtExpense": "162000000", "netIncomeFromContinuingOperations": "705000000", "comprehensiveIncomeNetOfTax": "683000000", "ebit": "690000000", "ebitda": "1023000000", "netIncome": "476000000"}, {"fiscalDateEnding": "2019-09-30", "reportedCurrency": "USD", "grossProfit": "1764000000", "totalRevenue": "2678000000", "costOfRevenue": "914000000", "costofGoodsAndServicesSold": "914000000", "operatingIncome": "619000000", "sellingGeneralAndAdministrative": "660000000", "researchAndDevelopment": "None", "operatingExpenses": "990000000", "investmentIncomeNet": "0", "netInterestIncome": "-163000000", "interestIncome": "9000000", "interestExpense": "163000000", "nonInterestIncome": "2705000000", "otherNonOperatingIncome": "-1000000", "depreciation": "None", "depreciationAndAmortization": "322000000", "incomeBeforeTax": "409000000", "incomeTaxExpense": "147000000", "interestAndDebtExpense": "163000000", "netIncomeFromContinuingOperations": "297000000", "comprehensiveIncomeNetOfTax": "147000000", "ebit": "572000000", "ebitda": "894000000", "netIncome": "262000000"}, {"fiscalDateEnding": "2019-06-30", "reportedCurrency": "USD", "grossProfit": "1947000000", "totalRevenue": "2885000000", "costOfRevenue": "938000000", "costofGoodsAndServicesSold": "938000000", "operatingIncome": "911000000", "sellingGeneralAndAdministrative": "709000000", "researchAndDevelopment": "None", "operatingExpenses": "1036000000", "investmentIncomeNet": "0", "netInterestIncome": "-161000000", "interestIncome": "None", "interestExpense": "161000000", "nonInterestIncome": "2874000000", "otherNonOperatingIncome": "9000000", "depreciation": "None", "depreciationAndAmortization": "320000000", "incomeBeforeTax": "676000000", "incomeTaxExpense": "-271000000", "interestAndDebtExpense": "184000000", "netIncomeFromContinuingOperations": "987000000", "comprehensiveIncomeNetOfTax": "928000000", "ebit": "837000000", "ebitda": "1157000000", "netIncome": "947000000"}, {"fiscalDateEnding": "2019-03-31", "reportedCurrency": "USD", "grossProfit": "1777000000", "totalRevenue": "2707000000", "costOfRevenue": "930000000", "costofGoodsAndServicesSold": "930000000", "operatingIncome": "774000000", "sellingGeneralAndAdministrative": "626000000", "researchAndDevelopment": "None", "operatingExpenses": "1003000000", "investmentIncomeNet": "1000000", "netInterestIncome": "-182000000", "interestIncome": "-206000000", "interestExpense": "182000000", "nonInterestIncome": "2693000000", "otherNonOperatingIncome": "-27000000", "depreciation": "None", "depreciationAndAmortization": "372000000", "incomeBeforeTax": "537000000", "incomeTaxExpense": "153000000", "interestAndDebtExpense": "187000000", "netIncomeFromContinuingOperations": "418000000", "comprehensiveIncomeNetOfTax": "304000000", "ebit": "719000000", "ebitda": "1091000000", "netIncome": "384000000"}, {"fiscalDateEnding": "2018-12-31", "reportedCurrency": "USD", "grossProfit": "1863000000", "totalRevenue": "2809000000", "costOfRevenue": "946000000", "costofGoodsAndServicesSold": "946000000", "operatingIncome": "711000000", "sellingGeneralAndAdministrative": "657000000", "researchAndDevelopment": "None", "operatingExpenses": "1152000000", "investmentIncomeNet": "None", "netInterestIncome": "-171000000", "interestIncome": "None", "interestExpense": "171000000", "nonInterestIncome": "2809000000", "otherNonOperatingIncome": "-36000000", "depreciation": "None", "depreciationAndAmortization": "397000000", "incomeBeforeTax": "464000000", "incomeTaxExpense": "195000000", "interestAndDebtExpense": "171000000", "netIncomeFromContinuingOperations": "711000000", "comprehensiveIncomeNetOfTax": "247000000", "ebit": "635000000", "ebitda": "1032000000", "netIncome": "269000000"}, {"fiscalDateEnding": "2018-09-30", "reportedCurrency": "USD", "grossProfit": "1658000000", "totalRevenue": "2592000000", "costOfRevenue": "934000000", "costofGoodsAndServicesSold": "934000000", "operatingIncome": "369000000", "sellingGeneralAndAdministrative": "667000000", "researchAndDevelopment": "None", "operatingExpenses": "1289000000", "investmentIncomeNet": "None", "netInterestIncome": "-185000000", "interestIncome": "None", "interestExpense": "185000000", "nonInterestIncome": "2584000000", "otherNonOperatingIncome": "-15000000", "depreciation": "None", "depreciationAndAmortization": "398000000", "incomeBeforeTax": "160000000", "incomeTaxExpense": "43000000", "interestAndDebtExpense": "185000000", "netIncomeFromContinuingOperations": "135000000", "comprehensiveIncomeNetOfTax": "144000000", "ebit": "345000000", "ebitda": "743000000", "netIncome": "117000000"}, {"fiscalDateEnding": "2018-06-30", "reportedCurrency": "USD", "grossProfit": "1850000000", "totalRevenue": "2845000000", "costOfRevenue": "995000000", "costofGoodsAndServicesSold": "995000000", "operatingIncome": "650000000", "sellingGeneralAndAdministrative": "687000000", "researchAndDevelopment": "None", "operatingExpenses": "1284000000", "investmentIncomeNet": "None", "netInterestIncome": "-196000000", "interestIncome": "None", "interestExpense": "196000000", "nonInterestIncome": "2798000000", "otherNonOperatingIncome": "-47000000", "depreciation": "None", "depreciationAndAmortization": "410000000", "incomeBeforeTax": "339000000", "incomeTaxExpense": "123000000", "interestAndDebtExpense": "196000000", "netIncomeFromContinuingOperations": "244000000", "comprehensiveIncomeNetOfTax": "39000000", "ebit": "535000000", "ebitda": "945000000", "netIncome": "216000000"}, {"fiscalDateEnding": "2018-03-31", "reportedCurrency": "USD", "grossProfit": "1247000000", "totalRevenue": "2307000000", "costOfRevenue": "1060000000", "costofGoodsAndServicesSold": "1060000000", "operatingIncome": "204000000", "sellingGeneralAndAdministrative": "609000000", "researchAndDevelopment": "None", "operatingExpenses": "1043000000", "investmentIncomeNet": "None", "netInterestIncome": "-177000000", "interestIncome": "None", "interestExpense": "177000000", "nonInterestIncome": "-4000000", "otherNonOperatingIncome": "-22000000", "depreciation": "None", "depreciationAndAmortization": "193000000", "incomeBeforeTax": "-28000000", "incomeTaxExpense": "-20000000", "interestAndDebtExpense": "177000000", "netIncomeFromContinuingOperations": "3000000", "comprehensiveIncomeNetOfTax": "-10000000", "ebit": "149000000", "ebitda": "342000000", "netIncome": "-8000000"}, {"fiscalDateEnding": "2017-12-31", "reportedCurrency": "USD", "grossProfit": "1119000000", "totalRevenue": "1864000000", "costOfRevenue": "745000000", "costofGoodsAndServicesSold": "745000000", "operatingIncome": "-837000000", "sellingGeneralAndAdministrative": "507000000", "researchAndDevelopment": "None", "operatingExpenses": "1300000000", "investmentIncomeNet": "None", "netInterestIncome": "-157000000", "interestIncome": "None", "interestExpense": "157000000", "nonInterestIncome": "1864000000", "otherNonOperatingIncome": "33000000", "depreciation": "None", "depreciationAndAmortization": "90000000", "incomeBeforeTax": "-1057000000", "incomeTaxExpense": "87000000", "interestAndDebtExpense": "157000000", "netIncomeFromContinuingOperations": "-837000000", "comprehensiveIncomeNetOfTax": "-1143000000", "ebit": "-900000000", "ebitda": "-810000000", "netIncome": "-1144000000"}, {"fiscalDateEnding": "2017-09-30", "reportedCurrency": "USD", "grossProfit": "981000000", "totalRevenue": "1651000000", "costOfRevenue": "670000000", "costofGoodsAndServicesSold": "670000000", "operatingIncome": "433000000", "sellingGeneralAndAdministrative": "457000000", "researchAndDevelopment": "None", "operatingExpenses": "548000000", "investmentIncomeNet": "None", "netInterestIncome": "-136000000", "interestIncome": "None", "interestExpense": "136000000", "nonInterestIncome": "27000000", "otherNonOperatingIncome": "-106000000", "depreciation": "None", "depreciationAndAmortization": "80000000", "incomeBeforeTax": "159000000", "incomeTaxExpense": "-59000000", "interestAndDebtExpense": "136000000", "netIncomeFromContinuingOperations": "223000000", "comprehensiveIncomeNetOfTax": "249000000", "ebit": "295000000", "ebitda": "375000000", "netIncome": "218000000"}, {"fiscalDateEnding": "2017-06-30", "reportedCurrency": "USD", "grossProfit": "1111000000", "totalRevenue": "1745000000", "costOfRevenue": "634000000", "costofGoodsAndServicesSold": "634000000", "operatingIncome": "630000000", "sellingGeneralAndAdministrative": "389000000", "researchAndDevelopment": "None", "operatingExpenses": "477000000", "investmentIncomeNet": "None", "netInterestIncome": "-91000000", "interestIncome": "None", "interestExpense": "91000000", "nonInterestIncome": "26000000", "otherNonOperatingIncome": "-24000000", "depreciation": "None", "depreciationAndAmortization": "80000000", "incomeBeforeTax": "467000000", "incomeTaxExpense": "93000000", "interestAndDebtExpense": "91000000", "netIncomeFromContinuingOperations": "380000000", "comprehensiveIncomeNetOfTax": "461000000", "ebit": "630000000", "ebitda": "638000000", "netIncome": "374000000"}, {"fiscalDateEnding": "2017-03-31", "reportedCurrency": "USD", "grossProfit": "1006000000", "totalRevenue": "1613000000", "costOfRevenue": "607000000", "costofGoodsAndServicesSold": "607000000", "operatingIncome": "487000000", "sellingGeneralAndAdministrative": "415000000", "researchAndDevelopment": "None", "operatingExpenses": "519000000", "investmentIncomeNet": "None", "netInterestIncome": "-91000000", "interestIncome": "None", "interestExpense": "91000000", "nonInterestIncome": "-64000000", "otherNonOperatingIncome": "-13000000", "depreciation": "None", "depreciationAndAmortization": "80000000", "incomeBeforeTax": "270000000", "incomeTaxExpense": "55000000", "interestAndDebtExpense": "145000000", "netIncomeFromContinuingOperations": "221000000", "comprehensiveIncomeNetOfTax": "273000000", "ebit": "487000000", "ebitda": "441000000", "netIncome": "215000000"}, {"fiscalDateEnding": "2016-12-31", "reportedCurrency": "USD", "grossProfit": "1027000000", "totalRevenue": "1672000000", "costOfRevenue": "645000000", "costofGoodsAndServicesSold": "645000000", "operatingIncome": "525000000", "sellingGeneralAndAdministrative": "463000000", "researchAndDevelopment": "None", "operatingExpenses": "502000000", "investmentIncomeNet": "None", "netInterestIncome": "-86000000", "interestIncome": "None", "interestExpense": "86000000", "nonInterestIncome": "73000000", "otherNonOperatingIncome": "31000000", "depreciation": "None", "depreciationAndAmortization": "83000000", "incomeBeforeTax": "455000000", "incomeTaxExpense": "151000000", "interestAndDebtExpense": "86000000", "netIncomeFromContinuingOperations": "525000000", "comprehensiveIncomeNetOfTax": "185000000", "ebit": "525000000", "ebitda": "624000000", "netIncome": "304000000"}]}