{"symbol": "DISH", "annualReports": [{"fiscalDateEnding": "2020-12-31", "reportedCurrency": "USD", "grossProfit": "3125813000", "totalRevenue": "15486399000", "costOfRevenue": "12360586000", "costofGoodsAndServicesSold": "9094007000", "operatingIncome": "2582615000", "sellingGeneralAndAdministrative": "1806122000", "researchAndDevelopment": "24000000", "operatingExpenses": "2350858000", "investmentIncomeNet": "22734000", "netInterestIncome": "-33981000", "interestIncome": "22734000", "interestExpense": "33981000", "nonInterestIncome": "15493435000", "otherNonOperatingIncome": "-20164000", "depreciation": "None", "depreciationAndAmortization": "164318000", "incomeBeforeTax": "2460948000", "incomeTaxExpense": "698275000", "interestAndDebtExpense": "33981000", "netIncomeFromContinuingOperations": "1873725000", "comprehensiveIncomeNetOfTax": "1761836000", "ebit": "2582615000", "ebitda": "2659247000", "netIncome": "1762673000"}, {"fiscalDateEnding": "2019-12-31", "reportedCurrency": "USD", "grossProfit": "10242781000", "totalRevenue": "12785553000", "costOfRevenue": "2542772000", "costofGoodsAndServicesSold": "994526000", "operatingIncome": "1878876000", "sellingGeneralAndAdministrative": "1728069000", "researchAndDevelopment": "21000000", "operatingExpenses": "1376425000", "investmentIncomeNet": "77214000", "netInterestIncome": "-34487000", "interestIncome": "77214000", "interestExpense": "34487000", "nonInterestIncome": "12807684000", "otherNonOperatingIncome": "11524000", "depreciation": "None", "depreciationAndAmortization": "42004000", "incomeBeforeTax": "1850870000", "incomeTaxExpense": "451358000", "interestAndDebtExpense": "34487000", "netIncomeFromContinuingOperations": "1492569000", "comprehensiveIncomeNetOfTax": "1400368000", "ebit": "1878876000", "ebitda": "1927361000", "netIncome": "1399512000"}, {"fiscalDateEnding": "2018-12-31", "reportedCurrency": "USD", "grossProfit": "11536558000", "totalRevenue": "13613300000", "costOfRevenue": "2076742000", "costofGoodsAndServicesSold": "769307000", "operatingIncome": "2147621000", "sellingGeneralAndAdministrative": "1437281000", "researchAndDevelopment": "24000000", "operatingExpenses": "1185831000", "investmentIncomeNet": "44759000", "netInterestIncome": "-15006000", "interestIncome": "44759000", "interestExpense": "15006000", "nonInterestIncome": "13628306000", "otherNonOperatingIncome": "11801000", "depreciation": "None", "depreciationAndAmortization": "10000000", "incomeBeforeTax": "2108775000", "incomeTaxExpense": "533684000", "interestAndDebtExpense": "15006000", "netIncomeFromContinuingOperations": "1655491000", "comprehensiveIncomeNetOfTax": "1573335000", "ebit": "2147621000", "ebitda": "2133781000", "netIncome": "1575091000"}, {"fiscalDateEnding": "2017-12-31", "reportedCurrency": "USD", "grossProfit": "11639173000", "totalRevenue": "14330366000", "costOfRevenue": "2691193000", "costofGoodsAndServicesSold": "1204261000", "operatingIncome": "1567765000", "sellingGeneralAndAdministrative": "1237898000", "researchAndDevelopment": "33000000", "operatingExpenses": "1720511000", "investmentIncomeNet": "41006000", "netInterestIncome": "-63172000", "interestIncome": "41006000", "interestExpense": "63172000", "nonInterestIncome": "2163000", "otherNonOperatingIncome": "104488000", "depreciation": "None", "depreciationAndAmortization": "8000000", "incomeBeforeTax": "1583369000", "incomeTaxExpense": "-515320000", "interestAndDebtExpense": "63172000", "netIncomeFromContinuingOperations": "2165407000", "comprehensiveIncomeNetOfTax": "2098790000", "ebit": "1567765000", "ebitda": "1654541000", "netIncome": "2098689000"}, {"fiscalDateEnding": "2016-12-31", "reportedCurrency": "USD", "grossProfit": "12116278000", "totalRevenue": "15212302000", "costOfRevenue": "2925292000", "costofGoodsAndServicesSold": "1456492000", "operatingIncome": "2319261000", "sellingGeneralAndAdministrative": "1386437000", "researchAndDevelopment": "41000000", "operatingExpenses": "1392437000", "investmentIncomeNet": "31168000", "netInterestIncome": "-52992000", "interestIncome": "31164000", "interestExpense": "52992000", "nonInterestIncome": "2508000", "otherNonOperatingIncome": "119315000", "depreciation": "None", "depreciationAndAmortization": "6000000", "incomeBeforeTax": "2315671000", "incomeTaxExpense": "865818000", "interestAndDebtExpense": "52992000", "netIncomeFromContinuingOperations": "1469454000", "comprehensiveIncomeNetOfTax": "1436739000", "ebit": "2319261000", "ebitda": "2374663000", "netIncome": "1449853000"}], "quarterlyReports": [{"fiscalDateEnding": "2021-09-30", "reportedCurrency": "USD", "grossProfit": "873700000", "totalRevenue": "4446168000", "costOfRevenue": "3572468000", "costofGoodsAndServicesSold": "2567210000", "operatingIncome": "717705000", "sellingGeneralAndAdministrative": "606719000", "researchAndDevelopment": "7000000", "operatingExpenses": "631548000", "investmentIncomeNet": "2207000", "netInterestIncome": "-3467000", "interestIncome": "2207000", "interestExpense": "3467000", "nonInterestIncome": "4449635000", "otherNonOperatingIncome": "31069000", "depreciation": "None", "depreciationAndAmortization": "17829000", "incomeBeforeTax": "736300000", "incomeTaxExpense": "179258000", "interestAndDebtExpense": "3467000", "netIncomeFromContinuingOperations": "567520000", "comprehensiveIncomeNetOfTax": "557484000", "ebit": "717705000", "ebitda": "757596000", "netIncome": "557042000"}, {"fiscalDateEnding": "2021-06-30", "reportedCurrency": "USD", "grossProfit": "1071418000", "totalRevenue": "4483080000", "costOfRevenue": "3411662000", "costofGoodsAndServicesSold": "2536154000", "operatingIncome": "906738000", "sellingGeneralAndAdministrative": "507909000", "researchAndDevelopment": "7000000", "operatingExpenses": "532739000", "investmentIncomeNet": "3286000", "netInterestIncome": "-3880000", "interestIncome": "3286000", "interestExpense": "3880000", "nonInterestIncome": "4486960000", "otherNonOperatingIncome": "-7210000", "depreciation": "None", "depreciationAndAmortization": "17830000", "incomeBeforeTax": "888585000", "incomeTaxExpense": "217538000", "interestAndDebtExpense": "3880000", "netIncomeFromContinuingOperations": "681451000", "comprehensiveIncomeNetOfTax": "671325000", "ebit": "906738000", "ebitda": "910295000", "netIncome": "671047000"}, {"fiscalDateEnding": "2021-03-31", "reportedCurrency": "USD", "grossProfit": "1032844000", "totalRevenue": "4493565000", "costOfRevenue": "3460721000", "costofGoodsAndServicesSold": "2537665000", "operatingIncome": "864576000", "sellingGeneralAndAdministrative": "481686000", "researchAndDevelopment": "7000000", "operatingExpenses": "506515000", "investmentIncomeNet": "1970000", "netInterestIncome": "-4288000", "interestIncome": "1970000", "interestExpense": "4288000", "nonInterestIncome": "4497853000", "otherNonOperatingIncome": "-5261000", "depreciation": "None", "depreciationAndAmortization": "17829000", "incomeBeforeTax": "846073000", "incomeTaxExpense": "215849000", "interestAndDebtExpense": "4288000", "netIncomeFromContinuingOperations": "641563000", "comprehensiveIncomeNetOfTax": "631563000", "ebit": "864576000", "ebitda": "868190000", "netIncome": "630224000"}, {"fiscalDateEnding": "2020-12-31", "reportedCurrency": "USD", "grossProfit": "4557365000", "totalRevenue": "4557365000", "costOfRevenue": "3435449000", "costofGoodsAndServicesSold": "2588891000", "operatingIncome": "989639000", "sellingGeneralAndAdministrative": "429261000", "researchAndDevelopment": "7000000", "operatingExpenses": "500509000", "investmentIncomeNet": "1294000", "netInterestIncome": "-17655000", "interestIncome": "1294000", "interestExpense": "17655000", "nonInterestIncome": "4557365000", "otherNonOperatingIncome": "-8572000", "depreciation": "None", "depreciationAndAmortization": "63830000", "incomeBeforeTax": "989708000", "incomeTaxExpense": "228411000", "interestAndDebtExpense": "17655000", "netIncomeFromContinuingOperations": "989639000", "comprehensiveIncomeNetOfTax": "733360000", "ebit": "989639000", "ebitda": "1071193000", "netIncome": "761297000"}, {"fiscalDateEnding": "2020-09-30", "reportedCurrency": "USD", "grossProfit": "942432000", "totalRevenue": "4526521000", "costOfRevenue": "3584089000", "costofGoodsAndServicesSold": "2488969000", "operatingIncome": "811248000", "sellingGeneralAndAdministrative": "516648000", "researchAndDevelopment": "6000000", "operatingExpenses": "585477000", "investmentIncomeNet": "1647000", "netInterestIncome": "-5070000", "interestIncome": "8425000", "interestExpense": "5070000", "nonInterestIncome": "4531591000", "otherNonOperatingIncome": "-13200000", "depreciation": "None", "depreciationAndAmortization": "62829000", "incomeBeforeTax": "778113000", "incomeTaxExpense": "273514000", "interestAndDebtExpense": "5070000", "netIncomeFromContinuingOperations": "532959000", "comprehensiveIncomeNetOfTax": "505680000", "ebit": "811248000", "ebitda": "846012000", "netIncome": "504599000"}, {"fiscalDateEnding": "2020-06-30", "reportedCurrency": "USD", "grossProfit": "2621721000", "totalRevenue": "3170153000", "costOfRevenue": "548432000", "costofGoodsAndServicesSold": "199724000", "operatingIncome": "637650000", "sellingGeneralAndAdministrative": "403916000", "researchAndDevelopment": "5000000", "operatingExpenses": "324389000", "investmentIncomeNet": "5578000", "netInterestIncome": "-16937000", "interestIncome": "5578000", "interestExpense": "16937000", "nonInterestIncome": "3187090000", "otherNonOperatingIncome": "16000", "depreciation": "None", "depreciationAndAmortization": "17755000", "incomeBeforeTax": "603687000", "incomeTaxExpense": "151344000", "interestAndDebtExpense": "16937000", "netIncomeFromContinuingOperations": "480406000", "comprehensiveIncomeNetOfTax": "449481000", "ebit": "637650000", "ebitda": "638379000", "netIncome": "452343000"}, {"fiscalDateEnding": "2020-03-31", "reportedCurrency": "USD", "grossProfit": "2176011000", "totalRevenue": "3195970000", "costOfRevenue": "1019959000", "costofGoodsAndServicesSold": "253873000", "operatingIncome": "144078000", "sellingGeneralAndAdministrative": "456297000", "researchAndDevelopment": "6000000", "operatingExpenses": "730376000", "investmentIncomeNet": "14216000", "netInterestIncome": "-21419000", "interestIncome": "14216000", "interestExpense": "21419000", "nonInterestIncome": "3217389000", "otherNonOperatingIncome": "1592000", "depreciation": "None", "depreciationAndAmortization": "17904000", "incomeBeforeTax": "118105000", "incomeTaxExpense": "45006000", "interestAndDebtExpense": "21419000", "netIncomeFromContinuingOperations": "99274000", "comprehensiveIncomeNetOfTax": "73315000", "ebit": "144078000", "ebitda": "157428000", "netIncome": "73099000"}, {"fiscalDateEnding": "2019-12-31", "reportedCurrency": "USD", "grossProfit": "3240865000", "totalRevenue": "3240865000", "costOfRevenue": "707529000", "costofGoodsAndServicesSold": "276748000", "operatingIncome": "522952000", "sellingGeneralAndAdministrative": "476176000", "researchAndDevelopment": "6000000", "operatingExpenses": "391170000", "investmentIncomeNet": "11270000", "netInterestIncome": "-12257000", "interestIncome": "11270000", "interestExpense": "12257000", "nonInterestIncome": "3240865000", "otherNonOperatingIncome": "1400000", "depreciation": "None", "depreciationAndAmortization": "24904000", "incomeBeforeTax": "529533000", "incomeTaxExpense": "115986000", "interestAndDebtExpense": "12257000", "netIncomeFromContinuingOperations": "522952000", "comprehensiveIncomeNetOfTax": "389638000", "ebit": "522952000", "ebitda": "566694000", "netIncome": "413547000"}, {"fiscalDateEnding": "2019-09-30", "reportedCurrency": "USD", "grossProfit": "2493449000", "totalRevenue": "3159984000", "costOfRevenue": "666535000", "costofGoodsAndServicesSold": "285801000", "operatingIncome": "468892000", "sellingGeneralAndAdministrative": "447959000", "researchAndDevelopment": "4000000", "operatingExpenses": "328981000", "investmentIncomeNet": "32301000", "netInterestIncome": "-8379000", "interestIncome": "32301000", "interestExpense": "8379000", "nonInterestIncome": "3168363000", "otherNonOperatingIncome": "-1796000", "depreciation": "None", "depreciationAndAmortization": "7187000", "incomeBeforeTax": "469517000", "incomeTaxExpense": "116213000", "interestAndDebtExpense": "8379000", "netIncomeFromContinuingOperations": "377157000", "comprehensiveIncomeNetOfTax": "352903000", "ebit": "468892000", "ebitda": "485083000", "netIncome": "353304000"}, {"fiscalDateEnding": "2019-06-30", "reportedCurrency": "USD", "grossProfit": "2582067000", "totalRevenue": "3204563000", "costOfRevenue": "622496000", "costofGoodsAndServicesSold": "238078000", "operatingIncome": "430732000", "sellingGeneralAndAdministrative": "329540000", "researchAndDevelopment": "6000000", "operatingExpenses": "339345000", "investmentIncomeNet": "18476000", "netInterestIncome": "-6749000", "interestIncome": "18476000", "interestExpense": "6749000", "nonInterestIncome": "3211312000", "otherNonOperatingIncome": "2832000", "depreciation": "None", "depreciationAndAmortization": "3805000", "incomeBeforeTax": "422867000", "incomeTaxExpense": "105824000", "interestAndDebtExpense": "6749000", "netIncomeFromContinuingOperations": "340566000", "comprehensiveIncomeNetOfTax": "317249000", "ebit": "430732000", "ebitda": "433421000", "netIncome": "317043000"}, {"fiscalDateEnding": "2019-03-31", "reportedCurrency": "USD", "grossProfit": "2641119000", "totalRevenue": "3181223000", "costOfRevenue": "540104000", "costofGoodsAndServicesSold": "193899000", "operatingIncome": "456300000", "sellingGeneralAndAdministrative": "305821000", "researchAndDevelopment": "5000000", "operatingExpenses": "310821000", "investmentIncomeNet": "15167000", "netInterestIncome": "-5921000", "interestIncome": "11237000", "interestExpense": "5921000", "nonInterestIncome": "3187144000", "otherNonOperatingIncome": "9088000", "depreciation": "None", "depreciationAndAmortization": "6108000", "incomeBeforeTax": "453096000", "incomeTaxExpense": "113335000", "interestAndDebtExpense": "5921000", "netIncomeFromContinuingOperations": "361299000", "comprehensiveIncomeNetOfTax": "340578000", "ebit": "456300000", "ebitda": "465125000", "netIncome": "339761000"}, {"fiscalDateEnding": "2018-12-31", "reportedCurrency": "USD", "grossProfit": "3306829000", "totalRevenue": "3306829000", "costOfRevenue": "559059000", "costofGoodsAndServicesSold": "203156000", "operatingIncome": "482752000", "sellingGeneralAndAdministrative": "593801000", "researchAndDevelopment": "6000000", "operatingExpenses": "324351000", "investmentIncomeNet": "14298000", "netInterestIncome": "-3771000", "interestIncome": "None", "interestExpense": "3771000", "nonInterestIncome": "3306829000", "otherNonOperatingIncome": "-296000", "depreciation": "None", "depreciationAndAmortization": "171065000", "incomeBeforeTax": "492983000", "incomeTaxExpense": "135697000", "interestAndDebtExpense": "3771000", "netIncomeFromContinuingOperations": "482752000", "comprehensiveIncomeNetOfTax": "336743000", "ebit": "482752000", "ebitda": "647613000", "netIncome": "357286000"}, {"fiscalDateEnding": "2018-09-30", "reportedCurrency": "USD", "grossProfit": "2894896000", "totalRevenue": "3396732000", "costOfRevenue": "501836000", "costofGoodsAndServicesSold": "186878000", "operatingIncome": "562703000", "sellingGeneralAndAdministrative": "274649000", "researchAndDevelopment": "6000000", "operatingExpenses": "280649000", "investmentIncomeNet": "10525000", "netInterestIncome": "-5413000", "interestIncome": "None", "interestExpense": "5413000", "nonInterestIncome": "3402145000", "otherNonOperatingIncome": "25473000", "depreciation": "None", "depreciationAndAmortization": "175285000", "incomeBeforeTax": "572424000", "incomeTaxExpense": "140690000", "interestAndDebtExpense": "5413000", "netIncomeFromContinuingOperations": "452598000", "comprehensiveIncomeNetOfTax": "430462000", "ebit": "562703000", "ebitda": "753122000", "netIncome": "431734000"}, {"fiscalDateEnding": "2018-06-30", "reportedCurrency": "USD", "grossProfit": "2943315000", "totalRevenue": "3458739000", "costOfRevenue": "515424000", "costofGoodsAndServicesSold": "183262000", "operatingIncome": "572660000", "sellingGeneralAndAdministrative": "296045000", "researchAndDevelopment": "6000000", "operatingExpenses": "302045000", "investmentIncomeNet": "10619000", "netInterestIncome": "-2865000", "interestIncome": "None", "interestExpense": "2865000", "nonInterestIncome": "3461604000", "otherNonOperatingIncome": "21432000", "depreciation": "None", "depreciationAndAmortization": "172702000", "incomeBeforeTax": "580277000", "incomeTaxExpense": "141560000", "interestAndDebtExpense": "2865000", "netIncomeFromContinuingOperations": "460286000", "comprehensiveIncomeNetOfTax": "438093000", "ebit": "572660000", "ebitda": "755844000", "netIncome": "438717000"}, {"fiscalDateEnding": "2018-03-31", "reportedCurrency": "USD", "grossProfit": "6379257000", "totalRevenue": "6879680000", "costOfRevenue": "500423000", "costofGoodsAndServicesSold": "196011000", "operatingIncome": "529506000", "sellingGeneralAndAdministrative": "272786000", "researchAndDevelopment": "6000000", "operatingExpenses": "278786000", "investmentIncomeNet": "9317000", "netInterestIncome": "-2957000", "interestIncome": "None", "interestExpense": "2957000", "nonInterestIncome": "3459933000", "otherNonOperatingIncome": "-34808000", "depreciation": "None", "depreciationAndAmortization": "192972000", "incomeBeforeTax": "483297000", "incomeTaxExpense": "115737000", "interestAndDebtExpense": "2957000", "netIncomeFromContinuingOperations": "385321000", "comprehensiveIncomeNetOfTax": "368037000", "ebit": "529506000", "ebitda": "679226000", "netIncome": "367560000"}, {"fiscalDateEnding": "2017-12-31", "reportedCurrency": "USD", "grossProfit": "3483928000", "totalRevenue": "3483928000", "costOfRevenue": "844966000", "costofGoodsAndServicesSold": "319956000", "operatingIncome": "259291000", "sellingGeneralAndAdministrative": "347648000", "researchAndDevelopment": "9000000", "operatingExpenses": "510566000", "investmentIncomeNet": "7027000", "netInterestIncome": "-3363000", "interestIncome": "None", "interestExpense": "3363000", "nonInterestIncome": "3483928000", "otherNonOperatingIncome": "56315000", "depreciation": "None", "depreciationAndAmortization": "191939000", "incomeBeforeTax": "319270000", "incomeTaxExpense": "-1082035000", "interestAndDebtExpense": "3363000", "netIncomeFromContinuingOperations": "259291000", "comprehensiveIncomeNetOfTax": "1380191000", "ebit": "259291000", "ebitda": "498750000", "netIncome": "1401305000"}, {"fiscalDateEnding": "2017-09-30", "reportedCurrency": "USD", "grossProfit": "2904641000", "totalRevenue": "3579084000", "costOfRevenue": "674443000", "costofGoodsAndServicesSold": "318811000", "operatingIncome": "449051000", "sellingGeneralAndAdministrative": "334069000", "researchAndDevelopment": "8000000", "operatingExpenses": "342069000", "investmentIncomeNet": "7240000", "netInterestIncome": "-4370000", "interestIncome": "None", "interestExpense": "4370000", "nonInterestIncome": "3583454000", "otherNonOperatingIncome": "40261000", "depreciation": "None", "depreciationAndAmortization": "209324000", "incomeBeforeTax": "474292000", "incomeTaxExpense": "176917000", "interestAndDebtExpense": "4370000", "netIncomeFromContinuingOperations": "315265000", "comprehensiveIncomeNetOfTax": "297917000", "ebit": "449051000", "ebitda": "687986000", "netIncome": "297375000"}, {"fiscalDateEnding": "2017-06-30", "reportedCurrency": "USD", "grossProfit": "3021700000", "totalRevenue": "3617363000", "costOfRevenue": "595663000", "costofGoodsAndServicesSold": "275460000", "operatingIncome": "252103000", "sellingGeneralAndAdministrative": "298067000", "researchAndDevelopment": "9000000", "operatingExpenses": "602762000", "investmentIncomeNet": "12447000", "netInterestIncome": "-26269000", "interestIncome": "None", "interestExpense": "26269000", "nonInterestIncome": "3644752000", "otherNonOperatingIncome": "3167000", "depreciation": "None", "depreciationAndAmortization": "211671000", "incomeBeforeTax": "222802000", "incomeTaxExpense": "182686000", "interestAndDebtExpense": "26269000", "netIncomeFromContinuingOperations": "58762000", "comprehensiveIncomeNetOfTax": "40864000", "ebit": "252103000", "ebitda": "460742000", "netIncome": "40116000"}, {"fiscalDateEnding": "2017-03-31", "reportedCurrency": "USD", "grossProfit": "3075070000", "totalRevenue": "3651191000", "costOfRevenue": "576121000", "costofGoodsAndServicesSold": "290034000", "operatingIncome": "607320000", "sellingGeneralAndAdministrative": "258114000", "researchAndDevelopment": "7000000", "operatingExpenses": "265114000", "investmentIncomeNet": "14292000", "netInterestIncome": "-29170000", "interestIncome": "None", "interestExpense": "29170000", "nonInterestIncome": "3679635000", "otherNonOperatingIncome": "4745000", "depreciation": "None", "depreciationAndAmortization": "204630000", "incomeBeforeTax": "582827000", "incomeTaxExpense": "207112000", "interestAndDebtExpense": "29170000", "netIncomeFromContinuingOperations": "390075000", "comprehensiveIncomeNetOfTax": "379818000", "ebit": "607320000", "ebitda": "816627000", "netIncome": "375715000"}, {"fiscalDateEnding": "2016-12-31", "reportedCurrency": "USD", "grossProfit": "3724180000", "totalRevenue": "3752765000", "costOfRevenue": "721315000", "costofGoodsAndServicesSold": "327986000", "operatingIncome": "572899000", "sellingGeneralAndAdministrative": "359928000", "researchAndDevelopment": "7000000", "operatingExpenses": "365928000", "investmentIncomeNet": "10838000", "netInterestIncome": "-29288000", "interestIncome": "None", "interestExpense": "29288000", "nonInterestIncome": "None", "otherNonOperatingIncome": "2635000", "depreciation": "None", "depreciationAndAmortization": "237416000", "incomeBeforeTax": "533232000", "incomeTaxExpense": "189251000", "interestAndDebtExpense": "29288000", "netIncomeFromContinuingOperations": "343981000", "comprehensiveIncomeNetOfTax": "355617000", "ebit": "572899000", "ebitda": "790841000", "netIncome": "343981000"}]}