{"symbol": "DLR", "annualReports": [{"fiscalDateEnding": "2020-12-31", "reportedCurrency": "USD", "grossProfit": "2179379000", "totalRevenue": "3903609000", "costOfRevenue": "1724230000", "costofGoodsAndServicesSold": "1514116000", "operatingIncome": "557526000", "sellingGeneralAndAdministrative": "351369000", "researchAndDevelopment": "None", "operatingExpenses": "3346083000", "investmentIncomeNet": "None", "netInterestIncome": "-333021000", "interestIncome": "20222000", "interestExpense": "333021000", "nonInterestIncome": "231562000", "otherNonOperatingIncome": "20222000", "depreciation": "None", "depreciationAndAmortization": "1366379000", "incomeBeforeTax": "394445000", "incomeTaxExpense": "38047000", "interestAndDebtExpense": "436236000", "netIncomeFromContinuingOperations": "482072000", "comprehensiveIncomeNetOfTax": "579329000", "ebit": "727466000", "ebitda": "2093845000", "netIncome": "356398000"}, {"fiscalDateEnding": "2019-12-31", "reportedCurrency": "USD", "grossProfit": "1829019000", "totalRevenue": "3209241000", "costOfRevenue": "1380222000", "costofGoodsAndServicesSold": "1192761000", "operatingIncome": "594215000", "sellingGeneralAndAdministrative": "211097000", "researchAndDevelopment": "None", "operatingExpenses": "2615026000", "investmentIncomeNet": "None", "netInterestIncome": "-353057000", "interestIncome": "66000000", "interestExpense": "353057000", "nonInterestIncome": "295991000", "otherNonOperatingIncome": "66000000", "depreciation": "None", "depreciationAndAmortization": "1163774000", "incomeBeforeTax": "591756000", "incomeTaxExpense": "11995000", "interestAndDebtExpense": "392214000", "netIncomeFromContinuingOperations": "723787000", "comprehensiveIncomeNetOfTax": "607486000", "ebit": "944813000", "ebitda": "2108587000", "netIncome": "579761000"}, {"fiscalDateEnding": "2018-12-31", "reportedCurrency": "USD", "grossProfit": "736032000", "totalRevenue": "3046478000", "costOfRevenue": "2310446000", "costofGoodsAndServicesSold": "957065000", "operatingIncome": "549787000", "sellingGeneralAndAdministrative": "163667000", "researchAndDevelopment": "None", "operatingExpenses": "2496691000", "investmentIncomeNet": "None", "netInterestIncome": "-321529000", "interestIncome": "3481000", "interestExpense": "321529000", "nonInterestIncome": "2492188000", "otherNonOperatingIncome": "3481000", "depreciation": "None", "depreciationAndAmortization": "1186896000", "incomeBeforeTax": "333330000", "incomeTaxExpense": "2084000", "interestAndDebtExpense": "323097000", "netIncomeFromContinuingOperations": "584163000", "comprehensiveIncomeNetOfTax": "324031000", "ebit": "654859000", "ebitda": "1841755000", "netIncome": "331246000"}, {"fiscalDateEnding": "2017-12-31", "reportedCurrency": "USD", "grossProfit": "615283000", "totalRevenue": "2457928000", "costOfRevenue": "1842645000", "costofGoodsAndServicesSold": "759616000", "operatingIncome": "451295000", "sellingGeneralAndAdministrative": "161441000", "researchAndDevelopment": "None", "operatingExpenses": "2006633000", "investmentIncomeNet": "None", "netInterestIncome": "-258642000", "interestIncome": "3655000", "interestExpense": "258642000", "nonInterestIncome": "1816993000", "otherNonOperatingIncome": "3655000", "depreciation": "None", "depreciationAndAmortization": "842464000", "incomeBeforeTax": "256160000", "incomeTaxExpense": "7901000", "interestAndDebtExpense": "256652000", "netIncomeFromContinuingOperations": "472565000", "comprehensiveIncomeNetOfTax": "275432000", "ebit": "514802000", "ebitda": "1357266000", "netIncome": "248259000"}, {"fiscalDateEnding": "2016-12-31", "reportedCurrency": "USD", "grossProfit": "609275000", "totalRevenue": "2142213000", "costOfRevenue": "1532938000", "costofGoodsAndServicesSold": "660177000", "operatingIncome": "497286000", "sellingGeneralAndAdministrative": "152733000", "researchAndDevelopment": "None", "operatingExpenses": "704674000", "investmentIncomeNet": "None", "netInterestIncome": "-236480000", "interestIncome": "-4564000", "interestExpense": "236480000", "nonInterestIncome": "1711402000", "otherNonOperatingIncome": "181431000", "depreciation": "None", "depreciationAndAmortization": "699324000", "incomeBeforeTax": "436572000", "incomeTaxExpense": "10385000", "interestAndDebtExpense": "237491000", "netIncomeFromContinuingOperations": "499441000", "comprehensiveIncomeNetOfTax": "387172000", "ebit": "673052000", "ebitda": "1372376000", "netIncome": "426187000"}], "quarterlyReports": [{"fiscalDateEnding": "2021-09-30", "reportedCurrency": "USD", "grossProfit": "665641000", "totalRevenue": "1133136000", "costOfRevenue": "467495000", "costofGoodsAndServicesSold": "466962000", "operatingIncome": "184365000", "sellingGeneralAndAdministrative": "98460000", "researchAndDevelopment": "None", "operatingExpenses": "948771000", "investmentIncomeNet": "None", "netInterestIncome": "-71417000", "interestIncome": "-33480000", "interestExpense": "71417000", "nonInterestIncome": "-635000", "otherNonOperatingIncome": "-2947000", "depreciation": "None", "depreciationAndAmortization": "369035000", "incomeBeforeTax": "147984000", "incomeTaxExpense": "13709000", "interestAndDebtExpense": "71417000", "netIncomeFromContinuingOperations": "208593000", "comprehensiveIncomeNetOfTax": "-9017000", "ebit": "219401000", "ebitda": "588436000", "netIncome": "134275000"}, {"fiscalDateEnding": "2021-06-30", "reportedCurrency": "USD", "grossProfit": "626715000", "totalRevenue": "1093188000", "costOfRevenue": "466473000", "costofGoodsAndServicesSold": "431714000", "operatingIncome": "185628000", "sellingGeneralAndAdministrative": "97492000", "researchAndDevelopment": "None", "operatingExpenses": "907560000", "investmentIncomeNet": "None", "netInterestIncome": "-75014000", "interestIncome": "10124000", "interestExpense": "75014000", "nonInterestIncome": "499000", "otherNonOperatingIncome": "10124000", "depreciation": "None", "depreciationAndAmortization": "368981000", "incomeBeforeTax": "168836000", "incomeTaxExpense": "47582000", "interestAndDebtExpense": "75014000", "netIncomeFromContinuingOperations": "200313000", "comprehensiveIncomeNetOfTax": "230770000", "ebit": "243850000", "ebitda": "612831000", "netIncome": "121254000"}, {"fiscalDateEnding": "2021-03-31", "reportedCurrency": "USD", "grossProfit": "620664000", "totalRevenue": "1090391000", "costOfRevenue": "469727000", "costofGoodsAndServicesSold": "414282000", "operatingIncome": "192519000", "sellingGeneralAndAdministrative": "99994000", "researchAndDevelopment": "None", "operatingExpenses": "897872000", "investmentIncomeNet": "None", "netInterestIncome": "-75653000", "interestIncome": "-105870000", "interestExpense": "75653000", "nonInterestIncome": "315574000", "otherNonOperatingIncome": "-7186000", "depreciation": "None", "depreciationAndAmortization": "369733000", "incomeBeforeTax": "393467000", "incomeTaxExpense": "7547000", "interestAndDebtExpense": "94000000", "netIncomeFromContinuingOperations": "154755000", "comprehensiveIncomeNetOfTax": "173227000", "ebit": "469120000", "ebitda": "838853000", "netIncome": "385920000"}, {"fiscalDateEnding": "2020-12-31", "reportedCurrency": "USD", "grossProfit": "1062609000", "totalRevenue": "1062609000", "costOfRevenue": "462103000", "costofGoodsAndServicesSold": "420312000", "operatingIncome": "160263000", "sellingGeneralAndAdministrative": "102188000", "researchAndDevelopment": "None", "operatingExpenses": "902346000", "investmentIncomeNet": "None", "netInterestIncome": "-77848000", "interestIncome": "-49540000", "interestExpense": "77848000", "nonInterestIncome": "-47893000", "otherNonOperatingIncome": "-2747000", "depreciation": "None", "depreciationAndAmortization": "359915000", "incomeBeforeTax": "61013000", "incomeTaxExpense": "3322000", "interestAndDebtExpense": "127424000", "netIncomeFromContinuingOperations": "1062609000", "comprehensiveIncomeNetOfTax": "316324000", "ebit": "138861000", "ebitda": "498776000", "netIncome": "57691000"}, {"fiscalDateEnding": "2020-09-30", "reportedCurrency": "USD", "grossProfit": "560992000", "totalRevenue": "1024668000", "costOfRevenue": "463676000", "costofGoodsAndServicesSold": "401338000", "operatingIncome": "144403000", "sellingGeneralAndAdministrative": "91352000", "researchAndDevelopment": "None", "operatingExpenses": "880265000", "investmentIncomeNet": "None", "netInterestIncome": "-89499000", "interestIncome": "-87207000", "interestExpense": "89499000", "nonInterestIncome": "-42597000", "otherNonOperatingIncome": "4348000", "depreciation": "None", "depreciationAndAmortization": "365842000", "incomeBeforeTax": "15915000", "incomeTaxExpense": "16053000", "interestAndDebtExpense": "142506000", "netIncomeFromContinuingOperations": "130642000", "comprehensiveIncomeNetOfTax": "234587000", "ebit": "105414000", "ebitda": "471256000", "netIncome": "-138000"}, {"fiscalDateEnding": "2020-06-30", "reportedCurrency": "USD", "grossProfit": "549539000", "totalRevenue": "992995000", "costOfRevenue": "443456000", "costofGoodsAndServicesSold": "381088000", "operatingIncome": "152811000", "sellingGeneralAndAdministrative": "94291000", "researchAndDevelopment": "None", "operatingExpenses": "840184000", "investmentIncomeNet": "None", "netInterestIncome": "-79874000", "interestIncome": "22163000", "interestExpense": "79874000", "nonInterestIncome": "0", "otherNonOperatingIncome": "22163000", "depreciation": "None", "depreciationAndAmortization": "349165000", "incomeBeforeTax": "86321000", "incomeTaxExpense": "11490000", "interestAndDebtExpense": "79874000", "netIncomeFromContinuingOperations": "155852000", "comprehensiveIncomeNetOfTax": "160704000", "ebit": "166195000", "ebitda": "515360000", "netIncome": "74831000"}, {"fiscalDateEnding": "2020-03-31", "reportedCurrency": "USD", "grossProfit": "468342000", "totalRevenue": "823337000", "costOfRevenue": "354995000", "costofGoodsAndServicesSold": "311378000", "operatingIncome": "100049000", "sellingGeneralAndAdministrative": "63538000", "researchAndDevelopment": "None", "operatingExpenses": "723288000", "investmentIncomeNet": "None", "netInterestIncome": "-85800000", "interestIncome": "-3542000", "interestExpense": "85800000", "nonInterestIncome": "304169000", "otherNonOperatingIncome": "-3542000", "depreciation": "None", "depreciationAndAmortization": "291457000", "incomeBeforeTax": "231196000", "incomeTaxExpense": "7182000", "interestAndDebtExpense": "86432000", "netIncomeFromContinuingOperations": "10329000", "comprehensiveIncomeNetOfTax": "-132287000", "ebit": "316996000", "ebitda": "608453000", "netIncome": "224014000"}, {"fiscalDateEnding": "2019-12-31", "reportedCurrency": "USD", "grossProfit": "787463000", "totalRevenue": "787463000", "costOfRevenue": "325396000", "costofGoodsAndServicesSold": "299757000", "operatingIncome": "138933000", "sellingGeneralAndAdministrative": "54670000", "researchAndDevelopment": "None", "operatingExpenses": "648530000", "investmentIncomeNet": "None", "netInterestIncome": "-80880000", "interestIncome": "10734000", "interestExpense": "80880000", "nonInterestIncome": "267651000", "otherNonOperatingIncome": "10734000", "depreciation": "None", "depreciationAndAmortization": "275008000", "incomeBeforeTax": "334553000", "incomeTaxExpense": "-1731000", "interestAndDebtExpense": "80880000", "netIncomeFromContinuingOperations": "787463000", "comprehensiveIncomeNetOfTax": "316940000", "ebit": "415433000", "ebitda": "690441000", "netIncome": "336284000"}, {"fiscalDateEnding": "2019-09-30", "reportedCurrency": "USD", "grossProfit": "469763000", "totalRevenue": "806466000", "costOfRevenue": "336703000", "costofGoodsAndServicesSold": "300789000", "operatingIncome": "164767000", "sellingGeneralAndAdministrative": "49985000", "researchAndDevelopment": "None", "operatingExpenses": "641699000", "investmentIncomeNet": "None", "netInterestIncome": "-84574000", "interestIncome": "16842000", "interestExpense": "84574000", "nonInterestIncome": "-5366000", "otherNonOperatingIncome": "16842000", "depreciation": "None", "depreciationAndAmortization": "286718000", "incomeBeforeTax": "71323000", "incomeTaxExpense": "4826000", "interestAndDebtExpense": "89940000", "netIncomeFromContinuingOperations": "157514000", "comprehensiveIncomeNetOfTax": "87484000", "ebit": "155897000", "ebitda": "442615000", "netIncome": "66497000"}, {"fiscalDateEnding": "2019-06-30", "reportedCurrency": "USD", "grossProfit": "457252000", "totalRevenue": "800797000", "costOfRevenue": "343545000", "costofGoodsAndServicesSold": "296955000", "operatingIncome": "148972000", "sellingGeneralAndAdministrative": "52983000", "researchAndDevelopment": "None", "operatingExpenses": "651825000", "investmentIncomeNet": "None", "netInterestIncome": "-86051000", "interestIncome": "16980000", "interestExpense": "86051000", "nonInterestIncome": "-20905000", "otherNonOperatingIncome": "16980000", "depreciation": "None", "depreciationAndAmortization": "290562000", "incomeBeforeTax": "64802000", "incomeTaxExpense": "4634000", "interestAndDebtExpense": "106956000", "netIncomeFromContinuingOperations": "168280000", "comprehensiveIncomeNetOfTax": "62303000", "ebit": "150853000", "ebitda": "441415000", "netIncome": "60168000"}, {"fiscalDateEnding": "2019-03-31", "reportedCurrency": "USD", "grossProfit": "444648000", "totalRevenue": "814515000", "costOfRevenue": "369867000", "costofGoodsAndServicesSold": "295260000", "operatingIncome": "141543000", "sellingGeneralAndAdministrative": "53459000", "researchAndDevelopment": "None", "operatingExpenses": "672972000", "investmentIncomeNet": "None", "netInterestIncome": "-101552000", "interestIncome": "-70891000", "interestExpense": "101552000", "nonInterestIncome": "54611000", "otherNonOperatingIncome": "21444000", "depreciation": "None", "depreciationAndAmortization": "311486000", "incomeBeforeTax": "121078000", "incomeTaxExpense": "4266000", "interestAndDebtExpense": "114438000", "netIncomeFromContinuingOperations": "167938000", "comprehensiveIncomeNetOfTax": "140759000", "ebit": "222630000", "ebitda": "534116000", "netIncome": "116812000"}, {"fiscalDateEnding": "2018-12-31", "reportedCurrency": "USD", "grossProfit": "778267000", "totalRevenue": "778267000", "costOfRevenue": "594992000", "costofGoodsAndServicesSold": "255132000", "operatingIncome": "122847000", "sellingGeneralAndAdministrative": "39403000", "researchAndDevelopment": "None", "operatingExpenses": "1560618000", "investmentIncomeNet": "None", "netInterestIncome": "-84883000", "interestIncome": "None", "interestExpense": "84883000", "nonInterestIncome": "619689000", "otherNonOperatingIncome": "8790000", "depreciation": "None", "depreciationAndAmortization": "299362000", "incomeBeforeTax": "45716000", "incomeTaxExpense": "-5843000", "interestAndDebtExpense": "86451000", "netIncomeFromContinuingOperations": "778267000", "comprehensiveIncomeNetOfTax": "39113000", "ebit": "130599000", "ebitda": "429961000", "netIncome": "51559000"}, {"fiscalDateEnding": "2018-09-30", "reportedCurrency": "USD", "grossProfit": "187354000", "totalRevenue": "768924000", "costOfRevenue": "581570000", "costofGoodsAndServicesSold": "245971000", "operatingIncome": "139065000", "sellingGeneralAndAdministrative": "41642000", "researchAndDevelopment": "None", "operatingExpenses": "309022000", "investmentIncomeNet": "None", "netInterestIncome": "-80851000", "interestIncome": "None", "interestExpense": "80851000", "nonInterestIncome": "630410000", "otherNonOperatingIncome": "34482000", "depreciation": "None", "depreciationAndAmortization": "293957000", "incomeBeforeTax": "90029000", "incomeTaxExpense": "2432000", "interestAndDebtExpense": "80851000", "netIncomeFromContinuingOperations": "144538000", "comprehensiveIncomeNetOfTax": "91466000", "ebit": "170880000", "ebitda": "464837000", "netIncome": "87597000"}, {"fiscalDateEnding": "2018-06-30", "reportedCurrency": "USD", "grossProfit": "179710000", "totalRevenue": "754919000", "costOfRevenue": "575209000", "costofGoodsAndServicesSold": "230322000", "operatingIncome": "144062000", "sellingGeneralAndAdministrative": "46099000", "researchAndDevelopment": "None", "operatingExpenses": "330695000", "investmentIncomeNet": "None", "netInterestIncome": "-78810000", "interestIncome": "None", "interestExpense": "78810000", "nonInterestIncome": "610518000", "otherNonOperatingIncome": "25028000", "depreciation": "None", "depreciationAndAmortization": "298788000", "incomeBeforeTax": "87584000", "incomeTaxExpense": "2121000", "interestAndDebtExpense": "78810000", "netIncomeFromContinuingOperations": "152777000", "comprehensiveIncomeNetOfTax": "82367000", "ebit": "166394000", "ebitda": "465182000", "netIncome": "85463000"}, {"fiscalDateEnding": "2018-03-31", "reportedCurrency": "USD", "grossProfit": "186985000", "totalRevenue": "744368000", "costOfRevenue": "557383000", "costofGoodsAndServicesSold": "225640000", "operatingIncome": "143813000", "sellingGeneralAndAdministrative": "36523000", "researchAndDevelopment": "None", "operatingExpenses": "291976000", "investmentIncomeNet": "None", "netInterestIncome": "-76985000", "interestIncome": "None", "interestExpense": "76985000", "nonInterestIncome": "631571000", "otherNonOperatingIncome": "46641000", "depreciation": "None", "depreciationAndAmortization": "294789000", "incomeBeforeTax": "110001000", "incomeTaxExpense": "3374000", "interestAndDebtExpense": "76985000", "netIncomeFromContinuingOperations": "147807000", "comprehensiveIncomeNetOfTax": "111085000", "ebit": "186986000", "ebitda": "481775000", "netIncome": "106627000"}, {"fiscalDateEnding": "2017-12-31", "reportedCurrency": "USD", "grossProfit": "731445000", "totalRevenue": "731445000", "costOfRevenue": "635042000", "costofGoodsAndServicesSold": "225500000", "operatingIncome": "117198000", "sellingGeneralAndAdministrative": "45520000", "researchAndDevelopment": "None", "operatingExpenses": "1344074000", "investmentIncomeNet": "None", "netInterestIncome": "-73989000", "interestIncome": "None", "interestExpense": "73989000", "nonInterestIncome": "548102000", "otherNonOperatingIncome": "36994000", "depreciation": "None", "depreciationAndAmortization": "287973000", "incomeBeforeTax": "74180000", "incomeTaxExpense": "545000", "interestAndDebtExpense": "73989000", "netIncomeFromContinuingOperations": "731445000", "comprehensiveIncomeNetOfTax": "81935000", "ebit": "148169000", "ebitda": "436142000", "netIncome": "73635000"}, {"fiscalDateEnding": "2017-09-30", "reportedCurrency": "USD", "grossProfit": "118193000", "totalRevenue": "609925000", "costOfRevenue": "491732000", "costofGoodsAndServicesSold": "190061000", "operatingIncome": "66157000", "sellingGeneralAndAdministrative": "43765000", "researchAndDevelopment": "None", "operatingExpenses": "291921000", "investmentIncomeNet": "None", "netInterestIncome": "-71621000", "interestIncome": "None", "interestExpense": "71621000", "nonInterestIncome": "452331000", "otherNonOperatingIncome": "20433000", "depreciation": "None", "depreciationAndAmortization": "199914000", "incomeBeforeTax": "14929000", "incomeTaxExpense": "2494000", "interestAndDebtExpense": "69631000", "netIncomeFromContinuingOperations": "72356000", "comprehensiveIncomeNetOfTax": "6412000", "ebit": "86550000", "ebitda": "286464000", "netIncome": "12435000"}, {"fiscalDateEnding": "2017-06-30", "reportedCurrency": "USD", "grossProfit": "175653000", "totalRevenue": "565989000", "costOfRevenue": "390336000", "costofGoodsAndServicesSold": "174716000", "operatingIncome": "130657000", "sellingGeneralAndAdministrative": "37509000", "researchAndDevelopment": "None", "operatingExpenses": "215240000", "investmentIncomeNet": "None", "netInterestIncome": "-57582000", "interestIncome": "None", "interestExpense": "57582000", "nonInterestIncome": "412956000", "otherNonOperatingIncome": "9135000", "depreciation": "None", "depreciationAndAmortization": "178111000", "incomeBeforeTax": "81290000", "incomeTaxExpense": "2639000", "interestAndDebtExpense": "57582000", "netIncomeFromContinuingOperations": "136773000", "comprehensiveIncomeNetOfTax": "90482000", "ebit": "138872000", "ebitda": "316983000", "netIncome": "78651000"}, {"fiscalDateEnding": "2017-03-31", "reportedCurrency": "USD", "grossProfit": "166794000", "totalRevenue": "550569000", "costOfRevenue": "383775000", "costofGoodsAndServicesSold": "169339000", "operatingIncome": "137283000", "sellingGeneralAndAdministrative": "34647000", "researchAndDevelopment": "None", "operatingExpenses": "213648000", "investmentIncomeNet": "None", "netInterestIncome": "-55450000", "interestIncome": "None", "interestExpense": "55450000", "nonInterestIncome": "403604000", "otherNonOperatingIncome": "4953000", "depreciation": "None", "depreciationAndAmortization": "176466000", "incomeBeforeTax": "85761000", "incomeTaxExpense": "2223000", "interestAndDebtExpense": "55450000", "netIncomeFromContinuingOperations": "140535000", "comprehensiveIncomeNetOfTax": "96603000", "ebit": "141211000", "ebitda": "317677000", "netIncome": "83538000"}, {"fiscalDateEnding": "2016-12-31", "reportedCurrency": "USD", "grossProfit": "576787000", "totalRevenue": "576787000", "costOfRevenue": "396199000", "costofGoodsAndServicesSold": "169268000", "operatingIncome": "151122000", "sellingGeneralAndAdministrative": "41153000", "researchAndDevelopment": "None", "operatingExpenses": "224733000", "investmentIncomeNet": "None", "netInterestIncome": "-56226000", "interestIncome": "None", "interestExpense": "56226000", "nonInterestIncome": "398838000", "otherNonOperatingIncome": "None", "depreciation": "None", "depreciationAndAmortization": "176581000", "incomeBeforeTax": "97379000", "incomeTaxExpense": "2304000", "interestAndDebtExpense": "56255000", "netIncomeFromContinuingOperations": "605987000", "comprehensiveIncomeNetOfTax": "91409000", "ebit": "153605000", "ebitda": "330186000", "netIncome": "95075000"}]}