{"symbol": "DOV", "annualReports": [{"fiscalDateEnding": "2020-12-31", "reportedCurrency": "USD", "grossProfit": "2474019000", "totalRevenue": "6577036000", "costOfRevenue": "5934284000", "costofGoodsAndServicesSold": "4209741000", "operatingIncome": "932987000", "sellingGeneralAndAdministrative": "1541032000", "researchAndDevelopment": "142101000", "operatingExpenses": "1872602000", "investmentIncomeNet": "None", "netInterestIncome": "-111937000", "interestIncome": "3571000", "interestExpense": "111937000", "nonInterestIncome": "6688973000", "otherNonOperatingIncome": "11900000", "depreciation": "140008000", "depreciationAndAmortization": "139043000", "incomeBeforeTax": "841734000", "incomeTaxExpense": "158283000", "interestAndDebtExpense": "111937000", "netIncomeFromContinuingOperations": "683451000", "comprehensiveIncomeNetOfTax": "746223000", "ebit": "953671000", "ebitda": "1092714000", "netIncome": "683451000"}, {"fiscalDateEnding": "2019-12-31", "reportedCurrency": "USD", "grossProfit": "2620938000", "totalRevenue": "7136397000", "costOfRevenue": "4515459000", "costofGoodsAndServicesSold": "4515459000", "operatingIncome": "974894000", "sellingGeneralAndAdministrative": "1599098000", "researchAndDevelopment": "140957000", "operatingExpenses": "1933364000", "investmentIncomeNet": "None", "netInterestIncome": "-125818000", "interestIncome": "4526000", "interestExpense": "125818000", "nonInterestIncome": "7159940000", "otherNonOperatingIncome": "12950000", "depreciation": "133340000", "depreciationAndAmortization": "138947000", "incomeBeforeTax": "843009000", "incomeTaxExpense": "165091000", "interestAndDebtExpense": "102275000", "netIncomeFromContinuingOperations": "677918000", "comprehensiveIncomeNetOfTax": "704988000", "ebit": "968827000", "ebitda": "1107774000", "netIncome": "677918000"}, {"fiscalDateEnding": "2018-12-31", "reportedCurrency": "USD", "grossProfit": "2559556000", "totalRevenue": "6992118000", "costOfRevenue": "4432562000", "costofGoodsAndServicesSold": "4432562000", "operatingIncome": "843112000", "sellingGeneralAndAdministrative": "1716444000", "researchAndDevelopment": "143033000", "operatingExpenses": "2065720000", "investmentIncomeNet": "None", "netInterestIncome": "-130972000", "interestIncome": "8881000", "interestExpense": "130972000", "nonInterestIncome": "0", "otherNonOperatingIncome": "4357000", "depreciation": "138712000", "depreciationAndAmortization": "143868000", "incomeBeforeTax": "704500000", "incomeTaxExpense": "134233000", "interestAndDebtExpense": "130972000", "netIncomeFromContinuingOperations": "591145000", "comprehensiveIncomeNetOfTax": "501858000", "ebit": "835472000", "ebitda": "979340000", "netIncome": "570267000"}, {"fiscalDateEnding": "2017-12-31", "reportedCurrency": "USD", "grossProfit": "2529047000", "totalRevenue": "6820886000", "costOfRevenue": "4291839000", "costofGoodsAndServicesSold": "4291839000", "operatingIncome": "806886000", "sellingGeneralAndAdministrative": "1722161000", "researchAndDevelopment": "130536000", "operatingExpenses": "2374348000", "investmentIncomeNet": "None", "netInterestIncome": "-145208000", "interestIncome": "-260000", "interestExpense": "144948000", "nonInterestIncome": "203135000", "otherNonOperatingIncome": "2251000", "depreciation": "133107000", "depreciationAndAmortization": "202955000", "incomeBeforeTax": "940817000", "incomeTaxExpense": "129152000", "interestAndDebtExpense": "145208000", "netIncomeFromContinuingOperations": "746663000", "comprehensiveIncomeNetOfTax": "976232000", "ebit": "1085765000", "ebitda": "1288720000", "netIncome": "811665000"}, {"fiscalDateEnding": "2016-12-31", "reportedCurrency": "USD", "grossProfit": "2227552000", "totalRevenue": "6043224000", "costOfRevenue": "3815672000", "costofGoodsAndServicesSold": "3815672000", "operatingIncome": "708972000", "sellingGeneralAndAdministrative": "1518580000", "researchAndDevelopment": "115840000", "operatingExpenses": "2098053000", "investmentIncomeNet": "None", "netInterestIncome": "129642000", "interestIncome": "265611000", "interestExpense": "135969000", "nonInterestIncome": "96598000", "otherNonOperatingIncome": "8291000", "depreciation": "119502000", "depreciationAndAmortization": "185244000", "incomeBeforeTax": "691408000", "incomeTaxExpense": "182516000", "interestAndDebtExpense": "136401000", "netIncomeFromContinuingOperations": "502128000", "comprehensiveIncomeNetOfTax": "404139000", "ebit": "827377000", "ebitda": "1012621000", "netIncome": "508892000"}], "quarterlyReports": [{"fiscalDateEnding": "2021-09-30", "reportedCurrency": "USD", "grossProfit": "754579000", "totalRevenue": "1991836000", "costOfRevenue": "1717031000", "costofGoodsAndServicesSold": "1263690000", "operatingIncome": "342026000", "sellingGeneralAndAdministrative": "412553000", "researchAndDevelopment": "None", "operatingExpenses": "453341000", "investmentIncomeNet": "None", "netInterestIncome": "-26433000", "interestIncome": "1466000", "interestExpense": "26433000", "nonInterestIncome": "2018269000", "otherNonOperatingIncome": "10460000", "depreciation": "36913000", "depreciationAndAmortization": "35998000", "incomeBeforeTax": "327519000", "incomeTaxExpense": "63763000", "interestAndDebtExpense": "26433000", "netIncomeFromContinuingOperations": "288723000", "comprehensiveIncomeNetOfTax": "239750000", "ebit": "353952000", "ebitda": "389950000", "netIncome": "263756000"}, {"fiscalDateEnding": "2021-06-30", "reportedCurrency": "USD", "grossProfit": "772172000", "totalRevenue": "2005015000", "costOfRevenue": "1732456000", "costofGoodsAndServicesSold": "1259504000", "operatingIncome": "344130000", "sellingGeneralAndAdministrative": "428042000", "researchAndDevelopment": "None", "operatingExpenses": "472952000", "investmentIncomeNet": "None", "netInterestIncome": "-26661000", "interestIncome": "942000", "interestExpense": "26661000", "nonInterestIncome": "2031676000", "otherNonOperatingIncome": "4933000", "depreciation": "36045000", "depreciationAndAmortization": "35474000", "incomeBeforeTax": "323344000", "incomeTaxExpense": "58836000", "interestAndDebtExpense": "26661000", "netIncomeFromContinuingOperations": "290227000", "comprehensiveIncomeNetOfTax": "287179000", "ebit": "350005000", "ebitda": "385479000", "netIncome": "264508000"}, {"fiscalDateEnding": "2021-03-31", "reportedCurrency": "USD", "grossProfit": "721548000", "totalRevenue": "1840966000", "costOfRevenue": "1597510000", "costofGoodsAndServicesSold": "1146353000", "operatingIncome": "312550000", "sellingGeneralAndAdministrative": "408998000", "researchAndDevelopment": "None", "operatingExpenses": "450072000", "investmentIncomeNet": "None", "netInterestIncome": "-26823000", "interestIncome": "-26143000", "interestExpense": "26823000", "nonInterestIncome": "1867901000", "otherNonOperatingIncome": "2843000", "depreciation": "38194000", "depreciationAndAmortization": "35612000", "incomeBeforeTax": "289250000", "incomeTaxExpense": "56481000", "interestAndDebtExpense": "26823000", "netIncomeFromContinuingOperations": "258912000", "comprehensiveIncomeNetOfTax": "225293000", "ebit": "316073000", "ebitda": "351685000", "netIncome": "232769000"}, {"fiscalDateEnding": "2020-12-31", "reportedCurrency": "USD", "grossProfit": "651449000", "totalRevenue": "1780390000", "costOfRevenue": "1577527360", "costofGoodsAndServicesSold": "1128941000", "operatingIncome": "245929000", "sellingGeneralAndAdministrative": "405520000", "researchAndDevelopment": "None", "operatingExpenses": "614219360", "investmentIncomeNet": "None", "netInterestIncome": "-28234000", "interestIncome": "700000", "interestExpense": "28234000", "nonInterestIncome": "1780390000", "otherNonOperatingIncome": "2013000", "depreciation": "37992000", "depreciationAndAmortization": "35215000", "incomeBeforeTax": "220408000", "incomeTaxExpense": "38302000", "interestAndDebtExpense": "28234000", "netIncomeFromContinuingOperations": "106487000", "comprehensiveIncomeNetOfTax": "261567000", "ebit": "248642000", "ebitda": "283857000", "netIncome": "182106000"}, {"fiscalDateEnding": "2020-09-30", "reportedCurrency": "USD", "grossProfit": "658729000", "totalRevenue": "1719975000", "costOfRevenue": "1513491000", "costofGoodsAndServicesSold": "1089527000", "operatingIncome": "276898000", "sellingGeneralAndAdministrative": "381831000", "researchAndDevelopment": "None", "operatingExpenses": "424521000", "investmentIncomeNet": "None", "netInterestIncome": "-27724000", "interestIncome": "-26764000", "interestExpense": "27724000", "nonInterestIncome": "1747699000", "otherNonOperatingIncome": "1420000", "depreciation": "34096000", "depreciationAndAmortization": "35393000", "incomeBeforeTax": "250997000", "incomeTaxExpense": "50697000", "interestAndDebtExpense": "27724000", "netIncomeFromContinuingOperations": "227621000", "comprehensiveIncomeNetOfTax": "231214000", "ebit": "278721000", "ebitda": "314114000", "netIncome": "200300000"}, {"fiscalDateEnding": "2020-06-30", "reportedCurrency": "USD", "grossProfit": "551598000", "totalRevenue": "1469683000", "costOfRevenue": "1360839000", "costofGoodsAndServicesSold": "947577000", "operatingIncome": "184858000", "sellingGeneralAndAdministrative": "366740000", "researchAndDevelopment": "None", "operatingExpenses": "414043000", "investmentIncomeNet": "None", "netInterestIncome": "-28711000", "interestIncome": "728000", "interestExpense": "28711000", "nonInterestIncome": "1498394000", "otherNonOperatingIncome": "735000", "depreciation": "33365000", "depreciationAndAmortization": "34238000", "incomeBeforeTax": "156829000", "incomeTaxExpense": "32063000", "interestAndDebtExpense": "28711000", "netIncomeFromContinuingOperations": "153530000", "comprehensiveIncomeNetOfTax": "172715000", "ebit": "185540000", "ebitda": "219778000", "netIncome": "124766000"}, {"fiscalDateEnding": "2020-03-31", "reportedCurrency": "USD", "grossProfit": "612243000", "totalRevenue": "1631519000", "costOfRevenue": "1475878000", "costofGoodsAndServicesSold": "1043696000", "operatingIncome": "225302000", "sellingGeneralAndAdministrative": "386941000", "researchAndDevelopment": "None", "operatingExpenses": "422739000", "investmentIncomeNet": "None", "netInterestIncome": "-27268000", "interestIncome": "1183000", "interestExpense": "27268000", "nonInterestIncome": "1662490000", "otherNonOperatingIncome": "7732000", "depreciation": "34555000", "depreciationAndAmortization": "34197000", "incomeBeforeTax": "213500000", "incomeTaxExpense": "37221000", "interestAndDebtExpense": "27268000", "netIncomeFromContinuingOperations": "176279000", "comprehensiveIncomeNetOfTax": "80727000", "ebit": "240768000", "ebitda": "274965000", "netIncome": "176279000"}, {"fiscalDateEnding": "2019-12-31", "reportedCurrency": "USD", "grossProfit": "651315000", "totalRevenue": "1775589000", "costOfRevenue": "1124274000", "costofGoodsAndServicesSold": "1124274000", "operatingIncome": "248092000", "sellingGeneralAndAdministrative": "403223000", "researchAndDevelopment": "None", "operatingExpenses": "598942000", "investmentIncomeNet": "None", "netInterestIncome": "-30846000", "interestIncome": "1428000", "interestExpense": "30846000", "nonInterestIncome": "1775589000", "otherNonOperatingIncome": "1891000", "depreciation": "35976000", "depreciationAndAmortization": "34017000", "incomeBeforeTax": "197022000", "incomeTaxExpense": "28900000", "interestAndDebtExpense": "7303000", "netIncomeFromContinuingOperations": "168122000", "comprehensiveIncomeNetOfTax": "209286000", "ebit": "227868000", "ebitda": "261885000", "netIncome": "168122000"}, {"fiscalDateEnding": "2019-09-30", "reportedCurrency": "USD", "grossProfit": "673488000", "totalRevenue": "1825345000", "costOfRevenue": "1151857000", "costofGoodsAndServicesSold": "1151857000", "operatingIncome": "282713000", "sellingGeneralAndAdministrative": "390775000", "researchAndDevelopment": "None", "operatingExpenses": "428753000", "investmentIncomeNet": "None", "netInterestIncome": "-31410000", "interestIncome": "1263000", "interestExpense": "31410000", "nonInterestIncome": "1825345000", "otherNonOperatingIncome": "5364000", "depreciation": "32145000", "depreciationAndAmortization": "34642000", "incomeBeforeTax": "257930000", "incomeTaxExpense": "51924000", "interestAndDebtExpense": "31410000", "netIncomeFromContinuingOperations": "206006000", "comprehensiveIncomeNetOfTax": "156929000", "ebit": "289340000", "ebitda": "323982000", "netIncome": "206006000"}, {"fiscalDateEnding": "2019-06-30", "reportedCurrency": "USD", "grossProfit": "672593000", "totalRevenue": "1810706000", "costOfRevenue": "1138113000", "costofGoodsAndServicesSold": "1138113000", "operatingIncome": "275959000", "sellingGeneralAndAdministrative": "396634000", "researchAndDevelopment": "None", "operatingExpenses": "437110000", "investmentIncomeNet": "None", "netInterestIncome": "-31754000", "interestIncome": "945000", "interestExpense": "31754000", "nonInterestIncome": "1810706000", "otherNonOperatingIncome": "4589000", "depreciation": "33031000", "depreciationAndAmortization": "34738000", "incomeBeforeTax": "249739000", "incomeTaxExpense": "51654000", "interestAndDebtExpense": "31754000", "netIncomeFromContinuingOperations": "198085000", "comprehensiveIncomeNetOfTax": "180918000", "ebit": "281493000", "ebitda": "316231000", "netIncome": "198085000"}, {"fiscalDateEnding": "2019-03-31", "reportedCurrency": "USD", "grossProfit": "623542000", "totalRevenue": "1724757000", "costOfRevenue": "1101215000", "costofGoodsAndServicesSold": "1101215000", "operatingIncome": "168130000", "sellingGeneralAndAdministrative": "408466000", "researchAndDevelopment": "None", "operatingExpenses": "468559000", "investmentIncomeNet": "None", "netInterestIncome": "-31808000", "interestIncome": "890000", "interestExpense": "31808000", "nonInterestIncome": "1724757000", "otherNonOperatingIncome": "1106000", "depreciation": "32188000", "depreciationAndAmortization": "35550000", "incomeBeforeTax": "73092000", "incomeTaxExpense": "-32613000", "interestAndDebtExpense": "31808000", "netIncomeFromContinuingOperations": "105705000", "comprehensiveIncomeNetOfTax": "157855000", "ebit": "104900000", "ebitda": "140450000", "netIncome": "105705000"}, {"fiscalDateEnding": "2018-12-31", "reportedCurrency": "USD", "grossProfit": "644972000", "totalRevenue": "1808950000", "costOfRevenue": "1163978000", "costofGoodsAndServicesSold": "1163979000", "operatingIncome": "218773000", "sellingGeneralAndAdministrative": "426198000", "researchAndDevelopment": "None", "operatingExpenses": "630658000", "investmentIncomeNet": "None", "netInterestIncome": "-32015000", "interestIncome": "None", "interestExpense": "32015000", "nonInterestIncome": "0", "otherNonOperatingIncome": "-2284000", "depreciation": "41087000", "depreciationAndAmortization": "35475000", "incomeBeforeTax": "381335000", "incomeTaxExpense": "239766000", "interestAndDebtExpense": "32015000", "netIncomeFromContinuingOperations": "157975000", "comprehensiveIncomeNetOfTax": "91798000", "ebit": "413350000", "ebitda": "448825000", "netIncome": "141569000"}, {"fiscalDateEnding": "2018-09-30", "reportedCurrency": "USD", "grossProfit": "646520000", "totalRevenue": "1747403000", "costOfRevenue": "1100883000", "costofGoodsAndServicesSold": "1100883000", "operatingIncome": "220075000", "sellingGeneralAndAdministrative": "426445000", "researchAndDevelopment": "None", "operatingExpenses": "486222000", "investmentIncomeNet": "None", "netInterestIncome": "-31192000", "interestIncome": "None", "interestExpense": "31192000", "nonInterestIncome": "0", "otherNonOperatingIncome": "2073000", "depreciation": "32514000", "depreciationAndAmortization": "35576000", "incomeBeforeTax": "121594000", "incomeTaxExpense": "-35711000", "interestAndDebtExpense": "31192000", "netIncomeFromContinuingOperations": "157305000", "comprehensiveIncomeNetOfTax": "143759000", "ebit": "152786000", "ebitda": "188362000", "netIncome": "157305000"}, {"fiscalDateEnding": "2018-06-30", "reportedCurrency": "USD", "grossProfit": "665236000", "totalRevenue": "1798094000", "costOfRevenue": "1132858000", "costofGoodsAndServicesSold": "1132858000", "operatingIncome": "236461000", "sellingGeneralAndAdministrative": "428775000", "researchAndDevelopment": "None", "operatingExpenses": "473266000", "investmentIncomeNet": "None", "netInterestIncome": "-32125000", "interestIncome": "None", "interestExpense": "32125000", "nonInterestIncome": "0", "otherNonOperatingIncome": "4538000", "depreciation": "32947000", "depreciationAndAmortization": "36356000", "incomeBeforeTax": "94978000", "incomeTaxExpense": "-44981000", "interestAndDebtExpense": "32125000", "netIncomeFromContinuingOperations": "166456000", "comprehensiveIncomeNetOfTax": "78768000", "ebit": "127103000", "ebitda": "163459000", "netIncome": "139959000"}, {"fiscalDateEnding": "2018-03-31", "reportedCurrency": "USD", "grossProfit": "602828000", "totalRevenue": "1637671000", "costOfRevenue": "1034843000", "costofGoodsAndServicesSold": "1034842000", "operatingIncome": "167803000", "sellingGeneralAndAdministrative": "435026000", "researchAndDevelopment": "None", "operatingExpenses": "567742000", "investmentIncomeNet": "None", "netInterestIncome": "-35807000", "interestIncome": "-167000", "interestExpense": "35640000", "nonInterestIncome": "0", "otherNonOperatingIncome": "30000", "depreciation": "32164000", "depreciationAndAmortization": "48890000", "incomeBeforeTax": "106593000", "incomeTaxExpense": "-24841000", "interestAndDebtExpense": "35807000", "netIncomeFromContinuingOperations": "109409000", "comprehensiveIncomeNetOfTax": "187534000", "ebit": "142233000", "ebitda": "191123000", "netIncome": "131434000"}, {"fiscalDateEnding": "2017-12-31", "reportedCurrency": "USD", "grossProfit": "649893000", "totalRevenue": "1752530000", "costOfRevenue": "1102637000", "costofGoodsAndServicesSold": "1102637000", "operatingIncome": "184759000", "sellingGeneralAndAdministrative": "465134000", "researchAndDevelopment": "124986000", "operatingExpenses": "860566000", "investmentIncomeNet": "None", "netInterestIncome": "-36414000", "interestIncome": "-51000", "interestExpense": "36363000", "nonInterestIncome": "111828000", "otherNonOperatingIncome": "844000", "depreciation": "34295000", "depreciationAndAmortization": "50104000", "incomeBeforeTax": "270907000", "incomeTaxExpense": "-25541000", "interestAndDebtExpense": "36414000", "netIncomeFromContinuingOperations": "289645000", "comprehensiveIncomeNetOfTax": "293917000", "ebit": "307270000", "ebitda": "357374000", "netIncome": "296448000"}, {"fiscalDateEnding": "2017-09-30", "reportedCurrency": "USD", "grossProfit": "649193000", "totalRevenue": "1747775000", "costOfRevenue": "1098582000", "costofGoodsAndServicesSold": "1098582000", "operatingIncome": "239153000", "sellingGeneralAndAdministrative": "410040000", "researchAndDevelopment": "None", "operatingExpenses": "525924000", "investmentIncomeNet": "None", "netInterestIncome": "-35453000", "interestIncome": "-81000", "interestExpense": "35372000", "nonInterestIncome": "0", "otherNonOperatingIncome": "1236000", "depreciation": "34663000", "depreciationAndAmortization": "50878000", "incomeBeforeTax": "226233000", "incomeTaxExpense": "47321000", "interestAndDebtExpense": "35453000", "netIncomeFromContinuingOperations": "159455000", "comprehensiveIncomeNetOfTax": "274065000", "ebit": "261605000", "ebitda": "312483000", "netIncome": "178912000"}, {"fiscalDateEnding": "2017-06-30", "reportedCurrency": "USD", "grossProfit": "654108000", "totalRevenue": "1737371000", "costOfRevenue": "1083263000", "costofGoodsAndServicesSold": "1083263000", "operatingIncome": "232838000", "sellingGeneralAndAdministrative": "421270000", "researchAndDevelopment": "None", "operatingExpenses": "536982000", "investmentIncomeNet": "None", "netInterestIncome": "-36932000", "interestIncome": "-78000", "interestExpense": "36854000", "nonInterestIncome": "0", "otherNonOperatingIncome": "-259000", "depreciation": "32564000", "depreciationAndAmortization": "51093000", "incomeBeforeTax": "219643000", "incomeTaxExpense": "55585000", "interestAndDebtExpense": "36932000", "netIncomeFromContinuingOperations": "142475000", "comprehensiveIncomeNetOfTax": "189992000", "ebit": "256497000", "ebitda": "307590000", "netIncome": "164058000"}, {"fiscalDateEnding": "2017-03-31", "reportedCurrency": "USD", "grossProfit": "575853000", "totalRevenue": "1583210000", "costOfRevenue": "1007357000", "costofGoodsAndServicesSold": "1152198000", "operatingIncome": "174914000", "sellingGeneralAndAdministrative": "486260000", "researchAndDevelopment": "None", "operatingExpenses": "542183000", "investmentIncomeNet": "None", "netInterestIncome": "-36409000", "interestIncome": "None", "interestExpense": "36409000", "nonInterestIncome": "90093000", "otherNonOperatingIncome": "794000", "depreciation": "44718000", "depreciationAndAmortization": "50880000", "incomeBeforeTax": "231972000", "incomeTaxExpense": "59725000", "interestAndDebtExpense": "36409000", "netIncomeFromContinuingOperations": "155088000", "comprehensiveIncomeNetOfTax": "218257000", "ebit": "268381000", "ebitda": "319261000", "netIncome": "172247000"}, {"fiscalDateEnding": "2016-12-31", "reportedCurrency": "USD", "grossProfit": "619704000", "totalRevenue": "1109014000", "costOfRevenue": "1676850000", "costofGoodsAndServicesSold": "651556000", "operatingIncome": "158608000", "sellingGeneralAndAdministrative": "216679000", "researchAndDevelopment": "104479000", "operatingExpenses": "648407000", "investmentIncomeNet": "None", "netInterestIncome": "226507000", "interestIncome": "261590000", "interestExpense": "35083000", "nonInterestIncome": "81904000", "otherNonOperatingIncome": "552000", "depreciation": "-12814000", "depreciationAndAmortization": "54139000", "incomeBeforeTax": "218109000", "incomeTaxExpense": "56947000", "interestAndDebtExpense": "35515000", "netIncomeFromContinuingOperations": "161162000", "comprehensiveIncomeNetOfTax": "69511000", "ebit": "253192000", "ebitda": "307331000", "netIncome": "161162000"}]}