{"symbol": "DPZ", "annualReports": [{"fiscalDateEnding": "2020-12-31", "reportedCurrency": "USD", "grossProfit": "1594493000", "totalRevenue": "4117411000", "costOfRevenue": "2522918000", "costofGoodsAndServicesSold": "2522918000", "operatingIncome": "725642000", "sellingGeneralAndAdministrative": "406613000", "researchAndDevelopment": "None", "operatingExpenses": "868851000", "investmentIncomeNet": "None", "netInterestIncome": "-170512000", "interestIncome": "1654000", "interestExpense": "172166000", "nonInterestIncome": "None", "otherNonOperatingIncome": "1654000", "depreciation": "None", "depreciationAndAmortization": "65038000", "incomeBeforeTax": "555130000", "incomeTaxExpense": "63834000", "interestAndDebtExpense": "None", "netIncomeFromContinuingOperations": "491296000", "comprehensiveIncomeNetOfTax": "492614000", "ebit": "727296000", "ebitda": "792334000", "netIncome": "491296000"}, {"fiscalDateEnding": "2019-12-31", "reportedCurrency": "USD", "grossProfit": "1402499000", "totalRevenue": "3618774000", "costOfRevenue": "2216275000", "costofGoodsAndServicesSold": "2216275000", "operatingIncome": "629407000", "sellingGeneralAndAdministrative": "773092000", "researchAndDevelopment": "None", "operatingExpenses": "834517000", "investmentIncomeNet": "4048000", "netInterestIncome": "-150818000", "interestIncome": "4048000", "interestExpense": "150818000", "nonInterestIncome": "-2023000", "otherNonOperatingIncome": "4048000", "depreciation": "None", "depreciationAndAmortization": "59930000", "incomeBeforeTax": "482637000", "incomeTaxExpense": "81928000", "interestAndDebtExpense": "150818000", "netIncomeFromContinuingOperations": "400709000", "comprehensiveIncomeNetOfTax": "401396000", "ebit": "633455000", "ebitda": "693385000", "netIncome": "400709000"}, {"fiscalDateEnding": "2018-12-31", "reportedCurrency": "USD", "grossProfit": "1302679000", "totalRevenue": "3432867000", "costOfRevenue": "2130188000", "costofGoodsAndServicesSold": "2130188000", "operatingIncome": "571689000", "sellingGeneralAndAdministrative": "730990000", "researchAndDevelopment": "None", "operatingExpenses": "778755000", "investmentIncomeNet": "3334000", "netInterestIncome": "-146345000", "interestIncome": "3334000", "interestExpense": "146345000", "nonInterestIncome": "1337000", "otherNonOperatingIncome": "3334000", "depreciation": "None", "depreciationAndAmortization": "53665000", "incomeBeforeTax": "428678000", "incomeTaxExpense": "66706000", "interestAndDebtExpense": "149745000", "netIncomeFromContinuingOperations": "361972000", "comprehensiveIncomeNetOfTax": "359924000", "ebit": "575023000", "ebitda": "628688000", "netIncome": "361972000"}, {"fiscalDateEnding": "2017-12-31", "reportedCurrency": "USD", "grossProfit": "865991000", "totalRevenue": "2787979000", "costOfRevenue": "1921988000", "costofGoodsAndServicesSold": "1921988000", "operatingIncome": "521232000", "sellingGeneralAndAdministrative": "384559000", "researchAndDevelopment": "None", "operatingExpenses": "424928000", "investmentIncomeNet": "1462000", "netInterestIncome": "-122541000", "interestIncome": "1462000", "interestExpense": "122541000", "nonInterestIncome": "3148000", "otherNonOperatingIncome": "1462000", "depreciation": "None", "depreciationAndAmortization": "44369000", "incomeBeforeTax": "400153000", "incomeTaxExpense": "122248000", "interestAndDebtExpense": "122541000", "netIncomeFromContinuingOperations": "277905000", "comprehensiveIncomeNetOfTax": "278985000", "ebit": "522694000", "ebitda": "567063000", "netIncome": "277905000"}, {"fiscalDateEnding": "2016-12-31", "reportedCurrency": "USD", "grossProfit": "767691000", "totalRevenue": "2472628000", "costOfRevenue": "1704937000", "costofGoodsAndServicesSold": "1704937000", "operatingIncome": "454042000", "sellingGeneralAndAdministrative": "348149000", "researchAndDevelopment": "None", "operatingExpenses": "387152000", "investmentIncomeNet": "685000", "netInterestIncome": "-110069000", "interestIncome": "685000", "interestExpense": "110069000", "nonInterestIncome": "-863000", "otherNonOperatingIncome": "685000", "depreciation": "None", "depreciationAndAmortization": "38140000", "incomeBeforeTax": "344658000", "incomeTaxExpense": "129980000", "interestAndDebtExpense": "110069000", "netIncomeFromContinuingOperations": "214678000", "comprehensiveIncomeNetOfTax": "215116000", "ebit": "454727000", "ebitda": "492867000", "netIncome": "214678000"}], "quarterlyReports": [{"fiscalDateEnding": "2021-09-12", "reportedCurrency": "USD", "grossProfit": "385200000", "totalRevenue": "997990000", "costOfRevenue": "612790000", "costofGoodsAndServicesSold": "612790000", "operatingIncome": "180280000", "sellingGeneralAndAdministrative": "204920000", "researchAndDevelopment": "None", "operatingExpenses": "221535000", "investmentIncomeNet": "48000", "netInterestIncome": "-45523000", "interestIncome": "None", "interestExpense": "45523000", "nonInterestIncome": "-37000", "otherNonOperatingIncome": "None", "depreciation": "None", "depreciationAndAmortization": "16578000", "incomeBeforeTax": "134805000", "incomeTaxExpense": "14403000", "interestAndDebtExpense": "45523000", "netIncomeFromContinuingOperations": "120402000", "comprehensiveIncomeNetOfTax": "119998000", "ebit": "180328000", "ebitda": "196906000", "netIncome": "120402000"}, {"fiscalDateEnding": "2021-06-20", "reportedCurrency": "USD", "grossProfit": "407690000", "totalRevenue": "1032472000", "costOfRevenue": "624782000", "costofGoodsAndServicesSold": "624782000", "operatingIncome": "190902000", "sellingGeneralAndAdministrative": "216788000", "researchAndDevelopment": "None", "operatingExpenses": "234259000", "investmentIncomeNet": "68000", "netInterestIncome": "-45877000", "interestIncome": "68000", "interestExpense": "45877000", "nonInterestIncome": "-295000", "otherNonOperatingIncome": "68000", "depreciation": "None", "depreciationAndAmortization": "17176000", "incomeBeforeTax": "145093000", "incomeTaxExpense": "28474000", "interestAndDebtExpense": "45877000", "netIncomeFromContinuingOperations": "116619000", "comprehensiveIncomeNetOfTax": "116849000", "ebit": "190970000", "ebitda": "208146000", "netIncome": "116619000"}, {"fiscalDateEnding": "2021-03-31", "reportedCurrency": "USD", "grossProfit": "389151000", "totalRevenue": "983698000", "costOfRevenue": "594547000", "costofGoodsAndServicesSold": "594547000", "operatingIncome": "186538000", "sellingGeneralAndAdministrative": "202613000", "researchAndDevelopment": "None", "operatingExpenses": "219419000", "investmentIncomeNet": "22000", "netInterestIncome": "-39422000", "interestIncome": "22000", "interestExpense": "39422000", "nonInterestIncome": "-161000", "otherNonOperatingIncome": "22000", "depreciation": "None", "depreciationAndAmortization": "16465000", "incomeBeforeTax": "149638000", "incomeTaxExpense": "31877000", "interestAndDebtExpense": "39422000", "netIncomeFromContinuingOperations": "117761000", "comprehensiveIncomeNetOfTax": "117947000", "ebit": "189060000", "ebitda": "205525000", "netIncome": "117761000"}, {"fiscalDateEnding": "2020-12-31", "reportedCurrency": "USD", "grossProfit": "535264000", "totalRevenue": "1356567000", "costOfRevenue": "821303000", "costofGoodsAndServicesSold": "821303000", "operatingIncome": "244044000", "sellingGeneralAndAdministrative": "138404000", "researchAndDevelopment": "None", "operatingExpenses": "291220000", "investmentIncomeNet": "None", "netInterestIncome": "-54479000", "interestIncome": "-115000", "interestExpense": "54364000", "nonInterestIncome": "None", "otherNonOperatingIncome": "-115000", "depreciation": "None", "depreciationAndAmortization": "20922000", "incomeBeforeTax": "189565000", "incomeTaxExpense": "37668000", "interestAndDebtExpense": "None", "netIncomeFromContinuingOperations": "151897000", "comprehensiveIncomeNetOfTax": "152895000", "ebit": "243929000", "ebitda": "264851000", "netIncome": "151897000"}, {"fiscalDateEnding": "2020-09-06", "reportedCurrency": "USD", "grossProfit": "361981000", "totalRevenue": "967719000", "costOfRevenue": "605738000", "costofGoodsAndServicesSold": "605738000", "operatingIncome": "162181000", "sellingGeneralAndAdministrative": "199800000", "researchAndDevelopment": "None", "operatingExpenses": "216113000", "investmentIncomeNet": "197000", "netInterestIncome": "-38605000", "interestIncome": "None", "interestExpense": "38605000", "nonInterestIncome": "-986000", "otherNonOperatingIncome": "None", "depreciation": "None", "depreciationAndAmortization": "15327000", "incomeBeforeTax": "123773000", "incomeTaxExpense": "24644000", "interestAndDebtExpense": "38605000", "netIncomeFromContinuingOperations": "99129000", "comprehensiveIncomeNetOfTax": "100242000", "ebit": "162378000", "ebitda": "177705000", "netIncome": "99129000"}, {"fiscalDateEnding": "2020-06-14", "reportedCurrency": "USD", "grossProfit": "357091000", "totalRevenue": "920023000", "costOfRevenue": "562932000", "costofGoodsAndServicesSold": "562932000", "operatingIncome": "163583000", "sellingGeneralAndAdministrative": "193508000", "researchAndDevelopment": "None", "operatingExpenses": "208503000", "investmentIncomeNet": "640000", "netInterestIncome": "-39727000", "interestIncome": "None", "interestExpense": "39727000", "nonInterestIncome": "-238000", "otherNonOperatingIncome": "None", "depreciation": "None", "depreciationAndAmortization": "14757000", "incomeBeforeTax": "124496000", "incomeTaxExpense": "5828000", "interestAndDebtExpense": "39727000", "netIncomeFromContinuingOperations": "118668000", "comprehensiveIncomeNetOfTax": "120201000", "ebit": "164223000", "ebitda": "178980000", "netIncome": "118668000"}, {"fiscalDateEnding": "2020-03-22", "reportedCurrency": "USD", "grossProfit": "340157000", "totalRevenue": "873102000", "costOfRevenue": "532945000", "costofGoodsAndServicesSold": "532945000", "operatingIncome": "155834000", "sellingGeneralAndAdministrative": "184323000", "researchAndDevelopment": "None", "operatingExpenses": "200250000", "investmentIncomeNet": "932000", "netInterestIncome": "-39470000", "interestIncome": "640000", "interestExpense": "39470000", "nonInterestIncome": "-306000", "otherNonOperatingIncome": "932000", "depreciation": "None", "depreciationAndAmortization": "14032000", "incomeBeforeTax": "117296000", "incomeTaxExpense": "-4306000", "interestAndDebtExpense": "39470000", "netIncomeFromContinuingOperations": "121602000", "comprehensiveIncomeNetOfTax": "119276000", "ebit": "156766000", "ebitda": "170798000", "netIncome": "121602000"}, {"fiscalDateEnding": "2019-12-31", "reportedCurrency": "USD", "grossProfit": "447288000", "totalRevenue": "1150352000", "costOfRevenue": "703064000", "costofGoodsAndServicesSold": "703064000", "operatingIncome": "203951000", "sellingGeneralAndAdministrative": "243337000", "researchAndDevelopment": "None", "operatingExpenses": "259865000", "investmentIncomeNet": "1465000", "netInterestIncome": "-48146000", "interestIncome": "-46681000", "interestExpense": "48146000", "nonInterestIncome": "1118000", "otherNonOperatingIncome": "1465000", "depreciation": "None", "depreciationAndAmortization": "18948000", "incomeBeforeTax": "157270000", "incomeTaxExpense": "27943000", "interestAndDebtExpense": "48146000", "netIncomeFromContinuingOperations": "157270000", "comprehensiveIncomeNetOfTax": "129523000", "ebit": "205416000", "ebitda": "224364000", "netIncome": "129327000"}, {"fiscalDateEnding": "2019-09-08", "reportedCurrency": "USD", "grossProfit": "316251000", "totalRevenue": "820812000", "costOfRevenue": "504561000", "costofGoodsAndServicesSold": "504561000", "operatingIncome": "143029000", "sellingGeneralAndAdministrative": "173222000", "researchAndDevelopment": "None", "operatingExpenses": "186666000", "investmentIncomeNet": "968000", "netInterestIncome": "-33752000", "interestIncome": "None", "interestExpense": "33752000", "nonInterestIncome": "-312000", "otherNonOperatingIncome": "None", "depreciation": "None", "depreciationAndAmortization": "13132000", "incomeBeforeTax": "110245000", "incomeTaxExpense": "23872000", "interestAndDebtExpense": "33752000", "netIncomeFromContinuingOperations": "110245000", "comprehensiveIncomeNetOfTax": "86643000", "ebit": "143997000", "ebitda": "157129000", "netIncome": "86373000"}, {"fiscalDateEnding": "2019-06-16", "reportedCurrency": "USD", "grossProfit": "316671000", "totalRevenue": "811647000", "costOfRevenue": "494976000", "costofGoodsAndServicesSold": "494976000", "operatingIncome": "138923000", "sellingGeneralAndAdministrative": "177748000", "researchAndDevelopment": "None", "operatingExpenses": "194488000", "investmentIncomeNet": "922000", "netInterestIncome": "-33866000", "interestIncome": "None", "interestExpense": "33866000", "nonInterestIncome": "-2680000", "otherNonOperatingIncome": "None", "depreciation": "None", "depreciationAndAmortization": "14060000", "incomeBeforeTax": "105979000", "incomeTaxExpense": "13620000", "interestAndDebtExpense": "33866000", "netIncomeFromContinuingOperations": "92359000", "comprehensiveIncomeNetOfTax": "92343000", "ebit": "139845000", "ebitda": "153905000", "netIncome": "92359000"}, {"fiscalDateEnding": "2019-03-31", "reportedCurrency": "USD", "grossProfit": "322289000", "totalRevenue": "835963000", "costOfRevenue": "513674000", "costofGoodsAndServicesSold": "513674000", "operatingIncome": "143504000", "sellingGeneralAndAdministrative": "178785000", "researchAndDevelopment": "None", "operatingExpenses": "192724000", "investmentIncomeNet": "693000", "netInterestIncome": "-35054000", "interestIncome": "693000", "interestExpense": "35054000", "nonInterestIncome": "-149000", "otherNonOperatingIncome": "693000", "depreciation": "None", "depreciationAndAmortization": "13790000", "incomeBeforeTax": "109143000", "incomeTaxExpense": "16493000", "interestAndDebtExpense": "35054000", "netIncomeFromContinuingOperations": "92650000", "comprehensiveIncomeNetOfTax": "92887000", "ebit": "144197000", "ebitda": "157987000", "netIncome": "92650000"}, {"fiscalDateEnding": "2018-12-31", "reportedCurrency": "USD", "grossProfit": "413955000", "totalRevenue": "1082135000", "costOfRevenue": "668180000", "costofGoodsAndServicesSold": "668180000", "operatingIncome": "179636000", "sellingGeneralAndAdministrative": "234319000", "researchAndDevelopment": "None", "operatingExpenses": "251501000", "investmentIncomeNet": "883000", "netInterestIncome": "-45956000", "interestIncome": "None", "interestExpense": "45956000", "nonInterestIncome": "-3850000", "otherNonOperatingIncome": "883000", "depreciation": "None", "depreciationAndAmortization": "17895000", "incomeBeforeTax": "134563000", "incomeTaxExpense": "22921000", "interestAndDebtExpense": "49356000", "netIncomeFromContinuingOperations": "134563000", "comprehensiveIncomeNetOfTax": "110736000", "ebit": "180519000", "ebitda": "198414000", "netIncome": "111642000"}, {"fiscalDateEnding": "2018-09-09", "reportedCurrency": "USD", "grossProfit": "295279000", "totalRevenue": "785965000", "costOfRevenue": "490686000", "costofGoodsAndServicesSold": "490686000", "operatingIncome": "132432000", "sellingGeneralAndAdministrative": "162847000", "researchAndDevelopment": "None", "operatingExpenses": "169601000", "investmentIncomeNet": "792000", "netInterestIncome": "-33976000", "interestIncome": "None", "interestExpense": "33976000", "nonInterestIncome": "5706000", "otherNonOperatingIncome": "None", "depreciation": "None", "depreciationAndAmortization": "12460000", "incomeBeforeTax": "99248000", "incomeTaxExpense": "15153000", "interestAndDebtExpense": "33976000", "netIncomeFromContinuingOperations": "99248000", "comprehensiveIncomeNetOfTax": "84011000", "ebit": "133224000", "ebitda": "145684000", "netIncome": "84095000"}, {"fiscalDateEnding": "2018-06-17", "reportedCurrency": "USD", "grossProfit": "293580000", "totalRevenue": "779396000", "costOfRevenue": "485816000", "costofGoodsAndServicesSold": "485816000", "operatingIncome": "126145000", "sellingGeneralAndAdministrative": "86506000", "researchAndDevelopment": "None", "operatingExpenses": "98900000", "investmentIncomeNet": "1179000", "netInterestIncome": "-36127000", "interestIncome": "None", "interestExpense": "36127000", "nonInterestIncome": "-154000", "otherNonOperatingIncome": "None", "depreciation": "None", "depreciationAndAmortization": "12240000", "incomeBeforeTax": "91197000", "incomeTaxExpense": "13789000", "interestAndDebtExpense": "36127000", "netIncomeFromContinuingOperations": "77408000", "comprehensiveIncomeNetOfTax": "76805000", "ebit": "127324000", "ebitda": "139564000", "netIncome": "77408000"}, {"fiscalDateEnding": "2018-03-31", "reportedCurrency": "USD", "grossProfit": "299865000", "totalRevenue": "785371000", "costOfRevenue": "485506000", "costofGoodsAndServicesSold": "485506000", "operatingIncome": "133476000", "sellingGeneralAndAdministrative": "84178000", "researchAndDevelopment": "None", "operatingExpenses": "95612000", "investmentIncomeNet": "480000", "netInterestIncome": "-30286000", "interestIncome": "None", "interestExpense": "30286000", "nonInterestIncome": "-365000", "otherNonOperatingIncome": "480000", "depreciation": "None", "depreciationAndAmortization": "11069000", "incomeBeforeTax": "103670000", "incomeTaxExpense": "14843000", "interestAndDebtExpense": "30286000", "netIncomeFromContinuingOperations": "88827000", "comprehensiveIncomeNetOfTax": "88372000", "ebit": "133956000", "ebitda": "145025000", "netIncome": "88827000"}, {"fiscalDateEnding": "2017-12-31", "reportedCurrency": "USD", "grossProfit": "280852000", "totalRevenue": "891509000", "costOfRevenue": "610657000", "costofGoodsAndServicesSold": "610657000", "operatingIncome": "175251000", "sellingGeneralAndAdministrative": "145401000", "researchAndDevelopment": "None", "operatingExpenses": "155068000", "investmentIncomeNet": "463000", "netInterestIncome": "-39158000", "interestIncome": "None", "interestExpense": "39158000", "nonInterestIncome": "3796000", "otherNonOperatingIncome": "463000", "depreciation": "None", "depreciationAndAmortization": "14315000", "incomeBeforeTax": "136556000", "incomeTaxExpense": "43229000", "interestAndDebtExpense": "39158000", "netIncomeFromContinuingOperations": "136556000", "comprehensiveIncomeNetOfTax": "92719000", "ebit": "175714000", "ebitda": "190029000", "netIncome": "93327000"}, {"fiscalDateEnding": "2017-09-10", "reportedCurrency": "USD", "grossProfit": "198478000", "totalRevenue": "643642000", "costOfRevenue": "445164000", "costofGoodsAndServicesSold": "445164000", "operatingIncome": "117080000", "sellingGeneralAndAdministrative": "81398000", "researchAndDevelopment": "None", "operatingExpenses": "91982000", "investmentIncomeNet": "612000", "netInterestIncome": "-33141000", "interestIncome": "None", "interestExpense": "33141000", "nonInterestIncome": "-303000", "otherNonOperatingIncome": "None", "depreciation": "None", "depreciationAndAmortization": "10281000", "incomeBeforeTax": "84551000", "incomeTaxExpense": "28183000", "interestAndDebtExpense": "33141000", "netIncomeFromContinuingOperations": "84551000", "comprehensiveIncomeNetOfTax": "57774000", "ebit": "117692000", "ebitda": "127973000", "netIncome": "56368000"}, {"fiscalDateEnding": "2017-06-18", "reportedCurrency": "USD", "grossProfit": "192845000", "totalRevenue": "628611000", "costOfRevenue": "435766000", "costofGoodsAndServicesSold": "435766000", "operatingIncome": "112867000", "sellingGeneralAndAdministrative": "79978000", "researchAndDevelopment": "None", "operatingExpenses": "90416000", "investmentIncomeNet": "276000", "netInterestIncome": "-24611000", "interestIncome": "None", "interestExpense": "24611000", "nonInterestIncome": "-163000", "otherNonOperatingIncome": "None", "depreciation": "None", "depreciationAndAmortization": "10275000", "incomeBeforeTax": "88532000", "incomeTaxExpense": "22791000", "interestAndDebtExpense": "24611000", "netIncomeFromContinuingOperations": "65741000", "comprehensiveIncomeNetOfTax": "65956000", "ebit": "113143000", "ebitda": "123418000", "netIncome": "65741000"}, {"fiscalDateEnding": "2017-03-31", "reportedCurrency": "USD", "grossProfit": "193816000", "totalRevenue": "624217000", "costOfRevenue": "430401000", "costofGoodsAndServicesSold": "430401000", "operatingIncome": "116034000", "sellingGeneralAndAdministrative": "77782000", "researchAndDevelopment": "None", "operatingExpenses": "87462000", "investmentIncomeNet": "111000", "netInterestIncome": "-25631000", "interestIncome": "None", "interestExpense": "25631000", "nonInterestIncome": "-182000", "otherNonOperatingIncome": "111000", "depreciation": "None", "depreciationAndAmortization": "9498000", "incomeBeforeTax": "90514000", "incomeTaxExpense": "28045000", "interestAndDebtExpense": "25631000", "netIncomeFromContinuingOperations": "62469000", "comprehensiveIncomeNetOfTax": "62536000", "ebit": "116145000", "ebitda": "125643000", "netIncome": "62469000"}, {"fiscalDateEnding": "2016-12-31", "reportedCurrency": "USD", "grossProfit": "254734000", "totalRevenue": "819435000", "costOfRevenue": "564701000", "costofGoodsAndServicesSold": "564701000", "operatingIncome": "150717000", "sellingGeneralAndAdministrative": "138517000", "researchAndDevelopment": "None", "operatingExpenses": "151587000", "investmentIncomeNet": "129000", "netInterestIncome": "-33536000", "interestIncome": "None", "interestExpense": "33536000", "nonInterestIncome": "-390000", "otherNonOperatingIncome": "129000", "depreciation": "None", "depreciationAndAmortization": "12680000", "incomeBeforeTax": "117311000", "incomeTaxExpense": "44577000", "interestAndDebtExpense": "33536000", "netIncomeFromContinuingOperations": "117310000", "comprehensiveIncomeNetOfTax": "72211000", "ebit": "150847000", "ebitda": "163527000", "netIncome": "72734000"}]}