{"symbol": "DRE", "annualReports": [{"fiscalDateEnding": "2020-12-31", "reportedCurrency": "USD", "grossProfit": "572155000", "totalRevenue": "993198000", "costOfRevenue": "421043000", "costofGoodsAndServicesSold": "283910000", "operatingIncome": "417846000", "sellingGeneralAndAdministrative": "62404000", "researchAndDevelopment": "None", "operatingExpenses": "421043000", "investmentIncomeNet": "None", "netInterestIncome": "-93442000", "interestIncome": "-91721000", "interestExpense": "93442000", "nonInterestIncome": "-32900000", "otherNonOperatingIncome": "1721000", "depreciation": "297158000", "depreciationAndAmortization": "353013000", "incomeBeforeTax": "294803000", "incomeTaxExpense": "-5112000", "interestAndDebtExpense": "126342000", "netIncomeFromContinuingOperations": "299805000", "comprehensiveIncomeNetOfTax": "303383000", "ebit": "417846000", "ebitda": "741258000", "netIncome": "299915000"}, {"fiscalDateEnding": "2019-12-31", "reportedCurrency": "USD", "grossProfit": "585647000", "totalRevenue": "973759000", "costOfRevenue": "388112000", "costofGoodsAndServicesSold": "316670000", "operatingIncome": "524761000", "sellingGeneralAndAdministrative": "60889000", "researchAndDevelopment": "None", "operatingExpenses": "388112000", "investmentIncomeNet": "None", "netInterestIncome": "-89756000", "interestIncome": "9941000", "interestExpense": "89756000", "nonInterestIncome": "849513000", "otherNonOperatingIncome": "9941000", "depreciation": "272422000", "depreciationAndAmortization": "327223000", "incomeBeforeTax": "437658000", "incomeTaxExpense": "8686000", "interestAndDebtExpense": "96076000", "netIncomeFromContinuingOperations": "428531000", "comprehensiveIncomeNetOfTax": "398612000", "ebit": "524761000", "ebitda": "854637000", "netIncome": "428972000"}, {"fiscalDateEnding": "2018-12-31", "reportedCurrency": "USD", "grossProfit": "777635000", "totalRevenue": "947870000", "costOfRevenue": "170235000", "costofGoodsAndServicesSold": "-198200000", "operatingIncome": "460356000", "sellingGeneralAndAdministrative": "56218000", "researchAndDevelopment": "None", "operatingExpenses": "368435000", "investmentIncomeNet": "None", "netInterestIncome": "-85006000", "interestIncome": "17234000", "interestExpense": "85006000", "nonInterestIncome": "784931000", "otherNonOperatingIncome": "17234000", "depreciation": "256250000", "depreciationAndAmortization": "312217000", "incomeBeforeTax": "392557000", "incomeTaxExpense": "8828000", "interestAndDebtExpense": "85394000", "netIncomeFromContinuingOperations": "379865000", "comprehensiveIncomeNetOfTax": "379053000", "ebit": "460356000", "ebitda": "789780000", "netIncome": "383729000"}, {"fiscalDateEnding": "2017-12-31", "reportedCurrency": "USD", "grossProfit": "383366000", "totalRevenue": "780934000", "costOfRevenue": "397568000", "costofGoodsAndServicesSold": "64582000", "operatingIncome": "388621000", "sellingGeneralAndAdministrative": "54944000", "researchAndDevelopment": "None", "operatingExpenses": "332986000", "investmentIncomeNet": "None", "netInterestIncome": "-87003000", "interestIncome": "14721000", "interestExpense": "87003000", "nonInterestIncome": "680417000", "otherNonOperatingIncome": "14721000", "depreciation": "242606000", "depreciationAndAmortization": "273561000", "incomeBeforeTax": "1634074000", "incomeTaxExpense": "-357000", "interestAndDebtExpense": "113107000", "netIncomeFromContinuingOperations": "288075000", "comprehensiveIncomeNetOfTax": "1633749000", "ebit": "388621000", "ebitda": "1994638000", "netIncome": "1634431000"}, {"fiscalDateEnding": "2016-12-31", "reportedCurrency": "USD", "grossProfit": "403609000", "totalRevenue": "730511000", "costOfRevenue": "498635000", "costofGoodsAndServicesSold": "107410000", "operatingIncome": "433312000", "sellingGeneralAndAdministrative": "55389000", "researchAndDevelopment": "None", "operatingExpenses": "391225000", "investmentIncomeNet": "None", "netInterestIncome": "-141576000", "interestIncome": "-28819000", "interestExpense": "112757000", "nonInterestIncome": "805799000", "otherNonOperatingIncome": "4035000", "depreciation": "255419000", "depreciationAndAmortization": "242557000", "incomeBeforeTax": "311554000", "incomeTaxExpense": "-589000", "interestAndDebtExpense": "175510000", "netIncomeFromContinuingOperations": "295452000", "comprehensiveIncomeNetOfTax": "311019000", "ebit": "433312000", "ebitda": "666868000", "netIncome": "312143000"}], "quarterlyReports": [{"fiscalDateEnding": "2021-09-30", "reportedCurrency": "USD", "grossProfit": "158414000", "totalRevenue": "280365000", "costOfRevenue": "121951000", "costofGoodsAndServicesSold": "19766000", "operatingIncome": "538609000", "sellingGeneralAndAdministrative": "14152000", "researchAndDevelopment": "None", "operatingExpenses": "102185000", "investmentIncomeNet": "None", "netInterestIncome": "-20003000", "interestIncome": "-18570000", "interestExpense": "20003000", "nonInterestIncome": "-13893000", "otherNonOperatingIncome": "1433000", "depreciation": "73853000", "depreciationAndAmortization": "88033000", "incomeBeforeTax": "501198000", "incomeTaxExpense": "6381000", "interestAndDebtExpense": "33896000", "netIncomeFromContinuingOperations": "494817000", "comprehensiveIncomeNetOfTax": "495706000", "ebit": "538609000", "ebitda": "609234000", "netIncome": "494817000"}, {"fiscalDateEnding": "2021-06-30", "reportedCurrency": "USD", "grossProfit": "145569000", "totalRevenue": "271692000", "costOfRevenue": "126123000", "costofGoodsAndServicesSold": "18515000", "operatingIncome": "201443000", "sellingGeneralAndAdministrative": "15879000", "researchAndDevelopment": "None", "operatingExpenses": "107608000", "investmentIncomeNet": "None", "netInterestIncome": "-21072000", "interestIncome": "1673000", "interestExpense": "21072000", "nonInterestIncome": "-3938000", "otherNonOperatingIncome": "1673000", "depreciation": "77408000", "depreciationAndAmortization": "91729000", "incomeBeforeTax": "179489000", "incomeTaxExpense": "3672000", "interestAndDebtExpense": "25010000", "netIncomeFromContinuingOperations": "175817000", "comprehensiveIncomeNetOfTax": "176707000", "ebit": "201443000", "ebitda": "292290000", "netIncome": "175817000"}, {"fiscalDateEnding": "2021-03-31", "reportedCurrency": "USD", "grossProfit": "143372000", "totalRevenue": "289292000", "costOfRevenue": "145920000", "costofGoodsAndServicesSold": "28130000", "operatingIncome": "107502000", "sellingGeneralAndAdministrative": "24217000", "researchAndDevelopment": "None", "operatingExpenses": "117790000", "investmentIncomeNet": "None", "netInterestIncome": "-22507000", "interestIncome": "463000", "interestExpense": "22507000", "nonInterestIncome": "-70000", "otherNonOperatingIncome": "463000", "depreciation": "79062000", "depreciationAndAmortization": "93573000", "incomeBeforeTax": "84546000", "incomeTaxExpense": "5184000", "interestAndDebtExpense": "22577000", "netIncomeFromContinuingOperations": "79362000", "comprehensiveIncomeNetOfTax": "80251000", "ebit": "107502000", "ebitda": "200626000", "netIncome": "79362000"}, {"fiscalDateEnding": "2020-12-31", "reportedCurrency": "USD", "grossProfit": "158340000", "totalRevenue": "266290000", "costOfRevenue": "107950000", "costofGoodsAndServicesSold": "75184000", "operatingIncome": "190390000", "sellingGeneralAndAdministrative": "15596000", "researchAndDevelopment": "None", "operatingExpenses": "107950000", "investmentIncomeNet": "None", "netInterestIncome": "-24048000", "interestIncome": "-23970000", "interestExpense": "24048000", "nonInterestIncome": "-2000", "otherNonOperatingIncome": "78000", "depreciation": "77464000", "depreciationAndAmortization": "92354000", "incomeBeforeTax": "164870000", "incomeTaxExpense": "-3946000", "interestAndDebtExpense": "24050000", "netIncomeFromContinuingOperations": "168816000", "comprehensiveIncomeNetOfTax": "169705000", "ebit": "190390000", "ebitda": "281272000", "netIncome": "168816000"}, {"fiscalDateEnding": "2020-09-30", "reportedCurrency": "USD", "grossProfit": "161993000", "totalRevenue": "262028000", "costOfRevenue": "100035000", "costofGoodsAndServicesSold": "20231000", "operatingIncome": "91638000", "sellingGeneralAndAdministrative": "11439000", "researchAndDevelopment": "None", "operatingExpenses": "100035000", "investmentIncomeNet": "None", "netInterestIncome": "-23059000", "interestIncome": "-23027000", "interestExpense": "23059000", "nonInterestIncome": "-120000", "otherNonOperatingIncome": "32000", "depreciation": "75772000", "depreciationAndAmortization": "88596000", "incomeBeforeTax": "70867000", "incomeTaxExpense": "-956000", "interestAndDebtExpense": "23179000", "netIncomeFromContinuingOperations": "71783000", "comprehensiveIncomeNetOfTax": "72712000", "ebit": "91638000", "ebitda": "182522000", "netIncome": "71823000"}, {"fiscalDateEnding": "2020-06-30", "reportedCurrency": "USD", "grossProfit": "138201000", "totalRevenue": "238511000", "costOfRevenue": "100310000", "costofGoodsAndServicesSold": "17557000", "operatingIncome": "76361000", "sellingGeneralAndAdministrative": "13606000", "researchAndDevelopment": "None", "operatingExpenses": "100310000", "investmentIncomeNet": "None", "netInterestIncome": "-22841000", "interestIncome": "216000", "interestExpense": "22841000", "nonInterestIncome": "-14972000", "otherNonOperatingIncome": "216000", "depreciation": "72340000", "depreciationAndAmortization": "86704000", "incomeBeforeTax": "39670000", "incomeTaxExpense": "-150000", "interestAndDebtExpense": "37813000", "netIncomeFromContinuingOperations": "39797000", "comprehensiveIncomeNetOfTax": "40709000", "ebit": "76361000", "ebitda": "149215000", "netIncome": "39820000"}, {"fiscalDateEnding": "2020-03-31", "reportedCurrency": "USD", "grossProfit": "113621000", "totalRevenue": "226369000", "costOfRevenue": "112748000", "costofGoodsAndServicesSold": "18843000", "operatingIncome": "59457000", "sellingGeneralAndAdministrative": "21763000", "researchAndDevelopment": "None", "operatingExpenses": "112748000", "investmentIncomeNet": "None", "netInterestIncome": "-23494000", "interestIncome": "1395000", "interestExpense": "23494000", "nonInterestIncome": "-17806000", "otherNonOperatingIncome": "1395000", "depreciation": "71582000", "depreciationAndAmortization": "85359000", "incomeBeforeTax": "19396000", "incomeTaxExpense": "-60000", "interestAndDebtExpense": "41300000", "netIncomeFromContinuingOperations": "19408000", "comprehensiveIncomeNetOfTax": "20257000", "ebit": "59457000", "ebitda": "128249000", "netIncome": "19456000"}, {"fiscalDateEnding": "2019-12-31", "reportedCurrency": "USD", "grossProfit": "217387000", "totalRevenue": "230475000", "costOfRevenue": "96069000", "costofGoodsAndServicesSold": "63276000", "operatingIncome": "114917000", "sellingGeneralAndAdministrative": "11766000", "researchAndDevelopment": "None", "operatingExpenses": "96069000", "investmentIncomeNet": "None", "netInterestIncome": "-21510000", "interestIncome": "2564000", "interestExpense": "21510000", "nonInterestIncome": "217387000", "otherNonOperatingIncome": "2564000", "depreciation": "70161000", "depreciationAndAmortization": "84303000", "incomeBeforeTax": "219608000", "incomeTaxExpense": "2221000", "interestAndDebtExpense": "27817000", "netIncomeFromContinuingOperations": "86724000", "comprehensiveIncomeNetOfTax": "217387000", "ebit": "114917000", "ebitda": "325421000", "netIncome": "217387000"}, {"fiscalDateEnding": "2019-09-30", "reportedCurrency": "USD", "grossProfit": "143685000", "totalRevenue": "241329000", "costOfRevenue": "97644000", "costofGoodsAndServicesSold": "74537000", "operatingIncome": "248402000", "sellingGeneralAndAdministrative": "13720000", "researchAndDevelopment": "None", "operatingExpenses": "97644000", "investmentIncomeNet": "None", "netInterestIncome": "-22604000", "interestIncome": "2085000", "interestExpense": "22604000", "nonInterestIncome": "215374000", "otherNonOperatingIncome": "2085000", "depreciation": "70383000", "depreciationAndAmortization": "83924000", "incomeBeforeTax": "226030000", "incomeTaxExpense": "-536000", "interestAndDebtExpense": "22604000", "netIncomeFromContinuingOperations": "226455000", "comprehensiveIncomeNetOfTax": "213179000", "ebit": "248402000", "ebitda": "332558000", "netIncome": "226566000"}, {"fiscalDateEnding": "2019-06-30", "reportedCurrency": "USD", "grossProfit": "140602000", "totalRevenue": "237026000", "costOfRevenue": "96424000", "costofGoodsAndServicesSold": "73161000", "operatingIncome": "99161000", "sellingGeneralAndAdministrative": "13420000", "researchAndDevelopment": "None", "operatingExpenses": "96424000", "investmentIncomeNet": "None", "netInterestIncome": "-23510000", "interestIncome": "2534000", "interestExpense": "23510000", "nonInterestIncome": "213107000", "otherNonOperatingIncome": "2534000", "depreciation": "69455000", "depreciationAndAmortization": "83004000", "incomeBeforeTax": "77669000", "incomeTaxExpense": "6616000", "interestAndDebtExpense": "23510000", "netIncomeFromContinuingOperations": "70955000", "comprehensiveIncomeNetOfTax": "56354000", "ebit": "99161000", "ebitda": "184183000", "netIncome": "71053000"}, {"fiscalDateEnding": "2019-03-31", "reportedCurrency": "USD", "grossProfit": "166954000", "totalRevenue": "264929000", "costOfRevenue": "97975000", "costofGoodsAndServicesSold": "105696000", "operatingIncome": "62281000", "sellingGeneralAndAdministrative": "21983000", "researchAndDevelopment": "None", "operatingExpenses": "97975000", "investmentIncomeNet": "None", "netInterestIncome": "-22132000", "interestIncome": "2758000", "interestExpense": "22132000", "nonInterestIncome": "209952000", "otherNonOperatingIncome": "2758000", "depreciation": "62423000", "depreciationAndAmortization": "75992000", "incomeBeforeTax": "44936000", "incomeTaxExpense": "385000", "interestAndDebtExpense": "22145000", "netIncomeFromContinuingOperations": "44397000", "comprehensiveIncomeNetOfTax": "35209000", "ebit": "62281000", "ebitda": "143060000", "netIncome": "44551000"}, {"fiscalDateEnding": "2018-12-31", "reportedCurrency": "USD", "grossProfit": "202858000", "totalRevenue": "270857000", "costOfRevenue": "-160291000", "costofGoodsAndServicesSold": "-253069000", "operatingIncome": "82226000", "sellingGeneralAndAdministrative": "12777000", "researchAndDevelopment": "None", "operatingExpenses": "92778000", "investmentIncomeNet": "None", "netInterestIncome": "-22869000", "interestIncome": "None", "interestExpense": "22869000", "nonInterestIncome": "202858000", "otherNonOperatingIncome": "3915000", "depreciation": "65790000", "depreciationAndAmortization": "80001000", "incomeBeforeTax": "202191000", "incomeTaxExpense": "-667000", "interestAndDebtExpense": "23017000", "netIncomeFromContinuingOperations": "63267000", "comprehensiveIncomeNetOfTax": "202858000", "ebit": "82226000", "ebitda": "305061000", "netIncome": "202858000"}, {"fiscalDateEnding": "2018-09-30", "reportedCurrency": "USD", "grossProfit": "126380000", "totalRevenue": "231898000", "costOfRevenue": "105518000", "costofGoodsAndServicesSold": "17704000", "operatingIncome": "69827000", "sellingGeneralAndAdministrative": "8959000", "researchAndDevelopment": "None", "operatingExpenses": "87814000", "investmentIncomeNet": "None", "netInterestIncome": "-21462000", "interestIncome": "None", "interestExpense": "21462000", "nonInterestIncome": "196823000", "otherNonOperatingIncome": "4129000", "depreciation": "64421000", "depreciationAndAmortization": "78855000", "incomeBeforeTax": "52128000", "incomeTaxExpense": "-897000", "interestAndDebtExpense": "21551000", "netIncomeFromContinuingOperations": "52806000", "comprehensiveIncomeNetOfTax": "53025000", "ebit": "69827000", "ebitda": "152445000", "netIncome": "53025000"}, {"fiscalDateEnding": "2018-06-30", "reportedCurrency": "USD", "grossProfit": "104498000", "totalRevenue": "210558000", "costOfRevenue": "106060000", "costofGoodsAndServicesSold": "16769000", "operatingIncome": "208913000", "sellingGeneralAndAdministrative": "13459000", "researchAndDevelopment": "None", "operatingExpenses": "89291000", "investmentIncomeNet": "None", "netInterestIncome": "-20675000", "interestIncome": "None", "interestExpense": "20675000", "nonInterestIncome": "191942000", "otherNonOperatingIncome": "4727000", "depreciation": "62095000", "depreciationAndAmortization": "75832000", "incomeBeforeTax": "193908000", "incomeTaxExpense": "63000", "interestAndDebtExpense": "20826000", "netIncomeFromContinuingOperations": "190952000", "comprehensiveIncomeNetOfTax": "193845000", "ebit": "208913000", "ebitda": "290415000", "netIncome": "193845000"}, {"fiscalDateEnding": "2018-03-31", "reportedCurrency": "USD", "grossProfit": "115609000", "totalRevenue": "234557000", "costOfRevenue": "118948000", "costofGoodsAndServicesSold": "20396000", "operatingIncome": "99390000", "sellingGeneralAndAdministrative": "21023000", "researchAndDevelopment": "None", "operatingExpenses": "98552000", "investmentIncomeNet": "None", "netInterestIncome": "-20000000", "interestIncome": "None", "interestExpense": "20000000", "nonInterestIncome": "193456000", "otherNonOperatingIncome": "4463000", "depreciation": "63944000", "depreciationAndAmortization": "77529000", "incomeBeforeTax": "83292000", "incomeTaxExpense": "10329000", "interestAndDebtExpense": "20000000", "netIncomeFromContinuingOperations": "72840000", "comprehensiveIncomeNetOfTax": "72963000", "ebit": "99390000", "ebitda": "180821000", "netIncome": "72963000"}, {"fiscalDateEnding": "2017-12-31", "reportedCurrency": "USD", "grossProfit": "358782000", "totalRevenue": "215619000", "costOfRevenue": "107927000", "costofGoodsAndServicesSold": "17615000", "operatingIncome": "70501000", "sellingGeneralAndAdministrative": "13779000", "researchAndDevelopment": "None", "operatingExpenses": "90312000", "investmentIncomeNet": "None", "netInterestIncome": "-21602000", "interestIncome": "None", "interestExpense": "21602000", "nonInterestIncome": "179391000", "otherNonOperatingIncome": "5524000", "depreciation": "62688000", "depreciationAndAmortization": "76533000", "incomeBeforeTax": "350507000", "incomeTaxExpense": "-8275000", "interestAndDebtExpense": "21602000", "netIncomeFromContinuingOperations": "62105000", "comprehensiveIncomeNetOfTax": "358782000", "ebit": "70501000", "ebitda": "448642000", "netIncome": "358782000"}, {"fiscalDateEnding": "2017-09-30", "reportedCurrency": "USD", "grossProfit": "96915000", "totalRevenue": "194828000", "costOfRevenue": "97913000", "costofGoodsAndServicesSold": "16224000", "operatingIncome": "73367000", "sellingGeneralAndAdministrative": "10075000", "researchAndDevelopment": "None", "operatingExpenses": "81689000", "investmentIncomeNet": "None", "netInterestIncome": "-20835000", "interestIncome": "None", "interestExpense": "20835000", "nonInterestIncome": "153043000", "otherNonOperatingIncome": "6404000", "depreciation": "55035000", "depreciationAndAmortization": "67992000", "incomeBeforeTax": "165628000", "incomeTaxExpense": "359000", "interestAndDebtExpense": "37403000", "netIncomeFromContinuingOperations": "41618000", "comprehensiveIncomeNetOfTax": "165269000", "ebit": "73367000", "ebitda": "254455000", "netIncome": "165269000"}, {"fiscalDateEnding": "2017-06-30", "reportedCurrency": "USD", "grossProfit": "96035000", "totalRevenue": "189412000", "costOfRevenue": "93377000", "costofGoodsAndServicesSold": "14506000", "operatingIncome": "153601000", "sellingGeneralAndAdministrative": "11858000", "researchAndDevelopment": "None", "operatingExpenses": "78871000", "investmentIncomeNet": "None", "netInterestIncome": "-21680000", "interestIncome": "None", "interestExpense": "21680000", "nonInterestIncome": "176282000", "otherNonOperatingIncome": "2260000", "depreciation": "58711000", "depreciationAndAmortization": "67013000", "incomeBeforeTax": "1215969000", "incomeTaxExpense": "5426000", "interestAndDebtExpense": "31241000", "netIncomeFromContinuingOperations": "118194000", "comprehensiveIncomeNetOfTax": "1210117000", "ebit": "153601000", "ebitda": "1304662000", "netIncome": "1210543000"}, {"fiscalDateEnding": "2017-03-31", "reportedCurrency": "USD", "grossProfit": "100395000", "totalRevenue": "181075000", "costOfRevenue": "126919000", "costofGoodsAndServicesSold": "25271000", "operatingIncome": "91151000", "sellingGeneralAndAdministrative": "19232000", "researchAndDevelopment": "None", "operatingExpenses": "101648000", "investmentIncomeNet": "None", "netInterestIncome": "-30505000", "interestIncome": "-6343000", "interestExpense": "24162000", "nonInterestIncome": "217940000", "otherNonOperatingIncome": "533000", "depreciation": "66172000", "depreciationAndAmortization": "62023000", "incomeBeforeTax": "72332000", "incomeTaxExpense": "2132000", "interestAndDebtExpense": "30480000", "netIncomeFromContinuingOperations": "64884000", "comprehensiveIncomeNetOfTax": "69944000", "ebit": "91151000", "ebitda": "158517000", "netIncome": "70200000"}, {"fiscalDateEnding": "2016-12-31", "reportedCurrency": "USD", "grossProfit": "408526000", "totalRevenue": "181146000", "costOfRevenue": "121582000", "costofGoodsAndServicesSold": "26318000", "operatingIncome": "83521000", "sellingGeneralAndAdministrative": "13173000", "researchAndDevelopment": "None", "operatingExpenses": "95264000", "investmentIncomeNet": "None", "netInterestIncome": "-32056000", "interestIncome": "-6554000", "interestExpense": "25502000", "nonInterestIncome": "204263000", "otherNonOperatingIncome": "438000", "depreciation": "63865000", "depreciationAndAmortization": "60068000", "incomeBeforeTax": "408110000", "incomeTaxExpense": "-416000", "interestAndDebtExpense": "57317000", "netIncomeFromContinuingOperations": "40516000", "comprehensiveIncomeNetOfTax": "408526000", "ebit": "83521000", "ebitda": "493680000", "netIncome": "408526000"}]}