{"symbol": "DXC", "annualReports": [{"fiscalDateEnding": "2021-03-31", "reportedCurrency": "USD", "grossProfit": "-1655000000", "totalRevenue": "17729000000", "costOfRevenue": "19384000000", "costofGoodsAndServicesSold": "14086000000", "operatingIncome": "1102000000", "sellingGeneralAndAdministrative": "2066000000", "researchAndDevelopment": "None", "operatingExpenses": "1201000000", "investmentIncomeNet": "None", "netInterestIncome": "-263000000", "interestIncome": "98000000", "interestExpense": "361000000", "nonInterestIncome": "3932000000", "otherNonOperatingIncome": "2061000000", "depreciation": "754000000", "depreciationAndAmortization": "1970000000", "incomeBeforeTax": "651000000", "incomeTaxExpense": "800000000", "interestAndDebtExpense": "402000000", "netIncomeFromContinuingOperations": "-149000000", "comprehensiveIncomeNetOfTax": "152000000", "ebit": "1012000000", "ebitda": "2982000000", "netIncome": "-149000000"}, {"fiscalDateEnding": "2020-03-31", "reportedCurrency": "USD", "grossProfit": "-6025000000", "totalRevenue": "19577000000", "costOfRevenue": "25602000000", "costofGoodsAndServicesSold": "14901000000", "operatingIncome": "2061000000", "sellingGeneralAndAdministrative": "2050000000", "researchAndDevelopment": "None", "operatingExpenses": "10748000000", "investmentIncomeNet": "None", "netInterestIncome": "-218000000", "interestIncome": "165000000", "interestExpense": "383000000", "nonInterestIncome": "24000000", "otherNonOperatingIncome": "165000000", "depreciation": "643000000", "depreciationAndAmortization": "1942000000", "incomeBeforeTax": "-5239000000", "incomeTaxExpense": "130000000", "interestAndDebtExpense": "383000000", "netIncomeFromContinuingOperations": "-5369000000", "comprehensiveIncomeNetOfTax": "-5728000000", "ebit": "-4856000000", "ebitda": "-2914000000", "netIncome": "-5369000000"}, {"fiscalDateEnding": "2019-03-31", "reportedCurrency": "USD", "grossProfit": "16152000000", "totalRevenue": "20753000000", "costOfRevenue": "4601000000", "costofGoodsAndServicesSold": "14946000000", "operatingIncome": "3269000000", "sellingGeneralAndAdministrative": "1959000000", "researchAndDevelopment": "None", "operatingExpenses": "19238000000", "investmentIncomeNet": "None", "netInterestIncome": "-206000000", "interestIncome": "128000000", "interestExpense": "334000000", "nonInterestIncome": "132000000", "otherNonOperatingIncome": "None", "depreciation": "820000000", "depreciationAndAmortization": "1968000000", "incomeBeforeTax": "1545000000", "incomeTaxExpense": "288000000", "interestAndDebtExpense": "334000000", "netIncomeFromContinuingOperations": "1222000000", "comprehensiveIncomeNetOfTax": "955000000", "ebit": "1879000000", "ebitda": "3847000000", "netIncome": "1257000000"}, {"fiscalDateEnding": "2018-03-31", "reportedCurrency": "USD", "grossProfit": "1382000000", "totalRevenue": "21733000000", "costOfRevenue": "23174000000", "costofGoodsAndServicesSold": "17944000000", "operatingIncome": "2989000000", "sellingGeneralAndAdministrative": "1890000000", "researchAndDevelopment": "None", "operatingExpenses": "20429000000", "investmentIncomeNet": "None", "netInterestIncome": "-246000000", "interestIncome": "74000000", "interestExpense": "320000000", "nonInterestIncome": "67000000", "otherNonOperatingIncome": "None", "depreciation": "709000000", "depreciationAndAmortization": "1795000000", "incomeBeforeTax": "1509000000", "incomeTaxExpense": "-242000000", "interestAndDebtExpense": "335000000", "netIncomeFromContinuingOperations": "1515000000", "comprehensiveIncomeNetOfTax": "1971000000", "ebit": "1829000000", "ebitda": "3624000000", "netIncome": "1751000000"}], "quarterlyReports": [{"fiscalDateEnding": "2021-09-30", "reportedCurrency": "USD", "grossProfit": "-37000000", "totalRevenue": "4027000000", "costOfRevenue": "4064000000", "costofGoodsAndServicesSold": "3088000000", "operatingIncome": "346000000", "sellingGeneralAndAdministrative": "370000000", "researchAndDevelopment": "None", "operatingExpenses": "976000000", "investmentIncomeNet": "None", "netInterestIncome": "-45000000", "interestIncome": "16000000", "interestExpense": "61000000", "nonInterestIncome": "-281000000", "otherNonOperatingIncome": "-265000000", "depreciation": "None", "depreciationAndAmortization": "448000000", "incomeBeforeTax": "-249000000", "incomeTaxExpense": "-61000000", "interestAndDebtExpense": "342000000", "netIncomeFromContinuingOperations": "-187000000", "comprehensiveIncomeNetOfTax": "-244000000", "ebit": "-188000000", "ebitda": "260000000", "netIncome": "-188000000"}, {"fiscalDateEnding": "2021-06-30", "reportedCurrency": "USD", "grossProfit": "5000000", "totalRevenue": "4141000000", "costOfRevenue": "4136000000", "costofGoodsAndServicesSold": "3255000000", "operatingIncome": "332000000", "sellingGeneralAndAdministrative": "383000000", "researchAndDevelopment": "None", "operatingExpenses": "87000000", "investmentIncomeNet": "None", "netInterestIncome": "-42000000", "interestIncome": "20000000", "interestExpense": "62000000", "nonInterestIncome": "771000000", "otherNonOperatingIncome": "369000000", "depreciation": "None", "depreciationAndAmortization": "422000000", "incomeBeforeTax": "420000000", "incomeTaxExpense": "142000000", "interestAndDebtExpense": "90000000", "netIncomeFromContinuingOperations": "278000000", "comprehensiveIncomeNetOfTax": "154000000", "ebit": "482000000", "ebitda": "904000000", "netIncome": "278000000"}, {"fiscalDateEnding": "2021-03-31", "reportedCurrency": "USD", "grossProfit": "-639000000", "totalRevenue": "4385000000", "costOfRevenue": "5024000000", "costofGoodsAndServicesSold": "3561000000", "operatingIncome": "329000000", "sellingGeneralAndAdministrative": "471000000", "researchAndDevelopment": "None", "operatingExpenses": "1383000000", "investmentIncomeNet": "None", "netInterestIncome": "-55000000", "interestIncome": "22000000", "interestExpense": "77000000", "nonInterestIncome": "-197000000", "otherNonOperatingIncome": "-61000000", "depreciation": "None", "depreciationAndAmortization": "478000000", "incomeBeforeTax": "-787000000", "incomeTaxExpense": "11000000", "interestAndDebtExpense": "118000000", "netIncomeFromContinuingOperations": "-798000000", "comprehensiveIncomeNetOfTax": "-693000000", "ebit": "-710000000", "ebitda": "-232000000", "netIncome": "-798000000"}, {"fiscalDateEnding": "2020-12-31", "reportedCurrency": "USD", "grossProfit": "-237000000", "totalRevenue": "4288000000", "costOfRevenue": "4525000000", "costofGoodsAndServicesSold": "3333000000", "operatingIncome": "300000000", "sellingGeneralAndAdministrative": "517000000", "researchAndDevelopment": "None", "operatingExpenses": "-854000000", "investmentIncomeNet": "None", "netInterestIncome": "-54000000", "interestIncome": "28000000", "interestExpense": "82000000", "nonInterestIncome": "2046000000", "otherNonOperatingIncome": "2074000000", "depreciation": "None", "depreciationAndAmortization": "475000000", "incomeBeforeTax": "1973000000", "incomeTaxExpense": "875000000", "interestAndDebtExpense": "82000000", "netIncomeFromContinuingOperations": "1098000000", "comprehensiveIncomeNetOfTax": "1253000000", "ebit": "2055000000", "ebitda": "2530000000", "netIncome": "1098000000"}, {"fiscalDateEnding": "2020-09-30", "reportedCurrency": "USD", "grossProfit": "-439000000", "totalRevenue": "4554000000", "costOfRevenue": "4993000000", "costofGoodsAndServicesSold": "3563000000", "operatingIncome": "283000000", "sellingGeneralAndAdministrative": "539000000", "researchAndDevelopment": "None", "operatingExpenses": "1430000000", "investmentIncomeNet": "None", "netInterestIncome": "-71000000", "interestIncome": "25000000", "interestExpense": "96000000", "nonInterestIncome": "22000000", "otherNonOperatingIncome": "25000000", "depreciation": "None", "depreciationAndAmortization": "525000000", "incomeBeforeTax": "-304000000", "incomeTaxExpense": "-60000000", "interestAndDebtExpense": "96000000", "netIncomeFromContinuingOperations": "-244000000", "comprehensiveIncomeNetOfTax": "-207000000", "ebit": "-208000000", "ebitda": "317000000", "netIncome": "-244000000"}, {"fiscalDateEnding": "2020-06-30", "reportedCurrency": "USD", "grossProfit": "-340000000", "totalRevenue": "4502000000", "costOfRevenue": "4842000000", "costofGoodsAndServicesSold": "3629000000", "operatingIncome": "190000000", "sellingGeneralAndAdministrative": "539000000", "researchAndDevelopment": "None", "operatingExpenses": "1252000000", "investmentIncomeNet": "None", "netInterestIncome": "-83000000", "interestIncome": "23000000", "interestExpense": "106000000", "nonInterestIncome": "7000000", "otherNonOperatingIncome": "23000000", "depreciation": "None", "depreciationAndAmortization": "492000000", "incomeBeforeTax": "-231000000", "incomeTaxExpense": "-26000000", "interestAndDebtExpense": "106000000", "netIncomeFromContinuingOperations": "-205000000", "comprehensiveIncomeNetOfTax": "-201000000", "ebit": "-125000000", "ebitda": "367000000", "netIncome": "-205000000"}, {"fiscalDateEnding": "2020-03-31", "reportedCurrency": "USD", "grossProfit": "-3315000000", "totalRevenue": "4815000000", "costOfRevenue": "8130000000", "costofGoodsAndServicesSold": "3773000000", "operatingIncome": "352000000", "sellingGeneralAndAdministrative": "536000000", "researchAndDevelopment": "None", "operatingExpenses": "-5680000000", "investmentIncomeNet": "None", "netInterestIncome": "-60000000", "interestIncome": "35000000", "interestExpense": "95000000", "nonInterestIncome": "44000000", "otherNonOperatingIncome": "None", "depreciation": "None", "depreciationAndAmortization": "526000000", "incomeBeforeTax": "-3556000000", "incomeTaxExpense": "-61000000", "interestAndDebtExpense": "95000000", "netIncomeFromContinuingOperations": "-3495000000", "comprehensiveIncomeNetOfTax": "-3922000000", "ebit": "-3461000000", "ebitda": "-2935000000", "netIncome": "-3495000000"}, {"fiscalDateEnding": "2019-12-31", "reportedCurrency": "USD", "grossProfit": "2000000", "totalRevenue": "5021000000", "costOfRevenue": "5019000000", "costofGoodsAndServicesSold": "3827000000", "operatingIncome": "528000000", "sellingGeneralAndAdministrative": "518000000", "researchAndDevelopment": "None", "operatingExpenses": "4894000000", "investmentIncomeNet": "None", "netInterestIncome": "-60000000", "interestIncome": "33000000", "interestExpense": "93000000", "nonInterestIncome": "0", "otherNonOperatingIncome": "None", "depreciation": "None", "depreciationAndAmortization": "479000000", "incomeBeforeTax": "119000000", "incomeTaxExpense": "37000000", "interestAndDebtExpense": "93000000", "netIncomeFromContinuingOperations": "82000000", "comprehensiveIncomeNetOfTax": "334000000", "ebit": "212000000", "ebitda": "691000000", "netIncome": "82000000"}, {"fiscalDateEnding": "2019-09-30", "reportedCurrency": "USD", "grossProfit": "-2756000000", "totalRevenue": "4851000000", "costOfRevenue": "7607000000", "costofGoodsAndServicesSold": "3679000000", "operatingIncome": "529000000", "sellingGeneralAndAdministrative": "489000000", "researchAndDevelopment": "None", "operatingExpenses": "6850000000", "investmentIncomeNet": "None", "netInterestIncome": "-37000000", "interestIncome": "67000000", "interestExpense": "104000000", "nonInterestIncome": "32000000", "otherNonOperatingIncome": "None", "depreciation": "None", "depreciationAndAmortization": "467000000", "incomeBeforeTax": "-2003000000", "incomeTaxExpense": "116000000", "interestAndDebtExpense": "104000000", "netIncomeFromContinuingOperations": "-2119000000", "comprehensiveIncomeNetOfTax": "-2196000000", "ebit": "-1899000000", "ebitda": "-1432000000", "netIncome": "-2119000000"}, {"fiscalDateEnding": "2019-06-30", "reportedCurrency": "USD", "grossProfit": "44000000", "totalRevenue": "4890000000", "costOfRevenue": "4846000000", "costofGoodsAndServicesSold": "3622000000", "operatingIncome": "652000000", "sellingGeneralAndAdministrative": "507000000", "researchAndDevelopment": "None", "operatingExpenses": "4684000000", "investmentIncomeNet": "None", "netInterestIncome": "-61000000", "interestIncome": "30000000", "interestExpense": "91000000", "nonInterestIncome": "22000000", "otherNonOperatingIncome": "None", "depreciation": "None", "depreciationAndAmortization": "470000000", "incomeBeforeTax": "201000000", "incomeTaxExpense": "38000000", "interestAndDebtExpense": "91000000", "netIncomeFromContinuingOperations": "163000000", "comprehensiveIncomeNetOfTax": "56000000", "ebit": "292000000", "ebitda": "762000000", "netIncome": "163000000"}, {"fiscalDateEnding": "2019-03-31", "reportedCurrency": "USD", "grossProfit": "4365000000", "totalRevenue": "5280000000", "costOfRevenue": "915000000", "costofGoodsAndServicesSold": "3836000000", "operatingIncome": "827000000", "sellingGeneralAndAdministrative": "459000000", "researchAndDevelopment": "None", "operatingExpenses": "4926000000", "investmentIncomeNet": "None", "netInterestIncome": "-49000000", "interestIncome": "36000000", "interestExpense": "85000000", "nonInterestIncome": "-37000000", "otherNonOperatingIncome": "None", "depreciation": "None", "depreciationAndAmortization": "505000000", "incomeBeforeTax": "357000000", "incomeTaxExpense": "83000000", "interestAndDebtExpense": "85000000", "netIncomeFromContinuingOperations": "274000000", "comprehensiveIncomeNetOfTax": "494000000", "ebit": "442000000", "ebitda": "947000000", "netIncome": "274000000"}, {"fiscalDateEnding": "2018-12-31", "reportedCurrency": "USD", "grossProfit": "3996000000", "totalRevenue": "5178000000", "costOfRevenue": "1182000000", "costofGoodsAndServicesSold": "3725000000", "operatingIncome": "840000000", "sellingGeneralAndAdministrative": "491000000", "researchAndDevelopment": "None", "operatingExpenses": "4709000000", "investmentIncomeNet": "None", "netInterestIncome": "-54000000", "interestIncome": "27000000", "interestExpense": "81000000", "nonInterestIncome": "92000000", "otherNonOperatingIncome": "None", "depreciation": "None", "depreciationAndAmortization": "508000000", "incomeBeforeTax": "465000000", "incomeTaxExpense": "3000000", "interestAndDebtExpense": "81000000", "netIncomeFromContinuingOperations": "462000000", "comprehensiveIncomeNetOfTax": "380000000", "ebit": "546000000", "ebitda": "1054000000", "netIncome": "462000000"}, {"fiscalDateEnding": "2018-09-30", "reportedCurrency": "USD", "grossProfit": "3675000000", "totalRevenue": "5013000000", "costOfRevenue": "1338000000", "costofGoodsAndServicesSold": "3518000000", "operatingIncome": "799000000", "sellingGeneralAndAdministrative": "569000000", "researchAndDevelopment": "None", "operatingExpenses": "4681000000", "investmentIncomeNet": "None", "netInterestIncome": "-50000000", "interestIncome": "33000000", "interestExpense": "83000000", "nonInterestIncome": "15000000", "otherNonOperatingIncome": "None", "depreciation": "None", "depreciationAndAmortization": "484000000", "incomeBeforeTax": "335000000", "incomeTaxExpense": "73000000", "interestAndDebtExpense": "83000000", "netIncomeFromContinuingOperations": "262000000", "comprehensiveIncomeNetOfTax": "192000000", "ebit": "418000000", "ebitda": "902000000", "netIncome": "262000000"}, {"fiscalDateEnding": "2018-06-30", "reportedCurrency": "USD", "grossProfit": "4116000000", "totalRevenue": "5282000000", "costOfRevenue": "1166000000", "costofGoodsAndServicesSold": "3867000000", "operatingIncome": "803000000", "sellingGeneralAndAdministrative": "440000000", "researchAndDevelopment": "None", "operatingExpenses": "4922000000", "investmentIncomeNet": "None", "netInterestIncome": "-53000000", "interestIncome": "32000000", "interestExpense": "85000000", "nonInterestIncome": "62000000", "otherNonOperatingIncome": "None", "depreciation": "None", "depreciationAndAmortization": "471000000", "incomeBeforeTax": "388000000", "incomeTaxExpense": "129000000", "interestAndDebtExpense": "85000000", "netIncomeFromContinuingOperations": "224000000", "comprehensiveIncomeNetOfTax": "-111000000", "ebit": "473000000", "ebitda": "944000000", "netIncome": "259000000"}, {"fiscalDateEnding": "2018-03-31", "reportedCurrency": "USD", "grossProfit": "556000000", "totalRevenue": "5584000000", "costOfRevenue": "5738000000", "costofGoodsAndServicesSold": "4323000000", "operatingIncome": "882000000", "sellingGeneralAndAdministrative": "406000000", "researchAndDevelopment": "None", "operatingExpenses": "4996000000", "investmentIncomeNet": "None", "netInterestIncome": "-74000000", "interestIncome": "26000000", "interestExpense": "100000000", "nonInterestIncome": "111000000", "otherNonOperatingIncome": "None", "depreciation": "None", "depreciationAndAmortization": "531000000", "incomeBeforeTax": "621000000", "incomeTaxExpense": "61000000", "interestAndDebtExpense": "104000000", "netIncomeFromContinuingOperations": "522000000", "comprehensiveIncomeNetOfTax": "736000000", "ebit": "721000000", "ebitda": "1252000000", "netIncome": "560000000"}, {"fiscalDateEnding": "2017-12-31", "reportedCurrency": "USD", "grossProfit": "402000000", "totalRevenue": "5460000000", "costOfRevenue": "5784000000", "costofGoodsAndServicesSold": "4521000000", "operatingIncome": "797000000", "sellingGeneralAndAdministrative": "447000000", "researchAndDevelopment": "None", "operatingExpenses": "5119000000", "investmentIncomeNet": "None", "netInterestIncome": "-50000000", "interestIncome": "23000000", "interestExpense": "73000000", "nonInterestIncome": "-40000000", "otherNonOperatingIncome": "None", "depreciation": "None", "depreciationAndAmortization": "440000000", "incomeBeforeTax": "411000000", "incomeTaxExpense": "-365000000", "interestAndDebtExpense": "77000000", "netIncomeFromContinuingOperations": "703000000", "comprehensiveIncomeNetOfTax": "728000000", "ebit": "484000000", "ebitda": "924000000", "netIncome": "776000000"}, {"fiscalDateEnding": "2017-09-30", "reportedCurrency": "USD", "grossProfit": "384000000", "totalRevenue": "5453000000", "costOfRevenue": "5779000000", "costofGoodsAndServicesSold": "4312000000", "operatingIncome": "740000000", "sellingGeneralAndAdministrative": "644000000", "researchAndDevelopment": "None", "operatingExpenses": "5169000000", "investmentIncomeNet": "None", "netInterestIncome": "-62000000", "interestIncome": "11000000", "interestExpense": "73000000", "nonInterestIncome": "-136000000", "otherNonOperatingIncome": "None", "depreciation": "None", "depreciationAndAmortization": "482000000", "incomeBeforeTax": "335000000", "incomeTaxExpense": "79000000", "interestAndDebtExpense": "78000000", "netIncomeFromContinuingOperations": "196000000", "comprehensiveIncomeNetOfTax": "179000000", "ebit": "408000000", "ebitda": "890000000", "netIncome": "256000000"}, {"fiscalDateEnding": "2017-06-30", "reportedCurrency": "USD", "grossProfit": "40000000", "totalRevenue": "5236000000", "costOfRevenue": "5873000000", "costofGoodsAndServicesSold": "4788000000", "operatingIncome": "570000000", "sellingGeneralAndAdministrative": "393000000", "researchAndDevelopment": "None", "operatingExpenses": "5145000000", "investmentIncomeNet": "None", "netInterestIncome": "-60000000", "interestIncome": "14000000", "interestExpense": "74000000", "nonInterestIncome": "132000000", "otherNonOperatingIncome": "None", "depreciation": "None", "depreciationAndAmortization": "342000000", "incomeBeforeTax": "142000000", "incomeTaxExpense": "-17000000", "interestAndDebtExpense": "76000000", "netIncomeFromContinuingOperations": "94000000", "comprehensiveIncomeNetOfTax": "328000000", "ebit": "216000000", "ebitda": "558000000", "netIncome": "159000000"}, {"fiscalDateEnding": "2017-03-31", "reportedCurrency": "USD", "grossProfit": "475000000", "totalRevenue": "1889000000", "costOfRevenue": "1414000000", "costofGoodsAndServicesSold": "1414000000", "operatingIncome": "422000000", "sellingGeneralAndAdministrative": "331000000", "researchAndDevelopment": "None", "operatingExpenses": "3535000000", "investmentIncomeNet": "None", "netInterestIncome": "None", "interestIncome": "None", "interestExpense": "55000000", "nonInterestIncome": "None", "otherNonOperatingIncome": "None", "depreciation": "None", "depreciationAndAmortization": "155000000", "incomeBeforeTax": "-97000000", "incomeTaxExpense": "-17000000", "interestAndDebtExpense": "None", "netIncomeFromContinuingOperations": "-100000000", "comprehensiveIncomeNetOfTax": "-256000000", "ebit": "-42000000", "ebitda": "-12000000", "netIncome": "-80000000"}, {"fiscalDateEnding": "2017-01-31", "reportedCurrency": "USD", "grossProfit": "578000000", "totalRevenue": "4147000000", "costOfRevenue": "3569000000", "costofGoodsAndServicesSold": "None", "operatingIncome": "-30000000", "sellingGeneralAndAdministrative": "353000000", "researchAndDevelopment": "None", "operatingExpenses": "408000000", "investmentIncomeNet": "None", "netInterestIncome": "-8000000", "interestIncome": "None", "interestExpense": "8000000", "nonInterestIncome": "1000000", "otherNonOperatingIncome": "None", "depreciation": "332000000", "depreciationAndAmortization": "None", "incomeBeforeTax": "-56000000", "incomeTaxExpense": "-19000000", "interestAndDebtExpense": "8000000", "netIncomeFromContinuingOperations": "-37000000", "comprehensiveIncomeNetOfTax": "92000000", "ebit": "-30000000", "ebitda": "None", "netIncome": "-37000000"}]}