{"symbol": "EA", "annualReports": [{"fiscalDateEnding": "2021-03-31", "reportedCurrency": "USD", "grossProfit": "4135000000", "totalRevenue": "5629000000", "costOfRevenue": "1494000000", "costofGoodsAndServicesSold": "1494000000", "operatingIncome": "1046000000", "sellingGeneralAndAdministrative": "1281000000", "researchAndDevelopment": "1778000000", "operatingExpenses": "3089000000", "investmentIncomeNet": "None", "netInterestIncome": "-45000000", "interestIncome": "24000000", "interestExpense": "45000000", "nonInterestIncome": "-10000000", "otherNonOperatingIncome": "-29000000", "depreciation": "138000000", "depreciationAndAmortization": "30000000", "incomeBeforeTax": "1017000000", "incomeTaxExpense": "180000000", "interestAndDebtExpense": "45000000", "netIncomeFromContinuingOperations": "837000000", "comprehensiveIncomeNetOfTax": "837000000", "ebit": "1062000000", "ebitda": "1092000000", "netIncome": "837000000"}, {"fiscalDateEnding": "2020-03-31", "reportedCurrency": "USD", "grossProfit": "4168000000", "totalRevenue": "5537000000", "costOfRevenue": "1369000000", "costofGoodsAndServicesSold": "1369000000", "operatingIncome": "1445000000", "sellingGeneralAndAdministrative": "1137000000", "researchAndDevelopment": "1559000000", "operatingExpenses": "2723000000", "investmentIncomeNet": "None", "netInterestIncome": "-44000000", "interestIncome": "100000000", "interestExpense": "44000000", "nonInterestIncome": "7000000", "otherNonOperatingIncome": "63000000", "depreciation": "120000000", "depreciationAndAmortization": "22000000", "incomeBeforeTax": "1508000000", "incomeTaxExpense": "-1531000000", "interestAndDebtExpense": "44000000", "netIncomeFromContinuingOperations": "3039000000", "comprehensiveIncomeNetOfTax": "3019000000", "ebit": "1552000000", "ebitda": "1574000000", "netIncome": "3039000000"}, {"fiscalDateEnding": "2019-03-31", "reportedCurrency": "USD", "grossProfit": "3628000000", "totalRevenue": "4950000000", "costOfRevenue": "1322000000", "costofGoodsAndServicesSold": "1322000000", "operatingIncome": "996000000", "sellingGeneralAndAdministrative": "1162000000", "researchAndDevelopment": "1433000000", "operatingExpenses": "2632000000", "investmentIncomeNet": "None", "netInterestIncome": "-45000000", "interestIncome": "88000000", "interestExpense": "45000000", "nonInterestIncome": "41000000", "otherNonOperatingIncome": "83000000", "depreciation": "121000000", "depreciationAndAmortization": "23000000", "incomeBeforeTax": "1079000000", "incomeTaxExpense": "60000000", "interestAndDebtExpense": "45000000", "netIncomeFromContinuingOperations": "1019000000", "comprehensiveIncomeNetOfTax": "1093000000", "ebit": "1124000000", "ebitda": "1147000000", "netIncome": "1019000000"}, {"fiscalDateEnding": "2018-03-31", "reportedCurrency": "USD", "grossProfit": "3873000000", "totalRevenue": "5150000000", "costOfRevenue": "1277000000", "costofGoodsAndServicesSold": "1277000000", "operatingIncome": "1434000000", "sellingGeneralAndAdministrative": "1110000000", "researchAndDevelopment": "1320000000", "operatingExpenses": "2439000000", "investmentIncomeNet": "None", "netInterestIncome": "-44000000", "interestIncome": "50000000", "interestExpense": "44000000", "nonInterestIncome": "2000000", "otherNonOperatingIncome": "15000000", "depreciation": "120000000", "depreciationAndAmortization": "9000000", "incomeBeforeTax": "1449000000", "incomeTaxExpense": "406000000", "interestAndDebtExpense": "44000000", "netIncomeFromContinuingOperations": "1043000000", "comprehensiveIncomeNetOfTax": "935000000", "ebit": "1493000000", "ebitda": "1502000000", "netIncome": "1043000000"}, {"fiscalDateEnding": "2017-03-31", "reportedCurrency": "USD", "grossProfit": "3547000000", "totalRevenue": "4845000000", "costOfRevenue": "1298000000", "costofGoodsAndServicesSold": "1298000000", "operatingIncome": "1224000000", "sellingGeneralAndAdministrative": "1112000000", "researchAndDevelopment": "1205000000", "operatingExpenses": "2323000000", "investmentIncomeNet": "None", "netInterestIncome": "-47000000", "interestIncome": "25000000", "interestExpense": "47000000", "nonInterestIncome": "6000000", "otherNonOperatingIncome": "-14000000", "depreciation": "115000000", "depreciationAndAmortization": "6000000", "incomeBeforeTax": "1210000000", "incomeTaxExpense": "243000000", "interestAndDebtExpense": "47000000", "netIncomeFromContinuingOperations": "967000000", "comprehensiveIncomeNetOfTax": "964000000", "ebit": "1257000000", "ebitda": "1263000000", "netIncome": "967000000"}], "quarterlyReports": [{"fiscalDateEnding": "2021-09-30", "reportedCurrency": "USD", "grossProfit": "1332000000", "totalRevenue": "1826000000", "costOfRevenue": "494000000", "costofGoodsAndServicesSold": "494000000", "operatingIncome": "340000000", "sellingGeneralAndAdministrative": "409000000", "researchAndDevelopment": "553000000", "operatingExpenses": "992000000", "investmentIncomeNet": "None", "netInterestIncome": "-15000000", "interestIncome": "None", "interestExpense": "15000000", "nonInterestIncome": "None", "otherNonOperatingIncome": "-14000000", "depreciation": "39000000", "depreciationAndAmortization": "30000000", "incomeBeforeTax": "326000000", "incomeTaxExpense": "32000000", "interestAndDebtExpense": "15000000", "netIncomeFromContinuingOperations": "294000000", "comprehensiveIncomeNetOfTax": "327000000", "ebit": "341000000", "ebitda": "371000000", "netIncome": "294000000"}, {"fiscalDateEnding": "2021-06-30", "reportedCurrency": "USD", "grossProfit": "1236000000", "totalRevenue": "1551000000", "costOfRevenue": "315000000", "costofGoodsAndServicesSold": "315000000", "operatingIncome": "322000000", "sellingGeneralAndAdministrative": "359000000", "researchAndDevelopment": "515000000", "operatingExpenses": "914000000", "investmentIncomeNet": "None", "netInterestIncome": "-14000000", "interestIncome": "None", "interestExpense": "14000000", "nonInterestIncome": "None", "otherNonOperatingIncome": "-14000000", "depreciation": "40000000", "depreciationAndAmortization": "40000000", "incomeBeforeTax": "308000000", "incomeTaxExpense": "104000000", "interestAndDebtExpense": "14000000", "netIncomeFromContinuingOperations": "204000000", "comprehensiveIncomeNetOfTax": "219000000", "ebit": "322000000", "ebitda": "362000000", "netIncome": "204000000"}, {"fiscalDateEnding": "2021-03-31", "reportedCurrency": "USD", "grossProfit": "1027000000", "totalRevenue": "1346000000", "costOfRevenue": "319000000", "costofGoodsAndServicesSold": "319000000", "operatingIncome": "175000000", "sellingGeneralAndAdministrative": "370000000", "researchAndDevelopment": "468000000", "operatingExpenses": "852000000", "investmentIncomeNet": "None", "netInterestIncome": "-12000000", "interestIncome": "None", "interestExpense": "12000000", "nonInterestIncome": "None", "otherNonOperatingIncome": "-10000000", "depreciation": "38000000", "depreciationAndAmortization": "14000000", "incomeBeforeTax": "165000000", "incomeTaxExpense": "89000000", "interestAndDebtExpense": "12000000", "netIncomeFromContinuingOperations": "76000000", "comprehensiveIncomeNetOfTax": "120000000", "ebit": "177000000", "ebitda": "191000000", "netIncome": "76000000"}, {"fiscalDateEnding": "2020-12-31", "reportedCurrency": "USD", "grossProfit": "1072000000", "totalRevenue": "1673000000", "costOfRevenue": "601000000", "costofGoodsAndServicesSold": "601000000", "operatingIncome": "251000000", "sellingGeneralAndAdministrative": "365000000", "researchAndDevelopment": "451000000", "operatingExpenses": "821000000", "investmentIncomeNet": "None", "netInterestIncome": "-11000000", "interestIncome": "None", "interestExpense": "11000000", "nonInterestIncome": "None", "otherNonOperatingIncome": "-6000000", "depreciation": "37000000", "depreciationAndAmortization": "5000000", "incomeBeforeTax": "245000000", "incomeTaxExpense": "34000000", "interestAndDebtExpense": "11000000", "netIncomeFromContinuingOperations": "211000000", "comprehensiveIncomeNetOfTax": "206000000", "ebit": "256000000", "ebitda": "261000000", "netIncome": "211000000"}, {"fiscalDateEnding": "2020-09-30", "reportedCurrency": "USD", "grossProfit": "865000000", "totalRevenue": "1151000000", "costOfRevenue": "286000000", "costofGoodsAndServicesSold": "286000000", "operatingIncome": "149000000", "sellingGeneralAndAdministrative": "289000000", "researchAndDevelopment": "421000000", "operatingExpenses": "716000000", "investmentIncomeNet": "None", "netInterestIncome": "-11000000", "interestIncome": "None", "interestExpense": "11000000", "nonInterestIncome": "None", "otherNonOperatingIncome": "-10000000", "depreciation": "32000000", "depreciationAndAmortization": "6000000", "incomeBeforeTax": "139000000", "incomeTaxExpense": "-46000000", "interestAndDebtExpense": "11000000", "netIncomeFromContinuingOperations": "185000000", "comprehensiveIncomeNetOfTax": "148000000", "ebit": "150000000", "ebitda": "156000000", "netIncome": "185000000"}, {"fiscalDateEnding": "2020-06-30", "reportedCurrency": "USD", "grossProfit": "1171000000", "totalRevenue": "1459000000", "costOfRevenue": "288000000", "costofGoodsAndServicesSold": "288000000", "operatingIncome": "471000000", "sellingGeneralAndAdministrative": "257000000", "researchAndDevelopment": "438000000", "operatingExpenses": "700000000", "investmentIncomeNet": "None", "netInterestIncome": "-11000000", "interestIncome": "None", "interestExpense": "11000000", "nonInterestIncome": "None", "otherNonOperatingIncome": "-3000000", "depreciation": "31000000", "depreciationAndAmortization": "5000000", "incomeBeforeTax": "468000000", "incomeTaxExpense": "103000000", "interestAndDebtExpense": "11000000", "netIncomeFromContinuingOperations": "365000000", "comprehensiveIncomeNetOfTax": "363000000", "ebit": "479000000", "ebitda": "484000000", "netIncome": "365000000"}, {"fiscalDateEnding": "2020-03-31", "reportedCurrency": "USD", "grossProfit": "1118000000", "totalRevenue": "1387000000", "costOfRevenue": "269000000", "costofGoodsAndServicesSold": "269000000", "operatingIncome": "401000000", "sellingGeneralAndAdministrative": "309000000", "researchAndDevelopment": "402000000", "operatingExpenses": "717000000", "investmentIncomeNet": "None", "netInterestIncome": "-12000000", "interestIncome": "13000000", "interestExpense": "12000000", "nonInterestIncome": "None", "otherNonOperatingIncome": "13000000", "depreciation": "31000000", "depreciationAndAmortization": "6000000", "incomeBeforeTax": "414000000", "incomeTaxExpense": "-4000000", "interestAndDebtExpense": "12000000", "netIncomeFromContinuingOperations": "401000000", "comprehensiveIncomeNetOfTax": "401000000", "ebit": "426000000", "ebitda": "432000000", "netIncome": "418000000"}, {"fiscalDateEnding": "2019-12-31", "reportedCurrency": "USD", "grossProfit": "1085000000", "totalRevenue": "1593000000", "costOfRevenue": "508000000", "costofGoodsAndServicesSold": "508000000", "operatingIncome": "361000000", "sellingGeneralAndAdministrative": "328000000", "researchAndDevelopment": "389000000", "operatingExpenses": "724000000", "investmentIncomeNet": "None", "netInterestIncome": "-10000000", "interestIncome": "13000000", "interestExpense": "10000000", "nonInterestIncome": "None", "otherNonOperatingIncome": "13000000", "depreciation": "29000000", "depreciationAndAmortization": "5000000", "incomeBeforeTax": "374000000", "incomeTaxExpense": "28000000", "interestAndDebtExpense": "10000000", "netIncomeFromContinuingOperations": "346000000", "comprehensiveIncomeNetOfTax": "323000000", "ebit": "384000000", "ebitda": "389000000", "netIncome": "346000000"}, {"fiscalDateEnding": "2019-09-30", "reportedCurrency": "USD", "grossProfit": "943000000", "totalRevenue": "1348000000", "costOfRevenue": "405000000", "costofGoodsAndServicesSold": "405000000", "operatingIncome": "268000000", "sellingGeneralAndAdministrative": "280000000", "researchAndDevelopment": "387000000", "operatingExpenses": "675000000", "investmentIncomeNet": "None", "netInterestIncome": "-11000000", "interestIncome": "16000000", "interestExpense": "11000000", "nonInterestIncome": "None", "otherNonOperatingIncome": "16000000", "depreciation": "30000000", "depreciationAndAmortization": "6000000", "incomeBeforeTax": "284000000", "incomeTaxExpense": "-570000000", "interestAndDebtExpense": "11000000", "netIncomeFromContinuingOperations": "854000000", "comprehensiveIncomeNetOfTax": "861000000", "ebit": "295000000", "ebitda": "301000000", "netIncome": "854000000"}, {"fiscalDateEnding": "2019-06-30", "reportedCurrency": "USD", "grossProfit": "1022000000", "totalRevenue": "1209000000", "costOfRevenue": "187000000", "costofGoodsAndServicesSold": "187000000", "operatingIncome": "415000000", "sellingGeneralAndAdministrative": "220000000", "researchAndDevelopment": "381000000", "operatingExpenses": "607000000", "investmentIncomeNet": "None", "netInterestIncome": "-11000000", "interestIncome": "21000000", "interestExpense": "11000000", "nonInterestIncome": "None", "otherNonOperatingIncome": "21000000", "depreciation": "30000000", "depreciationAndAmortization": "5000000", "incomeBeforeTax": "436000000", "incomeTaxExpense": "-985000000", "interestAndDebtExpense": "11000000", "netIncomeFromContinuingOperations": "1421000000", "comprehensiveIncomeNetOfTax": "1434000000", "ebit": "447000000", "ebitda": "452000000", "netIncome": "1421000000"}, {"fiscalDateEnding": "2019-03-31", "reportedCurrency": "USD", "grossProfit": "962000000", "totalRevenue": "1238000000", "costOfRevenue": "276000000", "costofGoodsAndServicesSold": "276000000", "operatingIncome": "196000000", "sellingGeneralAndAdministrative": "352000000", "researchAndDevelopment": "398000000", "operatingExpenses": "766000000", "investmentIncomeNet": "None", "netInterestIncome": "-78000000", "interestIncome": "-66000000", "interestExpense": "12000000", "nonInterestIncome": "None", "otherNonOperatingIncome": "23000000", "depreciation": "31000000", "depreciationAndAmortization": "5000000", "incomeBeforeTax": "219000000", "incomeTaxExpense": "10000000", "interestAndDebtExpense": "78000000", "netIncomeFromContinuingOperations": "196000000", "comprehensiveIncomeNetOfTax": "196000000", "ebit": "231000000", "ebitda": "236000000", "netIncome": "209000000"}, {"fiscalDateEnding": "2018-12-31", "reportedCurrency": "USD", "grossProfit": "876000000", "totalRevenue": "1289000000", "costOfRevenue": "413000000", "costofGoodsAndServicesSold": "413000000", "operatingIncome": "242000000", "sellingGeneralAndAdministrative": "293000000", "researchAndDevelopment": "334000000", "operatingExpenses": "634000000", "investmentIncomeNet": "None", "netInterestIncome": "11000000", "interestIncome": "22000000", "interestExpense": "11000000", "nonInterestIncome": "None", "otherNonOperatingIncome": "23000000", "depreciation": "30000000", "depreciationAndAmortization": "6000000", "incomeBeforeTax": "265000000", "incomeTaxExpense": "3000000", "interestAndDebtExpense": "-11000000", "netIncomeFromContinuingOperations": "262000000", "comprehensiveIncomeNetOfTax": "264000000", "ebit": "276000000", "ebitda": "282000000", "netIncome": "262000000"}, {"fiscalDateEnding": "2018-09-30", "reportedCurrency": "USD", "grossProfit": "868000000", "totalRevenue": "1286000000", "costOfRevenue": "418000000", "costofGoodsAndServicesSold": "418000000", "operatingIncome": "258000000", "sellingGeneralAndAdministrative": "263000000", "researchAndDevelopment": "339000000", "operatingExpenses": "610000000", "investmentIncomeNet": "None", "netInterestIncome": "11000000", "interestIncome": "22000000", "interestExpense": "11000000", "nonInterestIncome": "None", "otherNonOperatingIncome": "18000000", "depreciation": "30000000", "depreciationAndAmortization": "6000000", "incomeBeforeTax": "276000000", "incomeTaxExpense": "21000000", "interestAndDebtExpense": "-11000000", "netIncomeFromContinuingOperations": "255000000", "comprehensiveIncomeNetOfTax": "262000000", "ebit": "287000000", "ebitda": "293000000", "netIncome": "255000000"}, {"fiscalDateEnding": "2018-06-30", "reportedCurrency": "USD", "grossProfit": "922000000", "totalRevenue": "1137000000", "costOfRevenue": "215000000", "costofGoodsAndServicesSold": "215000000", "operatingIncome": "300000000", "sellingGeneralAndAdministrative": "254000000", "researchAndDevelopment": "362000000", "operatingExpenses": "622000000", "investmentIncomeNet": "None", "netInterestIncome": "11000000", "interestIncome": "22000000", "interestExpense": "11000000", "nonInterestIncome": "None", "otherNonOperatingIncome": "19000000", "depreciation": "30000000", "depreciationAndAmortization": "6000000", "incomeBeforeTax": "319000000", "incomeTaxExpense": "26000000", "interestAndDebtExpense": "-11000000", "netIncomeFromContinuingOperations": "293000000", "comprehensiveIncomeNetOfTax": "371000000", "ebit": "330000000", "ebitda": "336000000", "netIncome": "293000000"}, {"fiscalDateEnding": "2018-03-31", "reportedCurrency": "USD", "grossProfit": "1349000000", "totalRevenue": "1582000000", "costOfRevenue": "233000000", "costofGoodsAndServicesSold": "233000000", "operatingIncome": "753000000", "sellingGeneralAndAdministrative": "256000000", "researchAndDevelopment": "335000000", "operatingExpenses": "596000000", "investmentIncomeNet": "None", "netInterestIncome": "-76000000", "interestIncome": "None", "interestExpense": "76000000", "nonInterestIncome": "None", "otherNonOperatingIncome": "1000000", "depreciation": "31000000", "depreciationAndAmortization": "5000000", "incomeBeforeTax": "754000000", "incomeTaxExpense": "147000000", "interestAndDebtExpense": "76000000", "netIncomeFromContinuingOperations": "753000000", "comprehensiveIncomeNetOfTax": "575000000", "ebit": "830000000", "ebitda": "835000000", "netIncome": "607000000"}, {"fiscalDateEnding": "2017-12-31", "reportedCurrency": "USD", "grossProfit": "659000000", "totalRevenue": "1160000000", "costOfRevenue": "501000000", "costofGoodsAndServicesSold": "501000000", "operatingIncome": "-21000000", "sellingGeneralAndAdministrative": "350000000", "researchAndDevelopment": "329000000", "operatingExpenses": "680000000", "investmentIncomeNet": "None", "netInterestIncome": "10000000", "interestIncome": "None", "interestExpense": "-10000000", "nonInterestIncome": "None", "otherNonOperatingIncome": "5000000", "depreciation": "30000000", "depreciationAndAmortization": "1000000", "incomeBeforeTax": "-16000000", "incomeTaxExpense": "170000000", "interestAndDebtExpense": "-10000000", "netIncomeFromContinuingOperations": "-186000000", "comprehensiveIncomeNetOfTax": "-208000000", "ebit": "-26000000", "ebitda": "-25000000", "netIncome": "-186000000"}, {"fiscalDateEnding": "2017-09-30", "reportedCurrency": "USD", "grossProfit": "570000000", "totalRevenue": "959000000", "costOfRevenue": "389000000", "costofGoodsAndServicesSold": "389000000", "operatingIncome": "-41000000", "sellingGeneralAndAdministrative": "278000000", "researchAndDevelopment": "331000000", "operatingExpenses": "611000000", "investmentIncomeNet": "None", "netInterestIncome": "11000000", "interestIncome": "None", "interestExpense": "-11000000", "nonInterestIncome": "None", "otherNonOperatingIncome": "3000000", "depreciation": "30000000", "depreciationAndAmortization": "2000000", "incomeBeforeTax": "-38000000", "incomeTaxExpense": "-16000000", "interestAndDebtExpense": "-11000000", "netIncomeFromContinuingOperations": "-22000000", "comprehensiveIncomeNetOfTax": "-24000000", "ebit": "-49000000", "ebitda": "-47000000", "netIncome": "-22000000"}, {"fiscalDateEnding": "2017-06-30", "reportedCurrency": "USD", "grossProfit": "1295000000", "totalRevenue": "1449000000", "costOfRevenue": "154000000", "costofGoodsAndServicesSold": "154000000", "operatingIncome": "743000000", "sellingGeneralAndAdministrative": "226000000", "researchAndDevelopment": "325000000", "operatingExpenses": "552000000", "investmentIncomeNet": "None", "netInterestIncome": "11000000", "interestIncome": "None", "interestExpense": "-11000000", "nonInterestIncome": "None", "otherNonOperatingIncome": "6000000", "depreciation": "29000000", "depreciationAndAmortization": "1000000", "incomeBeforeTax": "749000000", "incomeTaxExpense": "105000000", "interestAndDebtExpense": "-11000000", "netIncomeFromContinuingOperations": "644000000", "comprehensiveIncomeNetOfTax": "592000000", "ebit": "738000000", "ebitda": "739000000", "netIncome": "644000000"}, {"fiscalDateEnding": "2017-03-31", "reportedCurrency": "USD", "grossProfit": "1325000000", "totalRevenue": "1527000000", "costOfRevenue": "202000000", "costofGoodsAndServicesSold": "202000000", "operatingIncome": "717000000", "sellingGeneralAndAdministrative": "272000000", "researchAndDevelopment": "335000000", "operatingExpenses": "608000000", "investmentIncomeNet": "None", "netInterestIncome": "-83000000", "interestIncome": "None", "interestExpense": "83000000", "nonInterestIncome": "6000000", "otherNonOperatingIncome": "-1000000", "depreciation": "29000000", "depreciationAndAmortization": "1000000", "incomeBeforeTax": "716000000", "incomeTaxExpense": "150000000", "interestAndDebtExpense": "83000000", "netIncomeFromContinuingOperations": "717000000", "comprehensiveIncomeNetOfTax": "548000000", "ebit": "799000000", "ebitda": "800000000", "netIncome": "566000000"}, {"fiscalDateEnding": "2016-12-31", "reportedCurrency": "USD", "grossProfit": "633000000", "totalRevenue": "1149000000", "costOfRevenue": "516000000", "costofGoodsAndServicesSold": "516000000", "operatingIncome": "-4000000", "sellingGeneralAndAdministrative": "350000000", "researchAndDevelopment": "285000000", "operatingExpenses": "637000000", "investmentIncomeNet": "None", "netInterestIncome": "12000000", "interestIncome": "None", "interestExpense": "-12000000", "nonInterestIncome": "0", "otherNonOperatingIncome": "-2000000", "depreciation": "29000000", "depreciationAndAmortization": "2000000", "incomeBeforeTax": "-6000000", "incomeTaxExpense": "-5000000", "interestAndDebtExpense": "-12000000", "netIncomeFromContinuingOperations": "-1000000", "comprehensiveIncomeNetOfTax": "8000000", "ebit": "-18000000", "ebitda": "-16000000", "netIncome": "-1000000"}]}