{"symbol": "ED", "annualReports": [{"fiscalDateEnding": "2020-12-31", "reportedCurrency": "USD", "grossProfit": "7365000000", "totalRevenue": "12246000000", "costOfRevenue": "4881000000", "costofGoodsAndServicesSold": "5097000000", "operatingIncome": "2654000000", "sellingGeneralAndAdministrative": "2592000000", "researchAndDevelopment": "24000000", "operatingExpenses": "9592000000", "investmentIncomeNet": "-214000000", "netInterestIncome": "-1019000000", "interestIncome": "-795000000", "interestExpense": "1019000000", "nonInterestIncome": "11969000000", "otherNonOperatingIncome": "-227000000", "depreciation": "None", "depreciationAndAmortization": "1920000000", "incomeBeforeTax": "1191000000", "incomeTaxExpense": "90000000", "interestAndDebtExpense": "1019000000", "netIncomeFromContinuingOperations": "1144000000", "comprehensiveIncomeNetOfTax": "1095000000", "ebit": "2210000000", "ebitda": "4130000000", "netIncome": "1101000000"}, {"fiscalDateEnding": "2019-12-31", "reportedCurrency": "USD", "grossProfit": "8402000000", "totalRevenue": "12574000000", "costOfRevenue": "4172000000", "costofGoodsAndServicesSold": "5808000000", "operatingIncome": "2676000000", "sellingGeneralAndAdministrative": "2453000000", "researchAndDevelopment": "24000000", "operatingExpenses": "9898000000", "investmentIncomeNet": "96000000", "netInterestIncome": "-991000000", "interestIncome": "-779000000", "interestExpense": "991000000", "nonInterestIncome": "12117000000", "otherNonOperatingIncome": "-104000000", "depreciation": "None", "depreciationAndAmortization": "1684000000", "incomeBeforeTax": "1639000000", "incomeTaxExpense": "296000000", "interestAndDebtExpense": "991000000", "netIncomeFromContinuingOperations": "1440000000", "comprehensiveIncomeNetOfTax": "1340000000", "ebit": "2630000000", "ebitda": "4314000000", "netIncome": "1343000000"}, {"fiscalDateEnding": "2018-12-31", "reportedCurrency": "USD", "grossProfit": "8579000000", "totalRevenue": "12337000000", "costOfRevenue": "3758000000", "costofGoodsAndServicesSold": "6100000000", "operatingIncome": "2664000000", "sellingGeneralAndAdministrative": "2280000000", "researchAndDevelopment": "24000000", "operatingExpenses": "9804000000", "investmentIncomeNet": "119000000", "netInterestIncome": "-829000000", "interestIncome": "-10000000", "interestExpense": "819000000", "nonInterestIncome": "11920000000", "otherNonOperatingIncome": "-210000000", "depreciation": "None", "depreciationAndAmortization": "1438000000", "incomeBeforeTax": "1783000000", "incomeTaxExpense": "401000000", "interestAndDebtExpense": "819000000", "netIncomeFromContinuingOperations": "1382000000", "comprehensiveIncomeNetOfTax": "1392000000", "ebit": "2602000000", "ebitda": "4040000000", "netIncome": "1382000000"}, {"fiscalDateEnding": "2017-12-31", "reportedCurrency": "USD", "grossProfit": "2209000000", "totalRevenue": "12033000000", "costOfRevenue": "9824000000", "costofGoodsAndServicesSold": "6231000000", "operatingIncome": "2774000000", "sellingGeneralAndAdministrative": "2218000000", "researchAndDevelopment": "24000000", "operatingExpenses": "9260000000", "investmentIncomeNet": "111000000", "netInterestIncome": "-737000000", "interestIncome": "-8000000", "interestExpense": "729000000", "nonInterestIncome": "4000000", "otherNonOperatingIncome": "-21000000", "depreciation": "None", "depreciationAndAmortization": "1341000000", "incomeBeforeTax": "1997000000", "incomeTaxExpense": "472000000", "interestAndDebtExpense": "729000000", "netIncomeFromContinuingOperations": "1525000000", "comprehensiveIncomeNetOfTax": "1526000000", "ebit": "2726000000", "ebitda": "4067000000", "netIncome": "1525000000"}, {"fiscalDateEnding": "2016-12-31", "reportedCurrency": "USD", "grossProfit": "411000000", "totalRevenue": "12075000000", "costOfRevenue": "11664000000", "costofGoodsAndServicesSold": "8323000000", "operatingIncome": "2780000000", "sellingGeneralAndAdministrative": "2081000000", "researchAndDevelopment": "24000000", "operatingExpenses": "9399000000", "investmentIncomeNet": "75000000", "netInterestIncome": "-696000000", "interestIncome": "-597000000", "interestExpense": "696000000", "nonInterestIncome": "6000000", "otherNonOperatingIncome": "-37000000", "depreciation": "None", "depreciationAndAmortization": "1216000000", "incomeBeforeTax": "1943000000", "incomeTaxExpense": "698000000", "interestAndDebtExpense": "696000000", "netIncomeFromContinuingOperations": "1245000000", "comprehensiveIncomeNetOfTax": "1252000000", "ebit": "2780000000", "ebitda": "3855000000", "netIncome": "1245000000"}], "quarterlyReports": [{"fiscalDateEnding": "2021-09-30", "reportedCurrency": "USD", "grossProfit": "2367000000", "totalRevenue": "3613000000", "costOfRevenue": "1246000000", "costofGoodsAndServicesSold": "1524000000", "operatingIncome": "850000000", "sellingGeneralAndAdministrative": "727000000", "researchAndDevelopment": "None", "operatingExpenses": "2763000000", "investmentIncomeNet": "5000000", "netInterestIncome": "-232000000", "interestIncome": "-229000000", "interestExpense": "232000000", "nonInterestIncome": "3659000000", "otherNonOperatingIncome": "-37000000", "depreciation": "None", "depreciationAndAmortization": "512000000", "incomeBeforeTax": "665000000", "incomeTaxExpense": "127000000", "interestAndDebtExpense": "232000000", "netIncomeFromContinuingOperations": "469000000", "comprehensiveIncomeNetOfTax": "540000000", "ebit": "897000000", "ebitda": "1409000000", "netIncome": "538000000"}, {"fiscalDateEnding": "2021-06-30", "reportedCurrency": "USD", "grossProfit": "1792000000", "totalRevenue": "2971000000", "costOfRevenue": "1179000000", "costofGoodsAndServicesSold": "1379000000", "operatingIncome": "418000000", "sellingGeneralAndAdministrative": "672000000", "researchAndDevelopment": "None", "operatingExpenses": "2553000000", "investmentIncomeNet": "-24000000", "netInterestIncome": "-261000000", "interestIncome": "-211000000", "interestExpense": "261000000", "nonInterestIncome": "2950000000", "otherNonOperatingIncome": "-38000000", "depreciation": "None", "depreciationAndAmortization": "502000000", "incomeBeforeTax": "154000000", "incomeTaxExpense": "-11000000", "interestAndDebtExpense": "261000000", "netIncomeFromContinuingOperations": "118000000", "comprehensiveIncomeNetOfTax": "167000000", "ebit": "415000000", "ebitda": "917000000", "netIncome": "165000000"}, {"fiscalDateEnding": "2021-03-31", "reportedCurrency": "USD", "grossProfit": "2468000000", "totalRevenue": "3677000000", "costOfRevenue": "1209000000", "costofGoodsAndServicesSold": "93000000", "operatingIncome": "860000000", "sellingGeneralAndAdministrative": "704000000", "researchAndDevelopment": "None", "operatingExpenses": "2817000000", "investmentIncomeNet": "-161000000", "netInterestIncome": "-176000000", "interestIncome": "-212000000", "interestExpense": "176000000", "nonInterestIncome": "3667000000", "otherNonOperatingIncome": "-36000000", "depreciation": "None", "depreciationAndAmortization": "497000000", "incomeBeforeTax": "497000000", "incomeTaxExpense": "78000000", "interestAndDebtExpense": "176000000", "netIncomeFromContinuingOperations": "420000000", "comprehensiveIncomeNetOfTax": "423000000", "ebit": "673000000", "ebitda": "1170000000", "netIncome": "419000000"}, {"fiscalDateEnding": "2020-12-31", "reportedCurrency": "USD", "grossProfit": "1439000000", "totalRevenue": "2960000000", "costOfRevenue": "1521000000", "costofGoodsAndServicesSold": "1301000000", "operatingIncome": "507000000", "sellingGeneralAndAdministrative": "677000000", "researchAndDevelopment": "None", "operatingExpenses": "2453000000", "investmentIncomeNet": "-292000000", "netInterestIncome": "-222000000", "interestIncome": "-518000000", "interestExpense": "222000000", "nonInterestIncome": "2926000000", "otherNonOperatingIncome": "-50000000", "depreciation": "None", "depreciationAndAmortization": "492000000", "incomeBeforeTax": "-50000000", "incomeTaxExpense": "-93000000", "interestAndDebtExpense": "222000000", "netIncomeFromContinuingOperations": "49000000", "comprehensiveIncomeNetOfTax": "30000000", "ebit": "172000000", "ebitda": "664000000", "netIncome": "43000000"}, {"fiscalDateEnding": "2020-09-30", "reportedCurrency": "USD", "grossProfit": "2170000000", "totalRevenue": "3333000000", "costOfRevenue": "1163000000", "costofGoodsAndServicesSold": "1318000000", "operatingIncome": "860000000", "sellingGeneralAndAdministrative": "673000000", "researchAndDevelopment": "None", "operatingExpenses": "2473000000", "investmentIncomeNet": "27000000", "netInterestIncome": "-226000000", "interestIncome": "-195000000", "interestExpense": "226000000", "nonInterestIncome": "3338000000", "otherNonOperatingIncome": "-50000000", "depreciation": "None", "depreciationAndAmortization": "482000000", "incomeBeforeTax": "612000000", "incomeTaxExpense": "119000000", "interestAndDebtExpense": "226000000", "netIncomeFromContinuingOperations": "502000000", "comprehensiveIncomeNetOfTax": "495000000", "ebit": "838000000", "ebitda": "1320000000", "netIncome": "493000000"}, {"fiscalDateEnding": "2020-06-30", "reportedCurrency": "USD", "grossProfit": "1636000000", "totalRevenue": "2719000000", "costOfRevenue": "1083000000", "costofGoodsAndServicesSold": "1160000000", "operatingIncome": "479000000", "sellingGeneralAndAdministrative": "604000000", "researchAndDevelopment": "None", "operatingExpenses": "2240000000", "investmentIncomeNet": "25000000", "netInterestIncome": "-249000000", "interestIncome": "-2000000", "interestExpense": "247000000", "nonInterestIncome": "2627000000", "otherNonOperatingIncome": "-55000000", "depreciation": "None", "depreciationAndAmortization": "476000000", "incomeBeforeTax": "199000000", "incomeTaxExpense": "9000000", "interestAndDebtExpense": "247000000", "netIncomeFromContinuingOperations": "202000000", "comprehensiveIncomeNetOfTax": "190000000", "ebit": "479000000", "ebitda": "924000000", "netIncome": "190000000"}, {"fiscalDateEnding": "2020-03-31", "reportedCurrency": "USD", "grossProfit": "2121000000", "totalRevenue": "3234000000", "costOfRevenue": "1113000000", "costofGoodsAndServicesSold": "1318000000", "operatingIncome": "808000000", "sellingGeneralAndAdministrative": "638000000", "researchAndDevelopment": "None", "operatingExpenses": "2426000000", "investmentIncomeNet": "26000000", "netInterestIncome": "-325000000", "interestIncome": "-3000000", "interestExpense": "322000000", "nonInterestIncome": "3074000000", "otherNonOperatingIncome": "-72000000", "depreciation": "None", "depreciationAndAmortization": "470000000", "incomeBeforeTax": "430000000", "incomeTaxExpense": "55000000", "interestAndDebtExpense": "322000000", "netIncomeFromContinuingOperations": "392000000", "comprehensiveIncomeNetOfTax": "380000000", "ebit": "752000000", "ebitda": "1222000000", "netIncome": "375000000"}, {"fiscalDateEnding": "2019-12-31", "reportedCurrency": "USD", "grossProfit": "1847000000", "totalRevenue": "2951000000", "costOfRevenue": "1104000000", "costofGoodsAndServicesSold": "1349000000", "operatingIncome": "565000000", "sellingGeneralAndAdministrative": "653000000", "researchAndDevelopment": "None", "operatingExpenses": "2386000000", "investmentIncomeNet": "26000000", "netInterestIncome": "-209000000", "interestIncome": "10000000", "interestExpense": "219000000", "nonInterestIncome": "2908000000", "otherNonOperatingIncome": "-28000000", "depreciation": "None", "depreciationAndAmortization": "431000000", "incomeBeforeTax": "348000000", "incomeTaxExpense": "53000000", "interestAndDebtExpense": "219000000", "netIncomeFromContinuingOperations": "313000000", "comprehensiveIncomeNetOfTax": "286000000", "ebit": "567000000", "ebitda": "998000000", "netIncome": "295000000"}, {"fiscalDateEnding": "2019-09-30", "reportedCurrency": "USD", "grossProfit": "2322000000", "totalRevenue": "3365000000", "costOfRevenue": "1043000000", "costofGoodsAndServicesSold": "1459000000", "operatingIncome": "867000000", "sellingGeneralAndAdministrative": "618000000", "researchAndDevelopment": "None", "operatingExpenses": "2498000000", "investmentIncomeNet": "25000000", "netInterestIncome": "-265000000", "interestIncome": "-3000000", "interestExpense": "262000000", "nonInterestIncome": "3337000000", "otherNonOperatingIncome": "-25000000", "depreciation": "None", "depreciationAndAmortization": "421000000", "incomeBeforeTax": "589000000", "incomeTaxExpense": "116000000", "interestAndDebtExpense": "262000000", "netIncomeFromContinuingOperations": "503000000", "comprehensiveIncomeNetOfTax": "474000000", "ebit": "851000000", "ebitda": "1272000000", "netIncome": "473000000"}, {"fiscalDateEnding": "2019-06-30", "reportedCurrency": "USD", "grossProfit": "1740000000", "totalRevenue": "2744000000", "costOfRevenue": "1004000000", "costofGoodsAndServicesSold": "1066000000", "operatingIncome": "458000000", "sellingGeneralAndAdministrative": "578000000", "researchAndDevelopment": "None", "operatingExpenses": "2286000000", "investmentIncomeNet": "22000000", "netInterestIncome": "-266000000", "interestIncome": "-194000000", "interestExpense": "266000000", "nonInterestIncome": "2604000000", "otherNonOperatingIncome": "-27000000", "depreciation": "None", "depreciationAndAmortization": "418000000", "incomeBeforeTax": "171000000", "incomeTaxExpense": "19000000", "interestAndDebtExpense": "263000000", "netIncomeFromContinuingOperations": "179000000", "comprehensiveIncomeNetOfTax": "153000000", "ebit": "458000000", "ebitda": "855000000", "netIncome": "152000000"}, {"fiscalDateEnding": "2019-03-31", "reportedCurrency": "USD", "grossProfit": "2493000000", "totalRevenue": "3514000000", "costOfRevenue": "1021000000", "costofGoodsAndServicesSold": "1710000000", "operatingIncome": "786000000", "sellingGeneralAndAdministrative": "605000000", "researchAndDevelopment": "None", "operatingExpenses": "2728000000", "investmentIncomeNet": "24000000", "netInterestIncome": "-250000000", "interestIncome": "-194000000", "interestExpense": "250000000", "nonInterestIncome": "3318000000", "otherNonOperatingIncome": "-24000000", "depreciation": "None", "depreciationAndAmortization": "413000000", "incomeBeforeTax": "532000000", "incomeTaxExpense": "108000000", "interestAndDebtExpense": "247000000", "netIncomeFromContinuingOperations": "445000000", "comprehensiveIncomeNetOfTax": "428000000", "ebit": "786000000", "ebitda": "1195000000", "netIncome": "424000000"}, {"fiscalDateEnding": "2018-12-31", "reportedCurrency": "USD", "grossProfit": "1976000000", "totalRevenue": "2949000000", "costOfRevenue": "973000000", "costofGoodsAndServicesSold": "1487000000", "operatingIncome": "657000000", "sellingGeneralAndAdministrative": "573000000", "researchAndDevelopment": "24000000", "operatingExpenses": "2423000000", "investmentIncomeNet": "23000000", "netInterestIncome": "-225000000", "interestIncome": "-10000000", "interestExpense": "215000000", "nonInterestIncome": "2808000000", "otherNonOperatingIncome": "-56000000", "depreciation": "None", "depreciationAndAmortization": "377000000", "incomeBeforeTax": "402000000", "incomeTaxExpense": "71000000", "interestAndDebtExpense": "222000000", "netIncomeFromContinuingOperations": "331000000", "comprehensiveIncomeNetOfTax": "333000000", "ebit": "657000000", "ebitda": "994000000", "netIncome": "331000000"}, {"fiscalDateEnding": "2018-09-30", "reportedCurrency": "USD", "grossProfit": "2363000000", "totalRevenue": "3328000000", "costOfRevenue": "965000000", "costofGoodsAndServicesSold": "1545000000", "operatingIncome": "826000000", "sellingGeneralAndAdministrative": "597000000", "researchAndDevelopment": "None", "operatingExpenses": "2502000000", "investmentIncomeNet": "39000000", "netInterestIncome": "-208000000", "interestIncome": "None", "interestExpense": "208000000", "nonInterestIncome": "3298000000", "otherNonOperatingIncome": "-61000000", "depreciation": "None", "depreciationAndAmortization": "360000000", "incomeBeforeTax": "610000000", "incomeTaxExpense": "175000000", "interestAndDebtExpense": "205000000", "netIncomeFromContinuingOperations": "435000000", "comprehensiveIncomeNetOfTax": "437000000", "ebit": "826000000", "ebitda": "1178000000", "netIncome": "435000000"}, {"fiscalDateEnding": "2018-06-30", "reportedCurrency": "USD", "grossProfit": "1796000000", "totalRevenue": "2696000000", "costOfRevenue": "900000000", "costofGoodsAndServicesSold": "1376000000", "operatingIncome": "426000000", "sellingGeneralAndAdministrative": "540000000", "researchAndDevelopment": "None", "operatingExpenses": "2270000000", "investmentIncomeNet": "36000000", "netInterestIncome": "-199000000", "interestIncome": "None", "interestExpense": "199000000", "nonInterestIncome": "2582000000", "otherNonOperatingIncome": "-48000000", "depreciation": "None", "depreciationAndAmortization": "354000000", "incomeBeforeTax": "226000000", "incomeTaxExpense": "38000000", "interestAndDebtExpense": "197000000", "netIncomeFromContinuingOperations": "188000000", "comprehensiveIncomeNetOfTax": "190000000", "ebit": "426000000", "ebitda": "779000000", "netIncome": "188000000"}, {"fiscalDateEnding": "2018-03-31", "reportedCurrency": "USD", "grossProfit": "1588000000", "totalRevenue": "3364000000", "costOfRevenue": "1776000000", "costofGoodsAndServicesSold": "855000000", "operatingIncome": "755000000", "sellingGeneralAndAdministrative": "570000000", "researchAndDevelopment": "None", "operatingExpenses": "2609000000", "investmentIncomeNet": "20000000", "netInterestIncome": "-197000000", "interestIncome": "None", "interestExpense": "197000000", "nonInterestIncome": "3334000000", "otherNonOperatingIncome": "-45000000", "depreciation": "None", "depreciationAndAmortization": "348000000", "incomeBeforeTax": "545000000", "incomeTaxExpense": "117000000", "interestAndDebtExpense": "195000000", "netIncomeFromContinuingOperations": "428000000", "comprehensiveIncomeNetOfTax": "432000000", "ebit": "755000000", "ebitda": "1090000000", "netIncome": "428000000"}, {"fiscalDateEnding": "2017-12-31", "reportedCurrency": "USD", "grossProfit": "-2244000000", "totalRevenue": "2961000000", "costOfRevenue": "5205000000", "costofGoodsAndServicesSold": "4225000000", "operatingIncome": "585000000", "sellingGeneralAndAdministrative": "621000000", "researchAndDevelopment": "24000000", "operatingExpenses": "2376000000", "investmentIncomeNet": "21000000", "netInterestIncome": "-187000000", "interestIncome": "-8000000", "interestExpense": "179000000", "nonInterestIncome": "-1000000", "otherNonOperatingIncome": "-9000000", "depreciation": "None", "depreciationAndAmortization": "343000000", "incomeBeforeTax": "378000000", "incomeTaxExpense": "-127000000", "interestAndDebtExpense": "184000000", "netIncomeFromContinuingOperations": "505000000", "comprehensiveIncomeNetOfTax": "505000000", "ebit": "585000000", "ebitda": "900000000", "netIncome": "505000000"}, {"fiscalDateEnding": "2017-09-30", "reportedCurrency": "USD", "grossProfit": "1721000000", "totalRevenue": "3211000000", "costOfRevenue": "1490000000", "costofGoodsAndServicesSold": "605000000", "operatingIncome": "914000000", "sellingGeneralAndAdministrative": "544000000", "researchAndDevelopment": "None", "operatingExpenses": "2297000000", "investmentIncomeNet": "37000000", "netInterestIncome": "-187000000", "interestIncome": "None", "interestExpense": "187000000", "nonInterestIncome": "0", "otherNonOperatingIncome": "-4000000", "depreciation": "None", "depreciationAndAmortization": "337000000", "incomeBeforeTax": "727000000", "incomeTaxExpense": "270000000", "interestAndDebtExpense": "185000000", "netIncomeFromContinuingOperations": "457000000", "comprehensiveIncomeNetOfTax": "458000000", "ebit": "914000000", "ebitda": "1251000000", "netIncome": "457000000"}, {"fiscalDateEnding": "2017-06-30", "reportedCurrency": "USD", "grossProfit": "1188000000", "totalRevenue": "2633000000", "costOfRevenue": "1445000000", "costofGoodsAndServicesSold": "595000000", "operatingIncome": "464000000", "sellingGeneralAndAdministrative": "511000000", "researchAndDevelopment": "None", "operatingExpenses": "2170000000", "investmentIncomeNet": "34000000", "netInterestIncome": "-182000000", "interestIncome": "None", "interestExpense": "182000000", "nonInterestIncome": "1000000", "otherNonOperatingIncome": "-5000000", "depreciation": "None", "depreciationAndAmortization": "332000000", "incomeBeforeTax": "277000000", "incomeTaxExpense": "102000000", "interestAndDebtExpense": "180000000", "netIncomeFromContinuingOperations": "175000000", "comprehensiveIncomeNetOfTax": "176000000", "ebit": "464000000", "ebitda": "791000000", "netIncome": "175000000"}, {"fiscalDateEnding": "2017-03-31", "reportedCurrency": "USD", "grossProfit": "1544000000", "totalRevenue": "3228000000", "costOfRevenue": "1684000000", "costofGoodsAndServicesSold": "806000000", "operatingIncome": "812000000", "sellingGeneralAndAdministrative": "542000000", "researchAndDevelopment": "None", "operatingExpenses": "2416000000", "investmentIncomeNet": "19000000", "netInterestIncome": "-182000000", "interestIncome": "None", "interestExpense": "182000000", "nonInterestIncome": "5000000", "otherNonOperatingIncome": "-1000000", "depreciation": "None", "depreciationAndAmortization": "329000000", "incomeBeforeTax": "615000000", "incomeTaxExpense": "227000000", "interestAndDebtExpense": "181000000", "netIncomeFromContinuingOperations": "388000000", "comprehensiveIncomeNetOfTax": "387000000", "ebit": "812000000", "ebitda": "1126000000", "netIncome": "388000000"}, {"fiscalDateEnding": "2016-12-31", "reportedCurrency": "USD", "grossProfit": "-4009000000", "totalRevenue": "2707000000", "costOfRevenue": "6716000000", "costofGoodsAndServicesSold": "5823000000", "operatingIncome": "683000000", "sellingGeneralAndAdministrative": "558000000", "researchAndDevelopment": "24000000", "operatingExpenses": "2024000000", "investmentIncomeNet": "48000000", "netInterestIncome": "-192000000", "interestIncome": "None", "interestExpense": "192000000", "nonInterestIncome": "-105000000", "otherNonOperatingIncome": "-21000000", "depreciation": "None", "depreciationAndAmortization": "311000000", "incomeBeforeTax": "302000000", "incomeTaxExpense": "96000000", "interestAndDebtExpense": "179000000", "netIncomeFromContinuingOperations": "206000000", "comprehensiveIncomeNetOfTax": "211000000", "ebit": "683000000", "ebitda": "805000000", "netIncome": "206000000"}]}