{"symbol": "EFX", "annualReports": [{"fiscalDateEnding": "2020-12-31", "reportedCurrency": "USD", "grossProfit": "527500000", "totalRevenue": "3978400000", "costOfRevenue": "3450900000", "costofGoodsAndServicesSold": "1737400000", "operatingIncome": "676600000", "sellingGeneralAndAdministrative": "1322500000", "researchAndDevelopment": "None", "operatingExpenses": "1769800000", "investmentIncomeNet": "None", "netInterestIncome": "-141600000", "interestIncome": "-141600000", "interestExpense": "141600000", "nonInterestIncome": "4120000000", "otherNonOperatingIncome": "150200000", "depreciation": "None", "depreciationAndAmortization": "391000000", "incomeBeforeTax": "679100000", "incomeTaxExpense": "159000000", "interestAndDebtExpense": "141600000", "netIncomeFromContinuingOperations": "526200000", "comprehensiveIncomeNetOfTax": "704300000", "ebit": "820700000", "ebitda": "1211700000", "netIncome": "520100000"}, {"fiscalDateEnding": "2019-12-31", "reportedCurrency": "USD", "grossProfit": "-450100000", "totalRevenue": "3392900000", "costOfRevenue": "3843000000", "costofGoodsAndServicesSold": "1521700000", "operatingIncome": "-335400000", "sellingGeneralAndAdministrative": "1990200000", "researchAndDevelopment": "None", "operatingExpenses": "2378700000", "investmentIncomeNet": "None", "netInterestIncome": "-111700000", "interestIncome": "-111700000", "interestExpense": "111700000", "nonInterestIncome": "3504600000", "otherNonOperatingIncome": "33300000", "depreciation": "None", "depreciationAndAmortization": "331100000", "incomeBeforeTax": "-419800000", "incomeTaxExpense": "-35700000", "interestAndDebtExpense": "111700000", "netIncomeFromContinuingOperations": "-392800000", "comprehensiveIncomeNetOfTax": "-404600000", "ebit": "-308100000", "ebitda": "23000000", "netIncome": "-384100000"}, {"fiscalDateEnding": "2018-12-31", "reportedCurrency": "USD", "grossProfit": "1783300000", "totalRevenue": "3307000000", "costOfRevenue": "1523700000", "costofGoodsAndServicesSold": "1440400000", "operatingIncome": "448000000", "sellingGeneralAndAdministrative": "1213300000", "researchAndDevelopment": "None", "operatingExpenses": "1578300000", "investmentIncomeNet": "None", "netInterestIncome": "-103500000", "interestIncome": "-103500000", "interestExpense": "103500000", "nonInterestIncome": "3410500000", "otherNonOperatingIncome": "25900000", "depreciation": "None", "depreciationAndAmortization": "310400000", "incomeBeforeTax": "363900000", "incomeTaxExpense": "53400000", "interestAndDebtExpense": "103500000", "netIncomeFromContinuingOperations": "306300000", "comprehensiveIncomeNetOfTax": "91300000", "ebit": "467400000", "ebitda": "777800000", "netIncome": "310500000"}, {"fiscalDateEnding": "2017-12-31", "reportedCurrency": "USD", "grossProfit": "731300000", "totalRevenue": "3268900000", "costOfRevenue": "2537600000", "costofGoodsAndServicesSold": "1210700000", "operatingIncome": "831700000", "sellingGeneralAndAdministrative": "1032000000", "researchAndDevelopment": "None", "operatingExpenses": "1371900000", "investmentIncomeNet": "None", "netInterestIncome": "-92800000", "interestIncome": "-92800000", "interestExpense": "92800000", "nonInterestIncome": "-500000", "otherNonOperatingIncome": "7700000", "depreciation": "None", "depreciationAndAmortization": "287800000", "incomeBeforeTax": "735900000", "incomeTaxExpense": "148600000", "interestAndDebtExpense": "92800000", "netIncomeFromContinuingOperations": "598000000", "comprehensiveIncomeNetOfTax": "757500000", "ebit": "828700000", "ebitda": "1116500000", "netIncome": "587300000"}, {"fiscalDateEnding": "2016-12-31", "reportedCurrency": "USD", "grossProfit": "717000000", "totalRevenue": "3044000000", "costOfRevenue": "2327000000", "costofGoodsAndServicesSold": "1113400000", "operatingIncome": "825100000", "sellingGeneralAndAdministrative": "941000000", "researchAndDevelopment": "None", "operatingExpenses": "1260800000", "investmentIncomeNet": "None", "netInterestIncome": "-92100000", "interestIncome": "-92100000", "interestExpense": "92100000", "nonInterestIncome": "-8800000", "otherNonOperatingIncome": "-4800000", "depreciation": "None", "depreciationAndAmortization": "265400000", "incomeBeforeTax": "721900000", "incomeTaxExpense": "233100000", "interestAndDebtExpense": "92100000", "netIncomeFromContinuingOperations": "495100000", "comprehensiveIncomeNetOfTax": "441700000", "ebit": "814000000", "ebitda": "1079400000", "netIncome": "488800000"}], "quarterlyReports": [{"fiscalDateEnding": "2021-09-30", "reportedCurrency": "USD", "grossProfit": "238200000", "totalRevenue": "1187900000", "costOfRevenue": "949700000", "costofGoodsAndServicesSold": "489000000", "operatingIncome": "273200000", "sellingGeneralAndAdministrative": "344200000", "researchAndDevelopment": "None", "operatingExpenses": "461900000", "investmentIncomeNet": "None", "netInterestIncome": "-35000000", "interestIncome": "-35000000", "interestExpense": "35000000", "nonInterestIncome": "1222900000", "otherNonOperatingIncome": "27200000", "depreciation": "None", "depreciationAndAmortization": "116500000", "incomeBeforeTax": "264200000", "incomeTaxExpense": "58800000", "interestAndDebtExpense": "35000000", "netIncomeFromContinuingOperations": "206600000", "comprehensiveIncomeNetOfTax": "105300000", "ebit": "299200000", "ebitda": "415700000", "netIncome": "205400000"}, {"fiscalDateEnding": "2021-06-30", "reportedCurrency": "USD", "grossProfit": "271100000", "totalRevenue": "1199900000", "costOfRevenue": "928800000", "costofGoodsAndServicesSold": "483000000", "operatingIncome": "306000000", "sellingGeneralAndAdministrative": "328400000", "researchAndDevelopment": "None", "operatingExpenses": "446100000", "investmentIncomeNet": "None", "netInterestIncome": "-34900000", "interestIncome": "-34900000", "interestExpense": "34900000", "nonInterestIncome": "1234800000", "otherNonOperatingIncome": "6000000", "depreciation": "None", "depreciationAndAmortization": "117400000", "incomeBeforeTax": "276300000", "incomeTaxExpense": "61200000", "interestAndDebtExpense": "34900000", "netIncomeFromContinuingOperations": "215900000", "comprehensiveIncomeNetOfTax": "219200000", "ebit": "311200000", "ebitda": "428600000", "netIncome": "215100000"}, {"fiscalDateEnding": "2021-03-31", "reportedCurrency": "USD", "grossProfit": "269600000", "totalRevenue": "1176000000", "costOfRevenue": "906400000", "costofGoodsAndServicesSold": "483300000", "operatingIncome": "306600000", "sellingGeneralAndAdministrative": "308800000", "researchAndDevelopment": "None", "operatingExpenses": "422600000", "investmentIncomeNet": "None", "netInterestIncome": "-37200000", "interestIncome": "-37200000", "interestExpense": "37200000", "nonInterestIncome": "1213200000", "otherNonOperatingIncome": "-900000", "depreciation": "None", "depreciationAndAmortization": "114300000", "incomeBeforeTax": "267200000", "incomeTaxExpense": "65600000", "interestAndDebtExpense": "37200000", "netIncomeFromContinuingOperations": "202900000", "comprehensiveIncomeNetOfTax": "212700000", "ebit": "304400000", "ebitda": "418700000", "netIncome": "201600000"}, {"fiscalDateEnding": "2020-12-31", "reportedCurrency": "USD", "grossProfit": "1118500000", "totalRevenue": "1118500000", "costOfRevenue": "949000000", "costofGoodsAndServicesSold": "480900000", "operatingIncome": "169500000", "sellingGeneralAndAdministrative": "366600000", "researchAndDevelopment": "None", "operatingExpenses": "517300000", "investmentIncomeNet": "None", "netInterestIncome": "-36900000", "interestIncome": "-36900000", "interestExpense": "36900000", "nonInterestIncome": "1118500000", "otherNonOperatingIncome": "-20900000", "depreciation": "None", "depreciationAndAmortization": "101500000", "incomeBeforeTax": "95500000", "incomeTaxExpense": "21000000", "interestAndDebtExpense": "36900000", "netIncomeFromContinuingOperations": "169500000", "comprehensiveIncomeNetOfTax": "77700000", "ebit": "132400000", "ebitda": "233900000", "netIncome": "74500000"}, {"fiscalDateEnding": "2020-09-30", "reportedCurrency": "USD", "grossProfit": "167000000", "totalRevenue": "1030900000", "costOfRevenue": "863900000", "costofGoodsAndServicesSold": "433200000", "operatingIncome": "204400000", "sellingGeneralAndAdministrative": "330000000", "researchAndDevelopment": "None", "operatingExpenses": "430900000", "investmentIncomeNet": "None", "netInterestIncome": "-37400000", "interestIncome": "-37400000", "interestExpense": "37400000", "nonInterestIncome": "1068300000", "otherNonOperatingIncome": "139100000", "depreciation": "None", "depreciationAndAmortization": "100700000", "incomeBeforeTax": "303900000", "incomeTaxExpense": "76800000", "interestAndDebtExpense": "37400000", "netIncomeFromContinuingOperations": "225000000", "comprehensiveIncomeNetOfTax": "277600000", "ebit": "341300000", "ebitda": "442000000", "netIncome": "228500000"}, {"fiscalDateEnding": "2020-06-30", "reportedCurrency": "USD", "grossProfit": "130200000", "totalRevenue": "946200000", "costOfRevenue": "816000000", "costofGoodsAndServicesSold": "409300000", "operatingIncome": "166800000", "sellingGeneralAndAdministrative": "309900000", "researchAndDevelopment": "None", "operatingExpenses": "411100000", "investmentIncomeNet": "None", "netInterestIncome": "-36600000", "interestIncome": "-36600000", "interestExpense": "36600000", "nonInterestIncome": "982800000", "otherNonOperatingIncome": "-1800000", "depreciation": "None", "depreciationAndAmortization": "96800000", "incomeBeforeTax": "126800000", "incomeTaxExpense": "28000000", "interestAndDebtExpense": "36600000", "netIncomeFromContinuingOperations": "96100000", "comprehensiveIncomeNetOfTax": "333600000", "ebit": "163400000", "ebitda": "260200000", "netIncome": "100200000"}, {"fiscalDateEnding": "2020-03-31", "reportedCurrency": "USD", "grossProfit": "105200000", "totalRevenue": "927200000", "costOfRevenue": "822000000", "costofGoodsAndServicesSold": "414100000", "operatingIncome": "135900000", "sellingGeneralAndAdministrative": "316000000", "researchAndDevelopment": "None", "operatingExpenses": "410400000", "investmentIncomeNet": "None", "netInterestIncome": "-30700000", "interestIncome": "-30700000", "interestExpense": "30700000", "nonInterestIncome": "957900000", "otherNonOperatingIncome": "51100000", "depreciation": "None", "depreciationAndAmortization": "91900000", "incomeBeforeTax": "154400000", "incomeTaxExpense": "37500000", "interestAndDebtExpense": "30700000", "netIncomeFromContinuingOperations": "114500000", "comprehensiveIncomeNetOfTax": "-176900000", "ebit": "185100000", "ebitda": "277000000", "netIncome": "116900000"}, {"fiscalDateEnding": "2019-12-31", "reportedCurrency": "USD", "grossProfit": "905800000", "totalRevenue": "905800000", "costOfRevenue": "858700000", "costofGoodsAndServicesSold": "382800000", "operatingIncome": "47000000", "sellingGeneralAndAdministrative": "389000000", "researchAndDevelopment": "None", "operatingExpenses": "533300000", "investmentIncomeNet": "None", "netInterestIncome": "-29400000", "interestIncome": "-29400000", "interestExpense": "29400000", "nonInterestIncome": "905800000", "otherNonOperatingIncome": "25400000", "depreciation": "None", "depreciationAndAmortization": "86900000", "incomeBeforeTax": "33400000", "incomeTaxExpense": "17600000", "interestAndDebtExpense": "29400000", "netIncomeFromContinuingOperations": "47000000", "comprehensiveIncomeNetOfTax": "10800000", "ebit": "62800000", "ebitda": "149700000", "netIncome": "15800000"}, {"fiscalDateEnding": "2019-09-30", "reportedCurrency": "USD", "grossProfit": "93600000", "totalRevenue": "847700000", "costOfRevenue": "754100000", "costofGoodsAndServicesSold": "374500000", "operatingIncome": "121600000", "sellingGeneralAndAdministrative": "295500000", "researchAndDevelopment": "None", "operatingExpenses": "379600000", "investmentIncomeNet": "None", "netInterestIncome": "-28000000", "interestIncome": "-28000000", "interestExpense": "28000000", "nonInterestIncome": "875700000", "otherNonOperatingIncome": "2900000", "depreciation": "None", "depreciationAndAmortization": "84100000", "incomeBeforeTax": "97800000", "incomeTaxExpense": "14000000", "interestAndDebtExpense": "28000000", "netIncomeFromContinuingOperations": "82500000", "comprehensiveIncomeNetOfTax": "2200000", "ebit": "125800000", "ebitda": "209900000", "netIncome": "83800000"}, {"fiscalDateEnding": "2019-06-30", "reportedCurrency": "USD", "grossProfit": "86200000", "totalRevenue": "852400000", "costOfRevenue": "766200000", "costofGoodsAndServicesSold": "376900000", "operatingIncome": "113800000", "sellingGeneralAndAdministrative": "306800000", "researchAndDevelopment": "None", "operatingExpenses": "389300000", "investmentIncomeNet": "None", "netInterestIncome": "-27600000", "interestIncome": "-27600000", "interestExpense": "27600000", "nonInterestIncome": "880000000", "otherNonOperatingIncome": "2800000", "depreciation": "None", "depreciationAndAmortization": "82500000", "incomeBeforeTax": "90200000", "incomeTaxExpense": "20700000", "interestAndDebtExpense": "27600000", "netIncomeFromContinuingOperations": "68300000", "comprehensiveIncomeNetOfTax": "11700000", "ebit": "117800000", "ebitda": "200300000", "netIncome": "69500000"}, {"fiscalDateEnding": "2019-03-31", "reportedCurrency": "USD", "grossProfit": "-257100000", "totalRevenue": "819400000", "costOfRevenue": "1076500000", "costofGoodsAndServicesSold": "387500000", "operatingIncome": "-617900000", "sellingGeneralAndAdministrative": "998900000", "researchAndDevelopment": "None", "operatingExpenses": "1076500000", "investmentIncomeNet": "None", "netInterestIncome": "-26700000", "interestIncome": "None", "interestExpense": "26700000", "nonInterestIncome": "846100000", "otherNonOperatingIncome": "2100000", "depreciation": "None", "depreciationAndAmortization": "77600000", "incomeBeforeTax": "-641300000", "incomeTaxExpense": "-88100000", "interestAndDebtExpense": "26700000", "netIncomeFromContinuingOperations": "-554400000", "comprehensiveIncomeNetOfTax": "-514700000", "ebit": "-614600000", "ebitda": "-537000000", "netIncome": "-553200000"}, {"fiscalDateEnding": "2018-12-31", "reportedCurrency": "USD", "grossProfit": "789200000", "totalRevenue": "835300000", "costOfRevenue": "46100000", "costofGoodsAndServicesSold": "372200000", "operatingIncome": "46100000", "sellingGeneralAndAdministrative": "337900000", "researchAndDevelopment": "None", "operatingExpenses": "46100000", "investmentIncomeNet": "None", "netInterestIncome": "-26500000", "interestIncome": "None", "interestExpense": "26500000", "nonInterestIncome": "835300000", "otherNonOperatingIncome": "19500000", "depreciation": "None", "depreciationAndAmortization": "79100000", "incomeBeforeTax": "27300000", "incomeTaxExpense": "1700000", "interestAndDebtExpense": "26500000", "netIncomeFromContinuingOperations": "46100000", "comprehensiveIncomeNetOfTax": "26700000", "ebit": "53800000", "ebitda": "132900000", "netIncome": "25600000"}, {"fiscalDateEnding": "2018-09-30", "reportedCurrency": "USD", "grossProfit": "414100000", "totalRevenue": "807500000", "costOfRevenue": "393400000", "costofGoodsAndServicesSold": "376700000", "operatingIncome": "64100000", "sellingGeneralAndAdministrative": "317500000", "researchAndDevelopment": "None", "operatingExpenses": "393400000", "investmentIncomeNet": "None", "netInterestIncome": "-26700000", "interestIncome": "None", "interestExpense": "26700000", "nonInterestIncome": "834200000", "otherNonOperatingIncome": "1300000", "depreciation": "None", "depreciationAndAmortization": "75900000", "incomeBeforeTax": "37500000", "incomeTaxExpense": "-900000", "interestAndDebtExpense": "26700000", "netIncomeFromContinuingOperations": "39600000", "comprehensiveIncomeNetOfTax": "-1600000", "ebit": "64200000", "ebitda": "140100000", "netIncome": "38400000"}, {"fiscalDateEnding": "2018-06-30", "reportedCurrency": "USD", "grossProfit": "515800000", "totalRevenue": "850500000", "costOfRevenue": "334700000", "costofGoodsAndServicesSold": "348600000", "operatingIncome": "193600000", "sellingGeneralAndAdministrative": "257500000", "researchAndDevelopment": "None", "operatingExpenses": "334700000", "investmentIncomeNet": "None", "netInterestIncome": "-26400000", "interestIncome": "None", "interestExpense": "26400000", "nonInterestIncome": "876900000", "otherNonOperatingIncome": "2200000", "depreciation": "None", "depreciationAndAmortization": "77200000", "incomeBeforeTax": "168100000", "incomeTaxExpense": "23300000", "interestAndDebtExpense": "26400000", "netIncomeFromContinuingOperations": "146100000", "comprehensiveIncomeNetOfTax": "-5200000", "ebit": "194500000", "ebitda": "271700000", "netIncome": "144800000"}, {"fiscalDateEnding": "2018-03-31", "reportedCurrency": "USD", "grossProfit": "120300000", "totalRevenue": "841800000", "costOfRevenue": "721500000", "costofGoodsAndServicesSold": "342800000", "operatingIncome": "144200000", "sellingGeneralAndAdministrative": "300500000", "researchAndDevelopment": "None", "operatingExpenses": "378700000", "investmentIncomeNet": "None", "netInterestIncome": "-23900000", "interestIncome": "None", "interestExpense": "23900000", "nonInterestIncome": "865700000", "otherNonOperatingIncome": "2900000", "depreciation": "None", "depreciationAndAmortization": "78200000", "incomeBeforeTax": "120300000", "incomeTaxExpense": "29400000", "interestAndDebtExpense": "23900000", "netIncomeFromContinuingOperations": "93800000", "comprehensiveIncomeNetOfTax": "137800000", "ebit": "144200000", "ebitda": "222400000", "netIncome": "90900000"}, {"fiscalDateEnding": "2017-12-31", "reportedCurrency": "USD", "grossProfit": "838500000", "totalRevenue": "838500000", "costOfRevenue": "647600000", "costofGoodsAndServicesSold": "318800000", "operatingIncome": "192600000", "sellingGeneralAndAdministrative": "253400000", "researchAndDevelopment": "None", "operatingExpenses": "373800000", "investmentIncomeNet": "None", "netInterestIncome": "-22700000", "interestIncome": "None", "interestExpense": "22700000", "nonInterestIncome": "838500000", "otherNonOperatingIncome": "2400000", "depreciation": "None", "depreciationAndAmortization": "73600000", "incomeBeforeTax": "170100000", "incomeTaxExpense": "-2200000", "interestAndDebtExpense": "22700000", "netIncomeFromContinuingOperations": "190900000", "comprehensiveIncomeNetOfTax": "174400000", "ebit": "192800000", "ebitda": "266400000", "netIncome": "172300000"}, {"fiscalDateEnding": "2017-09-30", "reportedCurrency": "USD", "grossProfit": "131500000", "totalRevenue": "813400000", "costOfRevenue": "681900000", "costofGoodsAndServicesSold": "297300000", "operatingIncome": "154700000", "sellingGeneralAndAdministrative": "310400000", "researchAndDevelopment": "None", "operatingExpenses": "384600000", "investmentIncomeNet": "None", "netInterestIncome": "-21400000", "interestIncome": "None", "interestExpense": "21400000", "nonInterestIncome": "834800000", "otherNonOperatingIncome": "2700000", "depreciation": "None", "depreciationAndAmortization": "72400000", "incomeBeforeTax": "131800000", "incomeTaxExpense": "35500000", "interestAndDebtExpense": "21400000", "netIncomeFromContinuingOperations": "100500000", "comprehensiveIncomeNetOfTax": "191200000", "ebit": "153200000", "ebitda": "225600000", "netIncome": "96300000"}, {"fiscalDateEnding": "2017-06-30", "reportedCurrency": "USD", "grossProfit": "239500000", "totalRevenue": "832100000", "costOfRevenue": "592600000", "costofGoodsAndServicesSold": "293700000", "operatingIncome": "265900000", "sellingGeneralAndAdministrative": "226600000", "researchAndDevelopment": "None", "operatingExpenses": "298900000", "investmentIncomeNet": "None", "netInterestIncome": "-24600000", "interestIncome": "None", "interestExpense": "24600000", "nonInterestIncome": "856700000", "otherNonOperatingIncome": "1300000", "depreciation": "None", "depreciationAndAmortization": "70500000", "incomeBeforeTax": "240400000", "incomeTaxExpense": "75000000", "interestAndDebtExpense": "24600000", "netIncomeFromContinuingOperations": "167600000", "comprehensiveIncomeNetOfTax": "175000000", "ebit": "265000000", "ebitda": "335500000", "netIncome": "165400000"}, {"fiscalDateEnding": "2017-03-31", "reportedCurrency": "USD", "grossProfit": "192600000", "totalRevenue": "808000000", "costOfRevenue": "615400000", "costofGoodsAndServicesSold": "300800000", "operatingIncome": "218600000", "sellingGeneralAndAdministrative": "241500000", "researchAndDevelopment": "None", "operatingExpenses": "314600000", "investmentIncomeNet": "None", "netInterestIncome": "-24200000", "interestIncome": "None", "interestExpense": "24200000", "nonInterestIncome": "832200000", "otherNonOperatingIncome": "1300000", "depreciation": "None", "depreciationAndAmortization": "71300000", "incomeBeforeTax": "193600000", "incomeTaxExpense": "40300000", "interestAndDebtExpense": "24200000", "netIncomeFromContinuingOperations": "155400000", "comprehensiveIncomeNetOfTax": "269200000", "ebit": "217800000", "ebitda": "289100000", "netIncome": "153300000"}, {"fiscalDateEnding": "2016-12-31", "reportedCurrency": "USD", "grossProfit": "801100000", "totalRevenue": "801100000", "costOfRevenue": "597200000", "costofGoodsAndServicesSold": "286300000", "operatingIncome": "203900000", "sellingGeneralAndAdministrative": "232800000", "researchAndDevelopment": "None", "operatingExpenses": "358100000", "investmentIncomeNet": "None", "netInterestIncome": "-24100000", "interestIncome": "None", "interestExpense": "24100000", "nonInterestIncome": "None", "otherNonOperatingIncome": "-4400000", "depreciation": "None", "depreciationAndAmortization": "70900000", "incomeBeforeTax": "180800000", "incomeTaxExpense": "57800000", "interestAndDebtExpense": "24100000", "netIncomeFromContinuingOperations": "203900000", "comprehensiveIncomeNetOfTax": "124800000", "ebit": "204900000", "ebitda": "275800000", "netIncome": "123000000"}]}