{"symbol": "EMN", "annualReports": [{"fiscalDateEnding": "2020-12-31", "reportedCurrency": "USD", "grossProfit": "1975000000", "totalRevenue": "8473000000", "costOfRevenue": "6498000000", "costofGoodsAndServicesSold": "6498000000", "operatingIncome": "294000000", "sellingGeneralAndAdministrative": "654000000", "researchAndDevelopment": "226000000", "operatingExpenses": "1681000000", "investmentIncomeNet": "None", "netInterestIncome": "-210000000", "interestIncome": "-206000000", "interestExpense": "4000000", "nonInterestIncome": "-17000000", "otherNonOperatingIncome": "-7000000", "depreciation": "445000000", "depreciationAndAmortization": "574000000", "incomeBeforeTax": "519000000", "incomeTaxExpense": "41000000", "interestAndDebtExpense": "5000000", "netIncomeFromContinuingOperations": "489000000", "comprehensiveIncomeNetOfTax": "419000000", "ebit": "523000000", "ebitda": "1097000000", "netIncome": "478000000"}, {"fiscalDateEnding": "2019-12-31", "reportedCurrency": "USD", "grossProfit": "2234000000", "totalRevenue": "9273000000", "costOfRevenue": "7039000000", "costofGoodsAndServicesSold": "7039000000", "operatingIncome": "572000000", "sellingGeneralAndAdministrative": "691000000", "researchAndDevelopment": "234000000", "operatingExpenses": "1662000000", "investmentIncomeNet": "None", "netInterestIncome": "-218000000", "interestIncome": "-214000000", "interestExpense": "4000000", "nonInterestIncome": "-9000000", "otherNonOperatingIncome": "-4000000", "depreciation": "450000000", "depreciationAndAmortization": "611000000", "incomeBeforeTax": "899000000", "incomeTaxExpense": "140000000", "interestAndDebtExpense": "4000000", "netIncomeFromContinuingOperations": "762000000", "comprehensiveIncomeNetOfTax": "770000000", "ebit": "903000000", "ebitda": "1514000000", "netIncome": "759000000"}, {"fiscalDateEnding": "2018-12-31", "reportedCurrency": "USD", "grossProfit": "2479000000", "totalRevenue": "10151000000", "costOfRevenue": "7672000000", "costofGoodsAndServicesSold": "7672000000", "operatingIncome": "874000000", "sellingGeneralAndAdministrative": "721000000", "researchAndDevelopment": "235000000", "operatingExpenses": "1605000000", "investmentIncomeNet": "None", "netInterestIncome": "-235000000", "interestIncome": "-231000000", "interestExpense": "4000000", "nonInterestIncome": "-15000000", "otherNonOperatingIncome": "-4000000", "depreciation": "437000000", "depreciationAndAmortization": "604000000", "incomeBeforeTax": "1306000000", "incomeTaxExpense": "226000000", "interestAndDebtExpense": "11000000", "netIncomeFromContinuingOperations": "1084000000", "comprehensiveIncomeNetOfTax": "1044000000", "ebit": "1310000000", "ebitda": "1914000000", "netIncome": "1080000000"}, {"fiscalDateEnding": "2017-12-31", "reportedCurrency": "USD", "grossProfit": "2363000000", "totalRevenue": "9549000000", "costOfRevenue": "7186000000", "costofGoodsAndServicesSold": "7186000000", "operatingIncome": "1532000000", "sellingGeneralAndAdministrative": "729000000", "researchAndDevelopment": "227000000", "operatingExpenses": "1509000000", "investmentIncomeNet": "None", "netInterestIncome": "-241000000", "interestIncome": "-233000000", "interestExpense": "8000000", "nonInterestIncome": "1000000", "otherNonOperatingIncome": "-5000000", "depreciation": "420000000", "depreciationAndAmortization": "587000000", "incomeBeforeTax": "1285000000", "incomeTaxExpense": "-99000000", "interestAndDebtExpense": "8000000", "netIncomeFromContinuingOperations": "1384000000", "comprehensiveIncomeNetOfTax": "1456000000", "ebit": "1532000000", "ebitda": "1880000000", "netIncome": "1384000000"}, {"fiscalDateEnding": "2016-12-31", "reportedCurrency": "USD", "grossProfit": "2357000000", "totalRevenue": "9008000000", "costOfRevenue": "6651000000", "costofGoodsAndServicesSold": "6651000000", "operatingIncome": "1383000000", "sellingGeneralAndAdministrative": "707000000", "researchAndDevelopment": "223000000", "operatingExpenses": "1530000000", "investmentIncomeNet": "None", "netInterestIncome": "-255000000", "interestIncome": "-248000000", "interestExpense": "7000000", "nonInterestIncome": "-93000000", "otherNonOperatingIncome": "6000000", "depreciation": "412000000", "depreciationAndAmortization": "580000000", "incomeBeforeTax": "1044000000", "incomeTaxExpense": "190000000", "interestAndDebtExpense": "92000000", "netIncomeFromContinuingOperations": "854000000", "comprehensiveIncomeNetOfTax": "963000000", "ebit": "1383000000", "ebitda": "1631000000", "netIncome": "854000000"}], "quarterlyReports": [{"fiscalDateEnding": "2021-09-30", "reportedCurrency": "USD", "grossProfit": "662000000", "totalRevenue": "2720000000", "costOfRevenue": "2058000000", "costofGoodsAndServicesSold": "2058000000", "operatingIncome": "388000000", "sellingGeneralAndAdministrative": "201000000", "researchAndDevelopment": "66000000", "operatingExpenses": "334000000", "investmentIncomeNet": "None", "netInterestIncome": "-49000000", "interestIncome": "-49000000", "interestExpense": "50000000", "nonInterestIncome": "-60000000", "otherNonOperatingIncome": "-54000000", "depreciation": "None", "depreciationAndAmortization": "127000000", "incomeBeforeTax": "318000000", "incomeTaxExpense": "-33000000", "interestAndDebtExpense": "0", "netIncomeFromContinuingOperations": "354000000", "comprehensiveIncomeNetOfTax": "399000000", "ebit": "388000000", "ebitda": "515000000", "netIncome": "351000000"}, {"fiscalDateEnding": "2021-06-30", "reportedCurrency": "USD", "grossProfit": "681000000", "totalRevenue": "2653000000", "costOfRevenue": "1972000000", "costofGoodsAndServicesSold": "1972000000", "operatingIncome": "401000000", "sellingGeneralAndAdministrative": "202000000", "researchAndDevelopment": "63000000", "operatingExpenses": "775000000", "investmentIncomeNet": "None", "netInterestIncome": "-51000000", "interestIncome": "-51000000", "interestExpense": "51000000", "nonInterestIncome": "-495000000", "otherNonOperatingIncome": "-494000000", "depreciation": "None", "depreciationAndAmortization": "140000000", "incomeBeforeTax": "-109000000", "incomeTaxExpense": "37000000", "interestAndDebtExpense": "None", "netIncomeFromContinuingOperations": "-144000000", "comprehensiveIncomeNetOfTax": "-131000000", "ebit": "401000000", "ebitda": "541000000", "netIncome": "-146000000"}, {"fiscalDateEnding": "2021-03-31", "reportedCurrency": "USD", "grossProfit": "598000000", "totalRevenue": "2409000000", "costOfRevenue": "1811000000", "costofGoodsAndServicesSold": "1811000000", "operatingIncome": "200000000", "sellingGeneralAndAdministrative": "184000000", "researchAndDevelopment": "58000000", "operatingExpenses": "398000000", "investmentIncomeNet": "None", "netInterestIncome": "-50000000", "interestIncome": "1000000", "interestExpense": "51000000", "nonInterestIncome": "0", "otherNonOperatingIncome": "4000000", "depreciation": "None", "depreciationAndAmortization": "149000000", "incomeBeforeTax": "336000000", "incomeTaxExpense": "62000000", "interestAndDebtExpense": "None", "netIncomeFromContinuingOperations": "277000000", "comprehensiveIncomeNetOfTax": "299000000", "ebit": "200000000", "ebitda": "349000000", "netIncome": "274000000"}, {"fiscalDateEnding": "2020-12-31", "reportedCurrency": "USD", "grossProfit": "526000000", "totalRevenue": "2186000000", "costOfRevenue": "1660000000", "costofGoodsAndServicesSold": "1660000000", "operatingIncome": "514000000", "sellingGeneralAndAdministrative": "174000000", "researchAndDevelopment": "57000000", "operatingExpenses": "12000000", "investmentIncomeNet": "None", "netInterestIncome": "-51000000", "interestIncome": "-51000000", "interestExpense": "52000000", "nonInterestIncome": "-16000000", "otherNonOperatingIncome": "1000000", "depreciation": "None", "depreciationAndAmortization": "145000000", "incomeBeforeTax": "23000000", "incomeTaxExpense": "-9000000", "interestAndDebtExpense": "4000000", "netIncomeFromContinuingOperations": "514000000", "comprehensiveIncomeNetOfTax": "2000000", "ebit": "514000000", "ebitda": "659000000", "netIncome": "32000000"}, {"fiscalDateEnding": "2020-09-30", "reportedCurrency": "USD", "grossProfit": "501000000", "totalRevenue": "2122000000", "costOfRevenue": "1621000000", "costofGoodsAndServicesSold": "1621000000", "operatingIncome": "220000000", "sellingGeneralAndAdministrative": "165000000", "researchAndDevelopment": "56000000", "operatingExpenses": "281000000", "investmentIncomeNet": "None", "netInterestIncome": "-52000000", "interestIncome": "-52000000", "interestExpense": "54000000", "nonInterestIncome": "-1000000", "otherNonOperatingIncome": "-7000000", "depreciation": "None", "depreciationAndAmortization": "149000000", "incomeBeforeTax": "186000000", "incomeTaxExpense": "25000000", "interestAndDebtExpense": "1000000", "netIncomeFromContinuingOperations": "165000000", "comprehensiveIncomeNetOfTax": "127000000", "ebit": "220000000", "ebitda": "369000000", "netIncome": "161000000"}, {"fiscalDateEnding": "2020-06-30", "reportedCurrency": "USD", "grossProfit": "371000000", "totalRevenue": "1924000000", "costOfRevenue": "1553000000", "costofGoodsAndServicesSold": "1553000000", "operatingIncome": "23000000", "sellingGeneralAndAdministrative": "155000000", "researchAndDevelopment": "52000000", "operatingExpenses": "348000000", "investmentIncomeNet": "None", "netInterestIncome": "-55000000", "interestIncome": "-55000000", "interestExpense": "55000000", "nonInterestIncome": "0", "otherNonOperatingIncome": "1000000", "depreciation": "None", "depreciationAndAmortization": "141000000", "incomeBeforeTax": "-4000000", "incomeTaxExpense": "-31000000", "interestAndDebtExpense": "None", "netIncomeFromContinuingOperations": "30000000", "comprehensiveIncomeNetOfTax": "15000000", "ebit": "23000000", "ebitda": "164000000", "netIncome": "27000000"}, {"fiscalDateEnding": "2020-03-31", "reportedCurrency": "USD", "grossProfit": "577000000", "totalRevenue": "2241000000", "costOfRevenue": "1664000000", "costofGoodsAndServicesSold": "1664000000", "operatingIncome": "203000000", "sellingGeneralAndAdministrative": "160000000", "researchAndDevelopment": "61000000", "operatingExpenses": "374000000", "investmentIncomeNet": "None", "netInterestIncome": "-52000000", "interestIncome": "1000000", "interestExpense": "53000000", "nonInterestIncome": "0", "otherNonOperatingIncome": "-4000000", "depreciation": "None", "depreciationAndAmortization": "139000000", "incomeBeforeTax": "314000000", "incomeTaxExpense": "56000000", "interestAndDebtExpense": "None", "netIncomeFromContinuingOperations": "260000000", "comprehensiveIncomeNetOfTax": "275000000", "ebit": "203000000", "ebitda": "342000000", "netIncome": "258000000"}, {"fiscalDateEnding": "2019-12-31", "reportedCurrency": "USD", "grossProfit": "497000000", "totalRevenue": "2205000000", "costOfRevenue": "1708000000", "costofGoodsAndServicesSold": "1708000000", "operatingIncome": "423000000", "sellingGeneralAndAdministrative": "176000000", "researchAndDevelopment": "60000000", "operatingExpenses": "74000000", "investmentIncomeNet": "None", "netInterestIncome": "-53000000", "interestIncome": "1000000", "interestExpense": "54000000", "nonInterestIncome": "-3000000", "otherNonOperatingIncome": "-2000000", "depreciation": "None", "depreciationAndAmortization": "149000000", "incomeBeforeTax": "8000000", "incomeTaxExpense": "-18000000", "interestAndDebtExpense": "4000000", "netIncomeFromContinuingOperations": "423000000", "comprehensiveIncomeNetOfTax": "15000000", "ebit": "423000000", "ebitda": "572000000", "netIncome": "26000000"}, {"fiscalDateEnding": "2019-09-30", "reportedCurrency": "USD", "grossProfit": "574000000", "totalRevenue": "2325000000", "costOfRevenue": "1751000000", "costofGoodsAndServicesSold": "1751000000", "operatingIncome": "350000000", "sellingGeneralAndAdministrative": "163000000", "researchAndDevelopment": "59000000", "operatingExpenses": "224000000", "investmentIncomeNet": "None", "netInterestIncome": "-54000000", "interestIncome": "1000000", "interestExpense": "55000000", "nonInterestIncome": "-4000000", "otherNonOperatingIncome": "-1000000", "depreciation": "None", "depreciationAndAmortization": "151000000", "incomeBeforeTax": "312000000", "incomeTaxExpense": "46000000", "interestAndDebtExpense": "0", "netIncomeFromContinuingOperations": "267000000", "comprehensiveIncomeNetOfTax": "298000000", "ebit": "350000000", "ebitda": "501000000", "netIncome": "266000000"}, {"fiscalDateEnding": "2019-06-30", "reportedCurrency": "USD", "grossProfit": "589000000", "totalRevenue": "2363000000", "costOfRevenue": "1774000000", "costofGoodsAndServicesSold": "1774000000", "operatingIncome": "349000000", "sellingGeneralAndAdministrative": "165000000", "researchAndDevelopment": "57000000", "operatingExpenses": "240000000", "investmentIncomeNet": "None", "netInterestIncome": "-55000000", "interestIncome": "-55000000", "interestExpense": "55000000", "nonInterestIncome": "-2000000", "otherNonOperatingIncome": "0", "depreciation": "None", "depreciationAndAmortization": "156000000", "incomeBeforeTax": "315000000", "incomeTaxExpense": "57000000", "interestAndDebtExpense": "None", "netIncomeFromContinuingOperations": "259000000", "comprehensiveIncomeNetOfTax": "217000000", "ebit": "349000000", "ebitda": "505000000", "netIncome": "258000000"}, {"fiscalDateEnding": "2019-03-31", "reportedCurrency": "USD", "grossProfit": "574000000", "totalRevenue": "2380000000", "costOfRevenue": "1806000000", "costofGoodsAndServicesSold": "1806000000", "operatingIncome": "142000000", "sellingGeneralAndAdministrative": "187000000", "researchAndDevelopment": "58000000", "operatingExpenses": "432000000", "investmentIncomeNet": "None", "netInterestIncome": "-56000000", "interestIncome": "-56000000", "interestExpense": "57000000", "nonInterestIncome": "0", "otherNonOperatingIncome": "-1000000", "depreciation": "None", "depreciationAndAmortization": "155000000", "incomeBeforeTax": "264000000", "incomeTaxExpense": "55000000", "interestAndDebtExpense": "None", "netIncomeFromContinuingOperations": "209000000", "comprehensiveIncomeNetOfTax": "240000000", "ebit": "142000000", "ebitda": "297000000", "netIncome": "209000000"}, {"fiscalDateEnding": "2018-12-31", "reportedCurrency": "USD", "grossProfit": "466000000", "totalRevenue": "2376000000", "costOfRevenue": "1910000000", "costofGoodsAndServicesSold": "1910000000", "operatingIncome": "427000000", "sellingGeneralAndAdministrative": "167000000", "researchAndDevelopment": "59000000", "operatingExpenses": "39000000", "investmentIncomeNet": "None", "netInterestIncome": "-57000000", "interestIncome": "None", "interestExpense": "57000000", "nonInterestIncome": "-2000000", "otherNonOperatingIncome": "0", "depreciation": "None", "depreciationAndAmortization": "153000000", "incomeBeforeTax": "70000000", "incomeTaxExpense": "36000000", "interestAndDebtExpense": "None", "netIncomeFromContinuingOperations": "427000000", "comprehensiveIncomeNetOfTax": "-17000000", "ebit": "427000000", "ebitda": "580000000", "netIncome": "34000000"}, {"fiscalDateEnding": "2018-09-30", "reportedCurrency": "USD", "grossProfit": "728000000", "totalRevenue": "2547000000", "costOfRevenue": "1819000000", "costofGoodsAndServicesSold": "1819000000", "operatingIncome": "493000000", "sellingGeneralAndAdministrative": "175000000", "researchAndDevelopment": "60000000", "operatingExpenses": "235000000", "investmentIncomeNet": "None", "netInterestIncome": "-58000000", "interestIncome": "None", "interestExpense": "58000000", "nonInterestIncome": "-6000000", "otherNonOperatingIncome": "-3000000", "depreciation": "None", "depreciationAndAmortization": "151000000", "incomeBeforeTax": "458000000", "incomeTaxExpense": "46000000", "interestAndDebtExpense": "None", "netIncomeFromContinuingOperations": "413000000", "comprehensiveIncomeNetOfTax": "411000000", "ebit": "493000000", "ebitda": "644000000", "netIncome": "412000000"}, {"fiscalDateEnding": "2018-06-30", "reportedCurrency": "USD", "grossProfit": "704000000", "totalRevenue": "2621000000", "costOfRevenue": "1917000000", "costofGoodsAndServicesSold": "1917000000", "operatingIncome": "451000000", "sellingGeneralAndAdministrative": "189000000", "researchAndDevelopment": "60000000", "operatingExpenses": "253000000", "investmentIncomeNet": "None", "netInterestIncome": "-61000000", "interestIncome": "None", "interestExpense": "63000000", "nonInterestIncome": "-7000000", "otherNonOperatingIncome": "0", "depreciation": "None", "depreciationAndAmortization": "148000000", "incomeBeforeTax": "428000000", "incomeTaxExpense": "84000000", "interestAndDebtExpense": "None", "netIncomeFromContinuingOperations": "346000000", "comprehensiveIncomeNetOfTax": "363000000", "ebit": "451000000", "ebitda": "599000000", "netIncome": "344000000"}, {"fiscalDateEnding": "2018-03-31", "reportedCurrency": "USD", "grossProfit": "581000000", "totalRevenue": "2607000000", "costOfRevenue": "2026000000", "costofGoodsAndServicesSold": "2026000000", "operatingIncome": "181000000", "sellingGeneralAndAdministrative": "190000000", "researchAndDevelopment": "56000000", "operatingExpenses": "400000000", "investmentIncomeNet": "None", "netInterestIncome": "-59000000", "interestIncome": "None", "interestExpense": "60000000", "nonInterestIncome": "0", "otherNonOperatingIncome": "-1000000", "depreciation": "None", "depreciationAndAmortization": "152000000", "incomeBeforeTax": "350000000", "incomeTaxExpense": "60000000", "interestAndDebtExpense": "None", "netIncomeFromContinuingOperations": "290000000", "comprehensiveIncomeNetOfTax": "287000000", "ebit": "181000000", "ebitda": "333000000", "netIncome": "290000000"}, {"fiscalDateEnding": "2017-12-31", "reportedCurrency": "USD", "grossProfit": "457000000", "totalRevenue": "2362000000", "costOfRevenue": "1905000000", "costofGoodsAndServicesSold": "1905000000", "operatingIncome": "255000000", "sellingGeneralAndAdministrative": "189000000", "researchAndDevelopment": "53000000", "operatingExpenses": "8000000", "investmentIncomeNet": "None", "netInterestIncome": "-59000000", "interestIncome": "None", "interestExpense": "40000000", "nonInterestIncome": "-2000000", "otherNonOperatingIncome": "-2000000", "depreciation": "None", "depreciationAndAmortization": "147000000", "incomeBeforeTax": "186000000", "incomeTaxExpense": "-305000000", "interestAndDebtExpense": "8000000", "netIncomeFromContinuingOperations": "491000000", "comprehensiveIncomeNetOfTax": "520000000", "ebit": "255000000", "ebitda": "402000000", "netIncome": "491000000"}, {"fiscalDateEnding": "2017-09-30", "reportedCurrency": "USD", "grossProfit": "671000000", "totalRevenue": "2465000000", "costOfRevenue": "1794000000", "costofGoodsAndServicesSold": "1794000000", "operatingIncome": "460000000", "sellingGeneralAndAdministrative": "180000000", "researchAndDevelopment": "59000000", "operatingExpenses": "231000000", "investmentIncomeNet": "None", "netInterestIncome": "-61000000", "interestIncome": "None", "interestExpense": "69000000", "nonInterestIncome": "0", "otherNonOperatingIncome": "-2000000", "depreciation": "None", "depreciationAndAmortization": "148000000", "incomeBeforeTax": "402000000", "incomeTaxExpense": "79000000", "interestAndDebtExpense": "0", "netIncomeFromContinuingOperations": "323000000", "comprehensiveIncomeNetOfTax": "371000000", "ebit": "460000000", "ebitda": "608000000", "netIncome": "323000000"}, {"fiscalDateEnding": "2017-06-30", "reportedCurrency": "USD", "grossProfit": "630000000", "totalRevenue": "2419000000", "costOfRevenue": "1789000000", "costofGoodsAndServicesSold": "1789000000", "operatingIncome": "420000000", "sellingGeneralAndAdministrative": "181000000", "researchAndDevelopment": "58000000", "operatingExpenses": "231000000", "investmentIncomeNet": "None", "netInterestIncome": "-61000000", "interestIncome": "None", "interestExpense": "69000000", "nonInterestIncome": "0", "otherNonOperatingIncome": "-1000000", "depreciation": "None", "depreciationAndAmortization": "147000000", "incomeBeforeTax": "357000000", "incomeTaxExpense": "65000000", "interestAndDebtExpense": "0", "netIncomeFromContinuingOperations": "292000000", "comprehensiveIncomeNetOfTax": "312000000", "ebit": "420000000", "ebitda": "567000000", "netIncome": "292000000"}, {"fiscalDateEnding": "2017-03-31", "reportedCurrency": "USD", "grossProfit": "605000000", "totalRevenue": "2303000000", "costOfRevenue": "1698000000", "costofGoodsAndServicesSold": "1698000000", "operatingIncome": "397000000", "sellingGeneralAndAdministrative": "179000000", "researchAndDevelopment": "57000000", "operatingExpenses": "373000000", "investmentIncomeNet": "None", "netInterestIncome": "-60000000", "interestIncome": "None", "interestExpense": "66000000", "nonInterestIncome": "1000000", "otherNonOperatingIncome": "0", "depreciation": "None", "depreciationAndAmortization": "145000000", "incomeBeforeTax": "340000000", "incomeTaxExpense": "62000000", "interestAndDebtExpense": "0", "netIncomeFromContinuingOperations": "278000000", "comprehensiveIncomeNetOfTax": "253000000", "ebit": "397000000", "ebitda": "542000000", "netIncome": "278000000"}, {"fiscalDateEnding": "2016-12-31", "reportedCurrency": "USD", "grossProfit": "490000000", "totalRevenue": "2188000000", "costOfRevenue": "1698000000", "costofGoodsAndServicesSold": "1691000000", "operatingIncome": "252000000", "sellingGeneralAndAdministrative": "169000000", "researchAndDevelopment": "60000000", "operatingExpenses": "17000000", "investmentIncomeNet": "None", "netInterestIncome": "-64000000", "interestIncome": "None", "interestExpense": "69000000", "nonInterestIncome": "-89000000", "otherNonOperatingIncome": "1000000", "depreciation": "None", "depreciationAndAmortization": "144000000", "incomeBeforeTax": "111000000", "incomeTaxExpense": "-5000000", "interestAndDebtExpense": "83000000", "netIncomeFromContinuingOperations": "116000000", "comprehensiveIncomeNetOfTax": "183000000", "ebit": "252000000", "ebitda": "396000000", "netIncome": "116000000"}]}