{"symbol": "EMR", "annualReports": [{"fiscalDateEnding": "2021-09-30", "reportedCurrency": "USD", "grossProfit": "7563000000", "totalRevenue": "18267000000", "costOfRevenue": "15472000000", "costofGoodsAndServicesSold": "10673000000", "operatingIncome": "2279000000", "sellingGeneralAndAdministrative": "4179000000", "researchAndDevelopment": "485000000", "operatingExpenses": "5284000000", "investmentIncomeNet": "12000000", "netInterestIncome": "-154000000", "interestIncome": "-154000000", "interestExpense": "166000000", "nonInterestIncome": "18267000000", "otherNonOperatingIncome": "132000000", "depreciation": "499000000", "depreciationAndAmortization": "470000000", "incomeBeforeTax": "2888000000", "incomeTaxExpense": "585000000", "interestAndDebtExpense": "None", "netIncomeFromContinuingOperations": "2327000000", "comprehensiveIncomeNetOfTax": "3008000000", "ebit": "2279000000", "ebitda": "2749000000", "netIncome": "2303000000"}, {"fiscalDateEnding": "2020-09-30", "reportedCurrency": "USD", "grossProfit": "7009000000", "totalRevenue": "16785000000", "costOfRevenue": "14415000000", "costofGoodsAndServicesSold": "9776000000", "operatingIncome": "1931000000", "sellingGeneralAndAdministrative": "3986000000", "researchAndDevelopment": "439000000", "operatingExpenses": "5078000000", "investmentIncomeNet": "19000000", "netInterestIncome": "-156000000", "interestIncome": "-156000000", "interestExpense": "175000000", "nonInterestIncome": "16785000000", "otherNonOperatingIncome": "-9000000", "depreciation": "485000000", "depreciationAndAmortization": "369000000", "incomeBeforeTax": "2310000000", "incomeTaxExpense": "345000000", "interestAndDebtExpense": "None", "netIncomeFromContinuingOperations": "1990000000", "comprehensiveIncomeNetOfTax": "2110000000", "ebit": "1931000000", "ebitda": "2300000000", "netIncome": "1965000000"}, {"fiscalDateEnding": "2019-09-30", "reportedCurrency": "USD", "grossProfit": "7815000000", "totalRevenue": "18372000000", "costOfRevenue": "15468000000", "costofGoodsAndServicesSold": "10557000000", "operatingIncome": "2450000000", "sellingGeneralAndAdministrative": "4457000000", "researchAndDevelopment": "454000000", "operatingExpenses": "5365000000", "investmentIncomeNet": "27000000", "netInterestIncome": "-174000000", "interestIncome": "27000000", "interestExpense": "201000000", "nonInterestIncome": "18372000000", "otherNonOperatingIncome": "8000000", "depreciation": "463000000", "depreciationAndAmortization": "359000000", "incomeBeforeTax": "2837000000", "incomeTaxExpense": "531000000", "interestAndDebtExpense": "None", "netIncomeFromContinuingOperations": "2306000000", "comprehensiveIncomeNetOfTax": "1599000000", "ebit": "2450000000", "ebitda": "2809000000", "netIncome": "2306000000"}, {"fiscalDateEnding": "2018-09-30", "reportedCurrency": "USD", "grossProfit": "7432000000", "totalRevenue": "17408000000", "costOfRevenue": "14585000000", "costofGoodsAndServicesSold": "9976000000", "operatingIncome": "2387000000", "sellingGeneralAndAdministrative": "4269000000", "researchAndDevelopment": "436000000", "operatingExpenses": "5073000000", "investmentIncomeNet": "43000000", "netInterestIncome": "-159000000", "interestIncome": "43000000", "interestExpense": "202000000", "nonInterestIncome": "17408000000", "otherNonOperatingIncome": "-61000000", "depreciation": "444000000", "depreciationAndAmortization": "314000000", "incomeBeforeTax": "2646000000", "incomeTaxExpense": "443000000", "interestAndDebtExpense": "None", "netIncomeFromContinuingOperations": "2203000000", "comprehensiveIncomeNetOfTax": "2207000000", "ebit": "2387000000", "ebitda": "2701000000", "netIncome": "2203000000"}, {"fiscalDateEnding": "2017-09-30", "reportedCurrency": "USD", "grossProfit": "6404000000", "totalRevenue": "15264000000", "costOfRevenue": "12778000000", "costofGoodsAndServicesSold": "8833000000", "operatingIncome": "2146000000", "sellingGeneralAndAdministrative": "3607000000", "researchAndDevelopment": "340000000", "operatingExpenses": "4258000000", "investmentIncomeNet": "36000000", "netInterestIncome": "-165000000", "interestIncome": "36000000", "interestExpense": "201000000", "nonInterestIncome": "0", "otherNonOperatingIncome": "-110000000", "depreciation": "414000000", "depreciationAndAmortization": "222000000", "incomeBeforeTax": "2178000000", "incomeTaxExpense": "660000000", "interestAndDebtExpense": "None", "netIncomeFromContinuingOperations": "1643000000", "comprehensiveIncomeNetOfTax": "2498000000", "ebit": "2146000000", "ebitda": "2368000000", "netIncome": "1518000000"}], "quarterlyReports": [{"fiscalDateEnding": "2021-09-30", "reportedCurrency": "USD", "grossProfit": "1996000000", "totalRevenue": "4947000000", "costOfRevenue": "4514000000", "costofGoodsAndServicesSold": "2951000000", "operatingIncome": "1996000000", "sellingGeneralAndAdministrative": "1054000000", "researchAndDevelopment": "None", "operatingExpenses": "2048000000", "investmentIncomeNet": "3000000", "netInterestIncome": "-39000000", "interestIncome": "-39000000", "interestExpense": "42000000", "nonInterestIncome": "4947000000", "otherNonOperatingIncome": "41000000", "depreciation": "None", "depreciationAndAmortization": "249000000", "incomeBeforeTax": "824000000", "incomeTaxExpense": "154000000", "interestAndDebtExpense": "None", "netIncomeFromContinuingOperations": "1996000000", "comprehensiveIncomeNetOfTax": "1105000000", "ebit": "1996000000", "ebitda": "1115000000", "netIncome": "670000000"}, {"fiscalDateEnding": "2021-06-30", "reportedCurrency": "USD", "grossProfit": "1982000000", "totalRevenue": "4697000000", "costOfRevenue": "3816000000", "costofGoodsAndServicesSold": "2715000000", "operatingIncome": "-220000000", "sellingGeneralAndAdministrative": "1073000000", "researchAndDevelopment": "None", "operatingExpenses": "1101000000", "investmentIncomeNet": "3000000", "netInterestIncome": "-37000000", "interestIncome": "3000000", "interestExpense": "40000000", "nonInterestIncome": "4697000000", "otherNonOperatingIncome": "11000000", "depreciation": "None", "depreciationAndAmortization": "237000000", "incomeBeforeTax": "778000000", "incomeTaxExpense": "151000000", "interestAndDebtExpense": "None", "netIncomeFromContinuingOperations": "633000000", "comprehensiveIncomeNetOfTax": "642000000", "ebit": "-220000000", "ebitda": "1055000000", "netIncome": "627000000"}, {"fiscalDateEnding": "2021-03-31", "reportedCurrency": "USD", "grossProfit": "1862000000", "totalRevenue": "4462000000", "costOfRevenue": "3640000000", "costofGoodsAndServicesSold": "2569000000", "operatingIncome": "-249000000", "sellingGeneralAndAdministrative": "1054000000", "researchAndDevelopment": "None", "operatingExpenses": "1071000000", "investmentIncomeNet": "4000000", "netInterestIncome": "-38000000", "interestIncome": "-38000000", "interestExpense": "42000000", "nonInterestIncome": "4462000000", "otherNonOperatingIncome": "-58000000", "depreciation": "None", "depreciationAndAmortization": "239000000", "incomeBeforeTax": "730000000", "incomeTaxExpense": "169000000", "interestAndDebtExpense": "None", "netIncomeFromContinuingOperations": "568000000", "comprehensiveIncomeNetOfTax": "569000000", "ebit": "-249000000", "ebitda": "1011000000", "netIncome": "561000000"}, {"fiscalDateEnding": "2020-12-31", "reportedCurrency": "USD", "grossProfit": "1723000000", "totalRevenue": "4161000000", "costOfRevenue": "3502000000", "costofGoodsAndServicesSold": "2438000000", "operatingIncome": "-405000000", "sellingGeneralAndAdministrative": "998000000", "researchAndDevelopment": "None", "operatingExpenses": "1064000000", "investmentIncomeNet": "2000000", "netInterestIncome": "-40000000", "interestIncome": "2000000", "interestExpense": "42000000", "nonInterestIncome": "4161000000", "otherNonOperatingIncome": "-22000000", "depreciation": "None", "depreciationAndAmortization": "244000000", "incomeBeforeTax": "556000000", "incomeTaxExpense": "111000000", "interestAndDebtExpense": "None", "netIncomeFromContinuingOperations": "452000000", "comprehensiveIncomeNetOfTax": "692000000", "ebit": "-405000000", "ebitda": "842000000", "netIncome": "445000000"}, {"fiscalDateEnding": "2020-09-30", "reportedCurrency": "USD", "grossProfit": "1882000000", "totalRevenue": "4558000000", "costOfRevenue": "4059000000", "costofGoodsAndServicesSold": "2676000000", "operatingIncome": "1882000000", "sellingGeneralAndAdministrative": "946000000", "researchAndDevelopment": "None", "operatingExpenses": "1822000000", "investmentIncomeNet": "3000000", "netInterestIncome": "-40000000", "interestIncome": "-40000000", "interestExpense": "43000000", "nonInterestIncome": "4558000000", "otherNonOperatingIncome": "10000000", "depreciation": "None", "depreciationAndAmortization": "223000000", "incomeBeforeTax": "758000000", "incomeTaxExpense": "35000000", "interestAndDebtExpense": "None", "netIncomeFromContinuingOperations": "1882000000", "comprehensiveIncomeNetOfTax": "845000000", "ebit": "1882000000", "ebitda": "1024000000", "netIncome": "723000000"}, {"fiscalDateEnding": "2020-06-30", "reportedCurrency": "USD", "grossProfit": "1618000000", "totalRevenue": "3914000000", "costOfRevenue": "3318000000", "costofGoodsAndServicesSold": "2296000000", "operatingIncome": "-426000000", "sellingGeneralAndAdministrative": "934000000", "researchAndDevelopment": "None", "operatingExpenses": "1022000000", "investmentIncomeNet": "4000000", "netInterestIncome": "-45000000", "interestIncome": "4000000", "interestExpense": "49000000", "nonInterestIncome": "3914000000", "otherNonOperatingIncome": "-33000000", "depreciation": "None", "depreciationAndAmortization": "209000000", "incomeBeforeTax": "450000000", "incomeTaxExpense": "51000000", "interestAndDebtExpense": "None", "netIncomeFromContinuingOperations": "407000000", "comprehensiveIncomeNetOfTax": "603000000", "ebit": "-426000000", "ebitda": "708000000", "netIncome": "399000000"}, {"fiscalDateEnding": "2020-03-31", "reportedCurrency": "USD", "grossProfit": "1750000000", "totalRevenue": "4162000000", "costOfRevenue": "3426000000", "costofGoodsAndServicesSold": "2412000000", "operatingIncome": "-278000000", "sellingGeneralAndAdministrative": "983000000", "researchAndDevelopment": "None", "operatingExpenses": "1014000000", "investmentIncomeNet": "6000000", "netInterestIncome": "-36000000", "interestIncome": "6000000", "interestExpense": "42000000", "nonInterestIncome": "4162000000", "otherNonOperatingIncome": "-48000000", "depreciation": "None", "depreciationAndAmortization": "211000000", "incomeBeforeTax": "682000000", "incomeTaxExpense": "165000000", "interestAndDebtExpense": "None", "netIncomeFromContinuingOperations": "524000000", "comprehensiveIncomeNetOfTax": "190000000", "ebit": "-278000000", "ebitda": "935000000", "netIncome": "517000000"}, {"fiscalDateEnding": "2019-12-31", "reportedCurrency": "USD", "grossProfit": "1759000000", "totalRevenue": "4151000000", "costOfRevenue": "3612000000", "costofGoodsAndServicesSold": "2392000000", "operatingIncome": "-681000000", "sellingGeneralAndAdministrative": "1123000000", "researchAndDevelopment": "None", "operatingExpenses": "1220000000", "investmentIncomeNet": "6000000", "netInterestIncome": "-35000000", "interestIncome": "6000000", "interestExpense": "41000000", "nonInterestIncome": "4151000000", "otherNonOperatingIncome": "9000000", "depreciation": "None", "depreciationAndAmortization": "211000000", "incomeBeforeTax": "420000000", "incomeTaxExpense": "94000000", "interestAndDebtExpense": "None", "netIncomeFromContinuingOperations": "329000000", "comprehensiveIncomeNetOfTax": "472000000", "ebit": "-681000000", "ebitda": "672000000", "netIncome": "326000000"}, {"fiscalDateEnding": "2019-09-30", "reportedCurrency": "USD", "grossProfit": "2128000000", "totalRevenue": "4971000000", "costOfRevenue": "4366000000", "costofGoodsAndServicesSold": "2843000000", "operatingIncome": "2128000000", "sellingGeneralAndAdministrative": "1109000000", "researchAndDevelopment": "None", "operatingExpenses": "1977000000", "investmentIncomeNet": "8000000", "netInterestIncome": "-40000000", "interestIncome": "-40000000", "interestExpense": "67000000", "nonInterestIncome": "4971000000", "otherNonOperatingIncome": "53000000", "depreciation": "None", "depreciationAndAmortization": "213000000", "incomeBeforeTax": "819000000", "incomeTaxExpense": "102000000", "interestAndDebtExpense": "None", "netIncomeFromContinuingOperations": "702000000", "comprehensiveIncomeNetOfTax": "11000000", "ebit": "2128000000", "ebitda": "1099000000", "netIncome": "717000000"}, {"fiscalDateEnding": "2019-06-30", "reportedCurrency": "USD", "grossProfit": "2001000000", "totalRevenue": "4684000000", "costOfRevenue": "3829000000", "costofGoodsAndServicesSold": "2683000000", "operatingIncome": "-291000000", "sellingGeneralAndAdministrative": "1126000000", "researchAndDevelopment": "None", "operatingExpenses": "1146000000", "investmentIncomeNet": "7000000", "netInterestIncome": "-43000000", "interestIncome": "-45000000", "interestExpense": "43000000", "nonInterestIncome": "4684000000", "otherNonOperatingIncome": "-15000000", "depreciation": "None", "depreciationAndAmortization": "203000000", "incomeBeforeTax": "759000000", "incomeTaxExpense": "155000000", "interestAndDebtExpense": "None", "netIncomeFromContinuingOperations": "612000000", "comprehensiveIncomeNetOfTax": "516000000", "ebit": "-291000000", "ebitda": "1005000000", "netIncome": "604000000"}, {"fiscalDateEnding": "2019-03-31", "reportedCurrency": "USD", "grossProfit": "1925000000", "totalRevenue": "4570000000", "costOfRevenue": "3800000000", "costofGoodsAndServicesSold": "2645000000", "operatingIncome": "-385000000", "sellingGeneralAndAdministrative": "1145000000", "researchAndDevelopment": "None", "operatingExpenses": "1155000000", "investmentIncomeNet": "7000000", "netInterestIncome": "-48000000", "interestIncome": "-49000000", "interestExpense": "55000000", "nonInterestIncome": "4570000000", "otherNonOperatingIncome": "-13000000", "depreciation": "None", "depreciationAndAmortization": "204000000", "incomeBeforeTax": "670000000", "incomeTaxExpense": "150000000", "interestAndDebtExpense": "None", "netIncomeFromContinuingOperations": "525000000", "comprehensiveIncomeNetOfTax": "644000000", "ebit": "-385000000", "ebitda": "929000000", "netIncome": "520000000"}, {"fiscalDateEnding": "2018-12-31", "reportedCurrency": "USD", "grossProfit": "1761000000", "totalRevenue": "4147000000", "costOfRevenue": "3473000000", "costofGoodsAndServicesSold": "2386000000", "operatingIncome": "-413000000", "sellingGeneralAndAdministrative": "1077000000", "researchAndDevelopment": "None", "operatingExpenses": "1087000000", "investmentIncomeNet": "5000000", "netInterestIncome": "None", "interestIncome": "None", "interestExpense": "48000000", "nonInterestIncome": "4147000000", "otherNonOperatingIncome": "17000000", "depreciation": "None", "depreciationAndAmortization": "202000000", "incomeBeforeTax": "589000000", "incomeTaxExpense": "124000000", "interestAndDebtExpense": "None", "netIncomeFromContinuingOperations": "467000000", "comprehensiveIncomeNetOfTax": "428000000", "ebit": "-413000000", "ebitda": "839000000", "netIncome": "465000000"}, {"fiscalDateEnding": "2018-09-30", "reportedCurrency": "USD", "grossProfit": "2059000000", "totalRevenue": "4888000000", "costOfRevenue": "4344000000", "costofGoodsAndServicesSold": "2829000000", "operatingIncome": "2065000000", "sellingGeneralAndAdministrative": "1181000000", "researchAndDevelopment": "436000000", "operatingExpenses": "1957000000", "investmentIncomeNet": "8000000", "netInterestIncome": "None", "interestIncome": "None", "interestExpense": "89000000", "nonInterestIncome": "4888000000", "otherNonOperatingIncome": "-10000000", "depreciation": "None", "depreciationAndAmortization": "201000000", "incomeBeforeTax": "733000000", "incomeTaxExpense": "116000000", "interestAndDebtExpense": "None", "netIncomeFromContinuingOperations": "617000000", "comprehensiveIncomeNetOfTax": "694000000", "ebit": "2065000000", "ebitda": "1023000000", "netIncome": "617000000"}, {"fiscalDateEnding": "2018-06-30", "reportedCurrency": "USD", "grossProfit": "1942000000", "totalRevenue": "4456000000", "costOfRevenue": "3575000000", "costofGoodsAndServicesSold": "2514000000", "operatingIncome": "-187000000", "sellingGeneralAndAdministrative": "1058000000", "researchAndDevelopment": "None", "operatingExpenses": "1068000000", "investmentIncomeNet": "10000000", "netInterestIncome": "None", "interestIncome": "None", "interestExpense": "39000000", "nonInterestIncome": "4456000000", "otherNonOperatingIncome": "-16000000", "depreciation": "None", "depreciationAndAmortization": "179000000", "incomeBeforeTax": "761000000", "incomeTaxExpense": "49000000", "interestAndDebtExpense": "None", "netIncomeFromContinuingOperations": "712000000", "comprehensiveIncomeNetOfTax": "447000000", "ebit": "-187000000", "ebitda": "979000000", "netIncome": "712000000"}, {"fiscalDateEnding": "2018-03-31", "reportedCurrency": "USD", "grossProfit": "1817000000", "totalRevenue": "4248000000", "costOfRevenue": "3464000000", "costofGoodsAndServicesSold": "2431000000", "operatingIncome": "-257000000", "sellingGeneralAndAdministrative": "1035000000", "researchAndDevelopment": "None", "operatingExpenses": "1041000000", "investmentIncomeNet": "14000000", "netInterestIncome": "None", "interestIncome": "None", "interestExpense": "50000000", "nonInterestIncome": "4248000000", "otherNonOperatingIncome": "-28000000", "depreciation": "None", "depreciationAndAmortization": "191000000", "incomeBeforeTax": "651000000", "incomeTaxExpense": "169000000", "interestAndDebtExpense": "None", "netIncomeFromContinuingOperations": "482000000", "comprehensiveIncomeNetOfTax": "647000000", "ebit": "-257000000", "ebitda": "892000000", "netIncome": "482000000"}, {"fiscalDateEnding": "2017-12-31", "reportedCurrency": "USD", "grossProfit": "1614000000", "totalRevenue": "3816000000", "costOfRevenue": "3202000000", "costofGoodsAndServicesSold": "2202000000", "operatingIncome": "-393000000", "sellingGeneralAndAdministrative": "995000000", "researchAndDevelopment": "None", "operatingExpenses": "1007000000", "investmentIncomeNet": "11000000", "netInterestIncome": "None", "interestIncome": "None", "interestExpense": "49000000", "nonInterestIncome": "3816000000", "otherNonOperatingIncome": "-7000000", "depreciation": "None", "depreciationAndAmortization": "187000000", "incomeBeforeTax": "501000000", "incomeTaxExpense": "109000000", "interestAndDebtExpense": "None", "netIncomeFromContinuingOperations": "392000000", "comprehensiveIncomeNetOfTax": "419000000", "ebit": "-393000000", "ebitda": "737000000", "netIncome": "392000000"}, {"fiscalDateEnding": "2017-09-30", "reportedCurrency": "USD", "grossProfit": "1804000000", "totalRevenue": "4435000000", "costOfRevenue": "3883000000", "costofGoodsAndServicesSold": "2604000000", "operatingIncome": "1804000000", "sellingGeneralAndAdministrative": "986000000", "researchAndDevelopment": "340000000", "operatingExpenses": "1582000000", "investmentIncomeNet": "11000000", "netInterestIncome": "None", "interestIncome": "None", "interestExpense": "50000000", "nonInterestIncome": "None", "otherNonOperatingIncome": "-36000000", "depreciation": "None", "depreciationAndAmortization": "182000000", "incomeBeforeTax": "687000000", "incomeTaxExpense": "183000000", "interestAndDebtExpense": "None", "netIncomeFromContinuingOperations": "496000000", "comprehensiveIncomeNetOfTax": "1060000000", "ebit": "1804000000", "ebitda": "919000000", "netIncome": "504000000"}, {"fiscalDateEnding": "2017-06-30", "reportedCurrency": "USD", "grossProfit": "1678000000", "totalRevenue": "4039000000", "costOfRevenue": "3313000000", "costofGoodsAndServicesSold": "2361000000", "operatingIncome": "-226000000", "sellingGeneralAndAdministrative": "931000000", "researchAndDevelopment": "None", "operatingExpenses": "952000000", "investmentIncomeNet": "10000000", "netInterestIncome": "None", "interestIncome": "None", "interestExpense": "49000000", "nonInterestIncome": "None", "otherNonOperatingIncome": "-25000000", "depreciation": "None", "depreciationAndAmortization": "171000000", "incomeBeforeTax": "615000000", "incomeTaxExpense": "202000000", "interestAndDebtExpense": "None", "netIncomeFromContinuingOperations": "407000000", "comprehensiveIncomeNetOfTax": "528000000", "ebit": "-226000000", "ebitda": "835000000", "netIncome": "413000000"}, {"fiscalDateEnding": "2017-03-31", "reportedCurrency": "USD", "grossProfit": "1557000000", "totalRevenue": "3574000000", "costOfRevenue": "2898000000", "costofGoodsAndServicesSold": "2017000000", "operatingIncome": "-218000000", "sellingGeneralAndAdministrative": "868000000", "researchAndDevelopment": "None", "operatingExpenses": "894000000", "investmentIncomeNet": "9000000", "netInterestIncome": "None", "interestIncome": "None", "interestExpense": "50000000", "nonInterestIncome": "None", "otherNonOperatingIncome": "-49000000", "depreciation": "None", "depreciationAndAmortization": "140000000", "incomeBeforeTax": "473000000", "incomeTaxExpense": "181000000", "interestAndDebtExpense": "None", "netIncomeFromContinuingOperations": "376000000", "comprehensiveIncomeNetOfTax": "632000000", "ebit": "-218000000", "ebitda": "663000000", "netIncome": "292000000"}, {"fiscalDateEnding": "2016-12-31", "reportedCurrency": "USD", "grossProfit": "1365000000", "totalRevenue": "3229000000", "costOfRevenue": "2684000000", "costofGoodsAndServicesSold": "1851000000", "operatingIncome": "-288000000", "sellingGeneralAndAdministrative": "822000000", "researchAndDevelopment": "None", "operatingExpenses": "833000000", "investmentIncomeNet": "6000000", "netInterestIncome": "None", "interestIncome": "None", "interestExpense": "52000000", "nonInterestIncome": "13000000", "otherNonOperatingIncome": "0", "depreciation": "None", "depreciationAndAmortization": "143000000", "incomeBeforeTax": "403000000", "incomeTaxExpense": "94000000", "interestAndDebtExpense": "None", "netIncomeFromContinuingOperations": "364000000", "comprehensiveIncomeNetOfTax": "278000000", "ebit": "-288000000", "ebitda": "598000000", "netIncome": "309000000"}]}