{"symbol": "ENPH", "annualReports": [{"fiscalDateEnding": "2020-12-31", "reportedCurrency": "USD", "grossProfit": "345981000", "totalRevenue": "774425000", "costOfRevenue": "428444000", "costofGoodsAndServicesSold": "428444000", "operatingIncome": "186439000", "sellingGeneralAndAdministrative": "103621000", "researchAndDevelopment": "55921000", "operatingExpenses": "159542000", "investmentIncomeNet": "None", "netInterestIncome": "-18845000", "interestIncome": "2156000", "interestExpense": "21001000", "nonInterestIncome": "730077000", "otherNonOperatingIncome": "-3836000", "depreciation": "9700000", "depreciationAndAmortization": "5092000", "incomeBeforeTax": "119410000", "incomeTaxExpense": "-14585000", "interestAndDebtExpense": "21001000", "netIncomeFromContinuingOperations": "133995000", "comprehensiveIncomeNetOfTax": "135352000", "ebit": "140411000", "ebitda": "145503000", "netIncome": "133995000"}, {"fiscalDateEnding": "2019-12-31", "reportedCurrency": "USD", "grossProfit": "221245000", "totalRevenue": "624333000", "costOfRevenue": "403088000", "costofGoodsAndServicesSold": "403088000", "operatingIncome": "102729000", "sellingGeneralAndAdministrative": "75536000", "researchAndDevelopment": "40381000", "operatingExpenses": "118516000", "investmentIncomeNet": "None", "netInterestIncome": "-7178000", "interestIncome": "2513000", "interestExpense": "9691000", "nonInterestIncome": "622181000", "otherNonOperatingIncome": "-5437000", "depreciation": "7300000", "depreciationAndAmortization": "4727000", "incomeBeforeTax": "90114000", "incomeTaxExpense": "-71034000", "interestAndDebtExpense": "17843000", "netIncomeFromContinuingOperations": "161148000", "comprehensiveIncomeNetOfTax": "159483000", "ebit": "99805000", "ebitda": "104532000", "netIncome": "161148000"}, {"fiscalDateEnding": "2018-12-31", "reportedCurrency": "USD", "grossProfit": "94445000", "totalRevenue": "316159000", "costOfRevenue": "221714000", "costofGoodsAndServicesSold": "221714000", "operatingIncome": "1596000", "sellingGeneralAndAdministrative": "56133000", "researchAndDevelopment": "32587000", "operatingExpenses": "92849000", "investmentIncomeNet": "None", "netInterestIncome": "-9635000", "interestIncome": "1058000", "interestExpense": "10693000", "nonInterestIncome": "316159000", "otherNonOperatingIncome": "-2190000", "depreciation": "8300000", "depreciationAndAmortization": "1400000", "incomeBeforeTax": "-10229000", "incomeTaxExpense": "1398000", "interestAndDebtExpense": "9635000", "netIncomeFromContinuingOperations": "-11627000", "comprehensiveIncomeNetOfTax": "-10229000", "ebit": "464000", "ebitda": "1864000", "netIncome": "-11627000"}, {"fiscalDateEnding": "2017-12-31", "reportedCurrency": "USD", "grossProfit": "56043000", "totalRevenue": "286166000", "costOfRevenue": "230123000", "costofGoodsAndServicesSold": "230123000", "operatingIncome": "-39378000", "sellingGeneralAndAdministrative": "45347000", "researchAndDevelopment": "33157000", "operatingExpenses": "95421000", "investmentIncomeNet": "None", "netInterestIncome": "-7936000", "interestIncome": "276000", "interestExpense": "8212000", "nonInterestIncome": "0", "otherNonOperatingIncome": "1973000", "depreciation": "8600000", "depreciationAndAmortization": "400000", "incomeBeforeTax": "-45341000", "incomeTaxExpense": "-149000", "interestAndDebtExpense": "7936000", "netIncomeFromContinuingOperations": "-39378000", "comprehensiveIncomeNetOfTax": "-45556000", "ebit": "-37129000", "ebitda": "-36729000", "netIncome": "-45192000"}, {"fiscalDateEnding": "2016-12-31", "reportedCurrency": "USD", "grossProfit": "58008000", "totalRevenue": "322591000", "costOfRevenue": "264583000", "costofGoodsAndServicesSold": "264583000", "operatingIncome": "-62700000", "sellingGeneralAndAdministrative": "66228000", "researchAndDevelopment": "50703000", "operatingExpenses": "120708000", "investmentIncomeNet": "None", "netInterestIncome": "-2773000", "interestIncome": "-2773000", "interestExpense": "2773000", "nonInterestIncome": "640000", "otherNonOperatingIncome": "-514000", "depreciation": "10000000", "depreciationAndAmortization": "700000", "incomeBeforeTax": "-65987000", "incomeTaxExpense": "1475000", "interestAndDebtExpense": "2773000", "netIncomeFromContinuingOperations": "-62700000", "comprehensiveIncomeNetOfTax": "-67544000", "ebit": "-63214000", "ebitda": "-62514000", "netIncome": "-67462000"}], "quarterlyReports": [{"fiscalDateEnding": "2021-09-30", "reportedCurrency": "USD", "grossProfit": "140358000", "totalRevenue": "351519000", "costOfRevenue": "211161000", "costofGoodsAndServicesSold": "211161000", "operatingIncome": "37351000", "sellingGeneralAndAdministrative": "73596000", "researchAndDevelopment": "29411000", "operatingExpenses": "103007000", "investmentIncomeNet": "None", "netInterestIncome": "-12518000", "interestIncome": "110000", "interestExpense": "12628000", "nonInterestIncome": "351519000", "otherNonOperatingIncome": "874000", "depreciation": "None", "depreciationAndAmortization": "2513000", "incomeBeforeTax": "25707000", "incomeTaxExpense": "3898000", "interestAndDebtExpense": "12628000", "netIncomeFromContinuingOperations": "21809000", "comprehensiveIncomeNetOfTax": "19733000", "ebit": "38335000", "ebitda": "40848000", "netIncome": "21809000"}, {"fiscalDateEnding": "2021-06-30", "reportedCurrency": "USD", "grossProfit": "127801000", "totalRevenue": "316057000", "costOfRevenue": "188256000", "costofGoodsAndServicesSold": "188256000", "operatingIncome": "59400000", "sellingGeneralAndAdministrative": "45693000", "researchAndDevelopment": "22708000", "operatingExpenses": "68401000", "investmentIncomeNet": "None", "netInterestIncome": "-12408000", "interestIncome": "98000", "interestExpense": "12506000", "nonInterestIncome": "316057000", "otherNonOperatingIncome": "-633000", "depreciation": "None", "depreciationAndAmortization": "2508000", "incomeBeforeTax": "46346000", "incomeTaxExpense": "7000000", "interestAndDebtExpense": "12519000", "netIncomeFromContinuingOperations": "39351000", "comprehensiveIncomeNetOfTax": "40635000", "ebit": "58852000", "ebitda": "61360000", "netIncome": "39351000"}, {"fiscalDateEnding": "2021-03-31", "reportedCurrency": "USD", "grossProfit": "122949000", "totalRevenue": "301754000", "costOfRevenue": "178805000", "costofGoodsAndServicesSold": "178805000", "operatingIncome": "61386000", "sellingGeneralAndAdministrative": "39745000", "researchAndDevelopment": "21818000", "operatingExpenses": "61563000", "investmentIncomeNet": "None", "netInterestIncome": "-7256000", "interestIncome": "73000", "interestExpense": "7329000", "nonInterestIncome": "301754000", "otherNonOperatingIncome": "573000", "depreciation": "None", "depreciationAndAmortization": "1791000", "incomeBeforeTax": "-1666000", "incomeTaxExpense": "-33364000", "interestAndDebtExpense": "63698000", "netIncomeFromContinuingOperations": "31698000", "comprehensiveIncomeNetOfTax": "31904000", "ebit": "5663000", "ebitda": "7454000", "netIncome": "31698000"}, {"fiscalDateEnding": "2020-12-31", "reportedCurrency": "USD", "grossProfit": "121938000", "totalRevenue": "264839000", "costOfRevenue": "142901000", "costofGoodsAndServicesSold": "142901000", "operatingIncome": "79114000", "sellingGeneralAndAdministrative": "27023000", "researchAndDevelopment": "15801000", "operatingExpenses": "42824000", "investmentIncomeNet": "None", "netInterestIncome": "-5228000", "interestIncome": "673000", "interestExpense": "5901000", "nonInterestIncome": "264039000", "otherNonOperatingIncome": "-2534000", "depreciation": "None", "depreciationAndAmortization": "1352000", "incomeBeforeTax": "71352000", "incomeTaxExpense": "-1639000", "interestAndDebtExpense": "6701000", "netIncomeFromContinuingOperations": "72991000", "comprehensiveIncomeNetOfTax": "73781000", "ebit": "77253000", "ebitda": "78605000", "netIncome": "72991000"}, {"fiscalDateEnding": "2020-09-30", "reportedCurrency": "USD", "grossProfit": "94981000", "totalRevenue": "178503000", "costOfRevenue": "83522000", "costofGoodsAndServicesSold": "83522000", "operatingIncome": "51759000", "sellingGeneralAndAdministrative": "28170000", "researchAndDevelopment": "15052000", "operatingExpenses": "43222000", "investmentIncomeNet": "None", "netInterestIncome": "-5883000", "interestIncome": "110000", "interestExpense": "5993000", "nonInterestIncome": "178503000", "otherNonOperatingIncome": "-1031000", "depreciation": "None", "depreciationAndAmortization": "1247000", "incomeBeforeTax": "44845000", "incomeTaxExpense": "5483000", "interestAndDebtExpense": "5993000", "netIncomeFromContinuingOperations": "39362000", "comprehensiveIncomeNetOfTax": "40159000", "ebit": "50838000", "ebitda": "52085000", "netIncome": "39362000"}, {"fiscalDateEnding": "2020-06-30", "reportedCurrency": "USD", "grossProfit": "48387000", "totalRevenue": "125538000", "costOfRevenue": "77151000", "costofGoodsAndServicesSold": "77151000", "operatingIncome": "10854000", "sellingGeneralAndAdministrative": "24341000", "researchAndDevelopment": "13192000", "operatingExpenses": "37533000", "investmentIncomeNet": "None", "netInterestIncome": "-5670000", "interestIncome": "282000", "interestExpense": "5952000", "nonInterestIncome": "65846000", "otherNonOperatingIncome": "653000", "depreciation": "None", "depreciationAndAmortization": "1246000", "incomeBeforeTax": "-53855000", "incomeTaxExpense": "-6561000", "interestAndDebtExpense": "5952000", "netIncomeFromContinuingOperations": "-47255000", "comprehensiveIncomeNetOfTax": "-47356000", "ebit": "-47903000", "ebitda": "-46657000", "netIncome": "-47294000"}, {"fiscalDateEnding": "2020-03-31", "reportedCurrency": "USD", "grossProfit": "80675000", "totalRevenue": "205545000", "costOfRevenue": "124870000", "costofGoodsAndServicesSold": "124870000", "operatingIncome": "44712000", "sellingGeneralAndAdministrative": "24087000", "researchAndDevelopment": "11876000", "operatingExpenses": "35963000", "investmentIncomeNet": "None", "netInterestIncome": "-2064000", "interestIncome": "1091000", "interestExpense": "3155000", "nonInterestIncome": "220889000", "otherNonOperatingIncome": "-924000", "depreciation": "None", "depreciationAndAmortization": "1247000", "incomeBeforeTax": "57068000", "incomeTaxExpense": "-11868000", "interestAndDebtExpense": "3155000", "netIncomeFromContinuingOperations": "68968000", "comprehensiveIncomeNetOfTax": "68768000", "ebit": "60223000", "ebitda": "61470000", "netIncome": "68936000"}, {"fiscalDateEnding": "2019-12-31", "reportedCurrency": "USD", "grossProfit": "77881000", "totalRevenue": "210032000", "costOfRevenue": "132151000", "costofGoodsAndServicesSold": "132151000", "operatingIncome": "44442000", "sellingGeneralAndAdministrative": "21140000", "researchAndDevelopment": "11168000", "operatingExpenses": "33439000", "investmentIncomeNet": "None", "netInterestIncome": "-1488000", "interestIncome": "815000", "interestExpense": "2303000", "nonInterestIncome": "210032000", "otherNonOperatingIncome": "1467000", "depreciation": "None", "depreciationAndAmortization": "1182000", "incomeBeforeTax": "44421000", "incomeTaxExpense": "-72245000", "interestAndDebtExpense": "2303000", "netIncomeFromContinuingOperations": "116666000", "comprehensiveIncomeNetOfTax": "115174000", "ebit": "46724000", "ebitda": "47906000", "netIncome": "116666000"}, {"fiscalDateEnding": "2019-09-30", "reportedCurrency": "USD", "grossProfit": "64706000", "totalRevenue": "180057000", "costOfRevenue": "115351000", "costofGoodsAndServicesSold": "115351000", "operatingIncome": "33706000", "sellingGeneralAndAdministrative": "19446000", "researchAndDevelopment": "11085000", "operatingExpenses": "31000000", "investmentIncomeNet": "None", "netInterestIncome": "-1392000", "interestIncome": "894000", "interestExpense": "2286000", "nonInterestIncome": "180057000", "otherNonOperatingIncome": "-943000", "depreciation": "None", "depreciationAndAmortization": "1182000", "incomeBeforeTax": "31371000", "incomeTaxExpense": "272000", "interestAndDebtExpense": "2286000", "netIncomeFromContinuingOperations": "31099000", "comprehensiveIncomeNetOfTax": "31254000", "ebit": "33657000", "ebitda": "34839000", "netIncome": "31099000"}, {"fiscalDateEnding": "2019-06-30", "reportedCurrency": "USD", "grossProfit": "45319000", "totalRevenue": "134094000", "costOfRevenue": "88775000", "costofGoodsAndServicesSold": "88775000", "operatingIncome": "17447000", "sellingGeneralAndAdministrative": "17637000", "researchAndDevelopment": "9604000", "operatingExpenses": "27872000", "investmentIncomeNet": "None", "netInterestIncome": "-758000", "interestIncome": "593000", "interestExpense": "1351000", "nonInterestIncome": "134094000", "otherNonOperatingIncome": "-5480000", "depreciation": "None", "depreciationAndAmortization": "1181000", "incomeBeforeTax": "11209000", "incomeTaxExpense": "591000", "interestAndDebtExpense": "1351000", "netIncomeFromContinuingOperations": "10618000", "comprehensiveIncomeNetOfTax": "10369000", "ebit": "12560000", "ebitda": "13741000", "netIncome": "10618000"}, {"fiscalDateEnding": "2019-03-31", "reportedCurrency": "USD", "grossProfit": "33339000", "totalRevenue": "100150000", "costOfRevenue": "66811000", "costofGoodsAndServicesSold": "66811000", "operatingIncome": "7134000", "sellingGeneralAndAdministrative": "17313000", "researchAndDevelopment": "8524000", "operatingExpenses": "26205000", "investmentIncomeNet": "None", "netInterestIncome": "-3540000", "interestIncome": "211000", "interestExpense": "3751000", "nonInterestIncome": "97998000", "otherNonOperatingIncome": "-481000", "depreciation": "None", "depreciationAndAmortization": "1182000", "incomeBeforeTax": "3113000", "incomeTaxExpense": "348000", "interestAndDebtExpense": "5692000", "netIncomeFromContinuingOperations": "2765000", "comprehensiveIncomeNetOfTax": "2686000", "ebit": "6864000", "ebitda": "8046000", "netIncome": "2765000"}, {"fiscalDateEnding": "2018-12-31", "reportedCurrency": "USD", "grossProfit": "28165000", "totalRevenue": "92289000", "costOfRevenue": "64124000", "costofGoodsAndServicesSold": "64125000", "operatingIncome": "5003000", "sellingGeneralAndAdministrative": "14281000", "researchAndDevelopment": "7340000", "operatingExpenses": "23162000", "investmentIncomeNet": "None", "netInterestIncome": "-2605000", "interestIncome": "490000", "interestExpense": "3095000", "nonInterestIncome": "92289000", "otherNonOperatingIncome": "-1113000", "depreciation": "None", "depreciationAndAmortization": "800000", "incomeBeforeTax": "1285000", "incomeTaxExpense": "576000", "interestAndDebtExpense": "3095000", "netIncomeFromContinuingOperations": "709000", "comprehensiveIncomeNetOfTax": "1458000", "ebit": "4380000", "ebitda": "5180000", "netIncome": "709000"}, {"fiscalDateEnding": "2018-09-30", "reportedCurrency": "USD", "grossProfit": "25264000", "totalRevenue": "78002000", "costOfRevenue": "52738000", "costofGoodsAndServicesSold": "52738000", "operatingIncome": "-374000", "sellingGeneralAndAdministrative": "14885000", "researchAndDevelopment": "8165000", "operatingExpenses": "25638000", "investmentIncomeNet": "None", "netInterestIncome": "-2469000", "interestIncome": "321000", "interestExpense": "2790000", "nonInterestIncome": "78002000", "otherNonOperatingIncome": "-379000", "depreciation": "None", "depreciationAndAmortization": "500000", "incomeBeforeTax": "-3222000", "incomeTaxExpense": "248000", "interestAndDebtExpense": "2469000", "netIncomeFromContinuingOperations": "-3470000", "comprehensiveIncomeNetOfTax": "-3124000", "ebit": "-432000", "ebitda": "68000", "netIncome": "-3470000"}, {"fiscalDateEnding": "2018-06-30", "reportedCurrency": "USD", "grossProfit": "22701000", "totalRevenue": "75896000", "costOfRevenue": "53195000", "costofGoodsAndServicesSold": "53195000", "operatingIncome": "-558000", "sellingGeneralAndAdministrative": "13797000", "researchAndDevelopment": "9462000", "operatingExpenses": "23259000", "investmentIncomeNet": "None", "netInterestIncome": "-2269000", "interestIncome": "154000", "interestExpense": "2423000", "nonInterestIncome": "75896000", "otherNonOperatingIncome": "-572000", "depreciation": "None", "depreciationAndAmortization": "76000", "incomeBeforeTax": "-3399000", "incomeTaxExpense": "339000", "interestAndDebtExpense": "2269000", "netIncomeFromContinuingOperations": "-3738000", "comprehensiveIncomeNetOfTax": "-3723000", "ebit": "-976000", "ebitda": "-900000", "netIncome": "-3738000"}, {"fiscalDateEnding": "2018-03-31", "reportedCurrency": "USD", "grossProfit": "18315000", "totalRevenue": "69972000", "costOfRevenue": "51657000", "costofGoodsAndServicesSold": "60685000", "operatingIncome": "-2475000", "sellingGeneralAndAdministrative": "13170000", "researchAndDevelopment": "7620000", "operatingExpenses": "20790000", "investmentIncomeNet": "None", "netInterestIncome": "-2292000", "interestIncome": "93000", "interestExpense": "2385000", "nonInterestIncome": "69972000", "otherNonOperatingIncome": "-126000", "depreciation": "None", "depreciationAndAmortization": "100000", "incomeBeforeTax": "-4893000", "incomeTaxExpense": "235000", "interestAndDebtExpense": "2292000", "netIncomeFromContinuingOperations": "-5128000", "comprehensiveIncomeNetOfTax": "-4840000", "ebit": "-2508000", "ebitda": "-2408000", "netIncome": "-5128000"}, {"fiscalDateEnding": "2017-12-31", "reportedCurrency": "USD", "grossProfit": "18989000", "totalRevenue": "79674000", "costOfRevenue": "60685000", "costofGoodsAndServicesSold": "60685000", "operatingIncome": "-2133000", "sellingGeneralAndAdministrative": "10923000", "researchAndDevelopment": "8208000", "operatingExpenses": "21122000", "investmentIncomeNet": "None", "netInterestIncome": "-1957000", "interestIncome": "276000", "interestExpense": "2233000", "nonInterestIncome": "79674000", "otherNonOperatingIncome": "202000", "depreciation": "None", "depreciationAndAmortization": "0", "incomeBeforeTax": "-3888000", "incomeTaxExpense": "-948000", "interestAndDebtExpense": "1957000", "netIncomeFromContinuingOperations": "-2133000", "comprehensiveIncomeNetOfTax": "-3131000", "ebit": "-1655000", "ebitda": "-1655000", "netIncome": "-2940000"}, {"fiscalDateEnding": "2017-09-30", "reportedCurrency": "USD", "grossProfit": "16461000", "totalRevenue": "77038000", "costOfRevenue": "60577000", "costofGoodsAndServicesSold": "60577000", "operatingIncome": "-5901000", "sellingGeneralAndAdministrative": "10894000", "researchAndDevelopment": "7397000", "operatingExpenses": "22362000", "investmentIncomeNet": "None", "netInterestIncome": "-1760000", "interestIncome": "None", "interestExpense": "1760000", "nonInterestIncome": "77038000", "otherNonOperatingIncome": "623000", "depreciation": "None", "depreciationAndAmortization": "100000", "incomeBeforeTax": "-7038000", "incomeTaxExpense": "-184000", "interestAndDebtExpense": "1760000", "netIncomeFromContinuingOperations": "-5901000", "comprehensiveIncomeNetOfTax": "-7150000", "ebit": "-5278000", "ebitda": "-5178000", "netIncome": "-6854000"}, {"fiscalDateEnding": "2017-06-30", "reportedCurrency": "USD", "grossProfit": "13547000", "totalRevenue": "74704000", "costOfRevenue": "61157000", "costofGoodsAndServicesSold": "61157000", "operatingIncome": "-9247000", "sellingGeneralAndAdministrative": "11238000", "researchAndDevelopment": "7947000", "operatingExpenses": "22794000", "investmentIncomeNet": "None", "netInterestIncome": "-2080000", "interestIncome": "None", "interestExpense": "2080000", "nonInterestIncome": "74704000", "otherNonOperatingIncome": "88000", "depreciation": "None", "depreciationAndAmortization": "200000", "incomeBeforeTax": "-11239000", "incomeTaxExpense": "854000", "interestAndDebtExpense": "2080000", "netIncomeFromContinuingOperations": "-9247000", "comprehensiveIncomeNetOfTax": "-11631000", "ebit": "-9159000", "ebitda": "-8959000", "netIncome": "-12093000"}, {"fiscalDateEnding": "2017-03-31", "reportedCurrency": "USD", "grossProfit": "7048000", "totalRevenue": "54751000", "costOfRevenue": "47703000", "costofGoodsAndServicesSold": "47703000", "operatingIncome": "-22095000", "sellingGeneralAndAdministrative": "12291000", "researchAndDevelopment": "9605000", "operatingExpenses": "29143000", "investmentIncomeNet": "None", "netInterestIncome": "-2139000", "interestIncome": "None", "interestExpense": "2139000", "nonInterestIncome": "54751000", "otherNonOperatingIncome": "1060000", "depreciation": "None", "depreciationAndAmortization": "100000", "incomeBeforeTax": "-23174000", "incomeTaxExpense": "131000", "interestAndDebtExpense": "2139000", "netIncomeFromContinuingOperations": "-22095000", "comprehensiveIncomeNetOfTax": "-23644000", "ebit": "-21035000", "ebitda": "-20935000", "netIncome": "-23305000"}, {"fiscalDateEnding": "2016-12-31", "reportedCurrency": "USD", "grossProfit": "16234000", "totalRevenue": "90601000", "costOfRevenue": "74367000", "costofGoodsAndServicesSold": "74368000", "operatingIncome": "-10093000", "sellingGeneralAndAdministrative": "13888000", "researchAndDevelopment": "11378000", "operatingExpenses": "26326000", "investmentIncomeNet": "None", "netInterestIncome": "-1175000", "interestIncome": "None", "interestExpense": "1175000", "nonInterestIncome": "None", "otherNonOperatingIncome": "-1169000", "depreciation": "None", "depreciationAndAmortization": "100000", "incomeBeforeTax": "-12437000", "incomeTaxExpense": "751000", "interestAndDebtExpense": "1175000", "netIncomeFromContinuingOperations": "-10092000", "comprehensiveIncomeNetOfTax": "-13226000", "ebit": "-11262000", "ebitda": "-11162000", "netIncome": "-13188000"}]}