{"symbol": "EOG", "annualReports": [{"fiscalDateEnding": "2020-12-31", "reportedCurrency": "USD", "grossProfit": "8380362000", "totalRevenue": "11032048000", "costOfRevenue": "2651686000", "costofGoodsAndServicesSold": "4922938000", "operatingIncome": "-544016000", "sellingGeneralAndAdministrative": "483823000", "researchAndDevelopment": "145788000", "operatingExpenses": "2844357000", "investmentIncomeNet": "11739000", "netInterestIncome": "-205266000", "interestIncome": "-205266000", "interestExpense": "205266000", "nonInterestIncome": "None", "otherNonOperatingIncome": "10228000", "depreciation": "None", "depreciationAndAmortization": "21000000", "incomeBeforeTax": "-739054000", "incomeTaxExpense": "-134482000", "interestAndDebtExpense": "205266000", "netIncomeFromContinuingOperations": "-604572000", "comprehensiveIncomeNetOfTax": "-612248000", "ebit": "-533788000", "ebitda": "-512788000", "netIncome": "-604572000"}, {"fiscalDateEnding": "2019-12-31", "reportedCurrency": "USD", "grossProfit": "16316218000", "totalRevenue": "17379973000", "costOfRevenue": "1063755000", "costofGoodsAndServicesSold": "5595799000", "operatingIncome": "3699011000", "sellingGeneralAndAdministrative": "489397000", "researchAndDevelopment": "None", "operatingExpenses": "1080023000", "investmentIncomeNet": "26026000", "netInterestIncome": "-185129000", "interestIncome": "-185129000", "interestExpense": "185129000", "nonInterestIncome": "2000000", "otherNonOperatingIncome": "31385000", "depreciation": "None", "depreciationAndAmortization": "13000000", "incomeBeforeTax": "3545267000", "incomeTaxExpense": "810357000", "interestAndDebtExpense": "185129000", "netIncomeFromContinuingOperations": "2734910000", "comprehensiveIncomeNetOfTax": "2731349000", "ebit": "3730396000", "ebitda": "3743396000", "netIncome": "2734910000"}, {"fiscalDateEnding": "2018-12-31", "reportedCurrency": "USD", "grossProfit": "16464787000", "totalRevenue": "17275399000", "costOfRevenue": "810612000", "costofGoodsAndServicesSold": "5155059000", "operatingIncome": "4469346000", "sellingGeneralAndAdministrative": "426969000", "researchAndDevelopment": "None", "operatingExpenses": "784611000", "investmentIncomeNet": "11546000", "netInterestIncome": "-245052000", "interestIncome": "-245052000", "interestExpense": "245052000", "nonInterestIncome": "-7000000", "otherNonOperatingIncome": "16704000", "depreciation": "None", "depreciationAndAmortization": "None", "incomeBeforeTax": "4240998000", "incomeTaxExpense": "821958000", "interestAndDebtExpense": "245052000", "netIncomeFromContinuingOperations": "3419040000", "comprehensiveIncomeNetOfTax": "3436979000", "ebit": "4486050000", "ebitda": "4486050000", "netIncome": "3419040000"}, {"fiscalDateEnding": "2017-12-31", "reportedCurrency": "USD", "grossProfit": "10259905000", "totalRevenue": "11208320000", "costOfRevenue": "948415000", "costofGoodsAndServicesSold": "4603009000", "operatingIncome": "926402000", "sellingGeneralAndAdministrative": "434467000", "researchAndDevelopment": "None", "operatingExpenses": "1192757000", "investmentIncomeNet": "7713000", "netInterestIncome": "-274372000", "interestIncome": "-274372000", "interestExpense": "274372000", "nonInterestIncome": "-91096000", "otherNonOperatingIncome": "9152000", "depreciation": "None", "depreciationAndAmortization": "None", "incomeBeforeTax": "661182000", "incomeTaxExpense": "-1921397000", "interestAndDebtExpense": "274372000", "netIncomeFromContinuingOperations": "2582579000", "comprehensiveIncomeNetOfTax": "2582292000", "ebit": "935554000", "ebitda": "935554000", "netIncome": "2582579000"}, {"fiscalDateEnding": "2016-12-31", "reportedCurrency": "USD", "grossProfit": "5936244000", "totalRevenue": "7650632000", "costOfRevenue": "1714388000", "costofGoodsAndServicesSold": "4603770000", "operatingIncome": "-1225281000", "sellingGeneralAndAdministrative": "394815000", "researchAndDevelopment": "None", "operatingExpenses": "1839341000", "investmentIncomeNet": "2619000", "netInterestIncome": "-281681000", "interestIncome": "-281681000", "interestExpense": "281681000", "nonInterestIncome": "164835000", "otherNonOperatingIncome": "-50543000", "depreciation": "None", "depreciationAndAmortization": "None", "incomeBeforeTax": "-1557505000", "incomeTaxExpense": "-460819000", "interestAndDebtExpense": "281681000", "netIncomeFromContinuingOperations": "-908386000", "comprehensiveIncomeNetOfTax": "-1082358000", "ebit": "-1275824000", "ebitda": "-1275824000", "netIncome": "-1096686000"}], "quarterlyReports": [{"fiscalDateEnding": "2021-09-30", "reportedCurrency": "USD", "grossProfit": "4541000000", "totalRevenue": "4765000000", "costOfRevenue": "224000000", "costofGoodsAndServicesSold": "1342000000", "operatingIncome": "1471000000", "sellingGeneralAndAdministrative": "142000000", "researchAndDevelopment": "44000000", "operatingExpenses": "268000000", "investmentIncomeNet": "None", "netInterestIncome": "-48000000", "interestIncome": "-48000000", "interestExpense": "48000000", "nonInterestIncome": "-494000000", "otherNonOperatingIncome": "6000000", "depreciation": "None", "depreciationAndAmortization": "927000000", "incomeBeforeTax": "1429000000", "incomeTaxExpense": "334000000", "interestAndDebtExpense": "48000000", "netIncomeFromContinuingOperations": "1095000000", "comprehensiveIncomeNetOfTax": "1097000000", "ebit": "1477000000", "ebitda": "2404000000", "netIncome": "1095000000"}, {"fiscalDateEnding": "2021-06-30", "reportedCurrency": "USD", "grossProfit": "3975000000", "totalRevenue": "4139000000", "costOfRevenue": "164000000", "costofGoodsAndServicesSold": "1312000000", "operatingIncome": "1171000000", "sellingGeneralAndAdministrative": "120000000", "researchAndDevelopment": "None", "operatingExpenses": "199000000", "investmentIncomeNet": "None", "netInterestIncome": "-45000000", "interestIncome": "-45000000", "interestExpense": "45000000", "nonInterestIncome": "-1161000000", "otherNonOperatingIncome": "-2000000", "depreciation": "None", "depreciationAndAmortization": "914000000", "incomeBeforeTax": "1124000000", "incomeTaxExpense": "217000000", "interestAndDebtExpense": "45000000", "netIncomeFromContinuingOperations": "907000000", "comprehensiveIncomeNetOfTax": "906000000", "ebit": "1169000000", "ebitda": "2083000000", "netIncome": "907000000"}, {"fiscalDateEnding": "2021-03-31", "reportedCurrency": "USD", "grossProfit": "3529000000", "totalRevenue": "3694000000", "costOfRevenue": "165000000", "costofGoodsAndServicesSold": "1309000000", "operatingIncome": "932000000", "sellingGeneralAndAdministrative": "110000000", "researchAndDevelopment": "33000000", "operatingExpenses": "204000000", "investmentIncomeNet": "None", "netInterestIncome": "-47000000", "interestIncome": "-47000000", "interestExpense": "47000000", "nonInterestIncome": "367000000", "otherNonOperatingIncome": "-4000000", "depreciation": "None", "depreciationAndAmortization": "900000000", "incomeBeforeTax": "881000000", "incomeTaxExpense": "204000000", "interestAndDebtExpense": "47000000", "netIncomeFromContinuingOperations": "677000000", "comprehensiveIncomeNetOfTax": "675000000", "ebit": "928000000", "ebitda": "1828000000", "netIncome": "677000000"}, {"fiscalDateEnding": "2020-12-31", "reportedCurrency": "USD", "grossProfit": "2965498000", "totalRevenue": "2965498000", "costOfRevenue": "288812000", "costofGoodsAndServicesSold": "1250632000", "operatingIncome": "487662000", "sellingGeneralAndAdministrative": "113235000", "researchAndDevelopment": "145788000", "operatingExpenses": "334827000", "investmentIncomeNet": "None", "netInterestIncome": "-53121000", "interestIncome": "145000", "interestExpense": "53121000", "nonInterestIncome": "None", "otherNonOperatingIncome": "-6781000", "depreciation": "None", "depreciationAndAmortization": "870564", "incomeBeforeTax": "427760000", "incomeTaxExpense": "90294000", "interestAndDebtExpense": "53121000", "netIncomeFromContinuingOperations": "397368000", "comprehensiveIncomeNetOfTax": "397368000", "ebit": "480881000", "ebitda": "480881000", "netIncome": "337466000"}, {"fiscalDateEnding": "2020-09-30", "reportedCurrency": "USD", "grossProfit": "2042034000", "totalRevenue": "2246000000", "costOfRevenue": "203450000", "costofGoodsAndServicesSold": "1165313000", "operatingIncome": "-3000000", "sellingGeneralAndAdministrative": "124460000", "researchAndDevelopment": "38413000", "operatingExpenses": "241863000", "investmentIncomeNet": "None", "netInterestIncome": "-53242000", "interestIncome": "-242000", "interestExpense": "53000000", "nonInterestIncome": "-3567000", "otherNonOperatingIncome": "3000000", "depreciation": "None", "depreciationAndAmortization": "2529789", "incomeBeforeTax": "-52555000", "incomeTaxExpense": "-11000000", "interestAndDebtExpense": "53242000", "netIncomeFromContinuingOperations": "-42467000", "comprehensiveIncomeNetOfTax": "-44267000", "ebit": "687000", "ebitda": "687000", "netIncome": "-42000000"}, {"fiscalDateEnding": "2020-06-30", "reportedCurrency": "USD", "grossProfit": "666104000", "totalRevenue": "1103000000", "costOfRevenue": "437270000", "costofGoodsAndServicesSold": "1048792000", "operatingIncome": "-1087000000", "sellingGeneralAndAdministrative": "131855000", "researchAndDevelopment": "None", "operatingExpenses": "464553000", "investmentIncomeNet": "None", "netInterestIncome": "-54213000", "interestIncome": "-213000", "interestExpense": "54000000", "nonInterestIncome": "2285000000", "otherNonOperatingIncome": "-4000000", "depreciation": "None", "depreciationAndAmortization": "None", "incomeBeforeTax": "-1145262000", "incomeTaxExpense": "-235000000", "interestAndDebtExpense": "54213000", "netIncomeFromContinuingOperations": "-909384000", "comprehensiveIncomeNetOfTax": "-912209000", "ebit": "-1091049000", "ebitda": "-1091049000", "netIncome": "-910000000"}, {"fiscalDateEnding": "2020-03-31", "reportedCurrency": "USD", "grossProfit": "3019080000", "totalRevenue": "4718000000", "costOfRevenue": "1698612000", "costofGoodsAndServicesSold": "1458201000", "operatingIncome": "58000000", "sellingGeneralAndAdministrative": "114273000", "researchAndDevelopment": "None", "operatingExpenses": "1721829000", "investmentIncomeNet": "None", "netInterestIncome": "-44690000", "interestIncome": "310000", "interestExpense": "45000000", "nonInterestIncome": "-1206000000", "otherNonOperatingIncome": "18000000", "depreciation": "None", "depreciationAndAmortization": "None", "incomeBeforeTax": "31000000", "incomeTaxExpense": "21000000", "interestAndDebtExpense": "44690000", "netIncomeFromContinuingOperations": "9813000", "comprehensiveIncomeNetOfTax": "11160000", "ebit": "76000000", "ebitda": "75693000", "netIncome": "10000000"}, {"fiscalDateEnding": "2019-12-31", "reportedCurrency": "USD", "grossProfit": "4320246000", "totalRevenue": "4320246000", "costOfRevenue": "367894000", "costofGoodsAndServicesSold": "1421361000", "operatingIncome": "863751000", "sellingGeneralAndAdministrative": "125187000", "researchAndDevelopment": "None", "operatingExpenses": "284426000", "investmentIncomeNet": "None", "netInterestIncome": "-40695000", "interestIncome": "-40695000", "interestExpense": "40695000", "nonInterestIncome": "-240622000", "otherNonOperatingIncome": "8152000", "depreciation": "None", "depreciationAndAmortization": "3000000", "incomeBeforeTax": "831208000", "incomeTaxExpense": "194687000", "interestAndDebtExpense": "40695000", "netIncomeFromContinuingOperations": "669064000", "comprehensiveIncomeNetOfTax": "669064000", "ebit": "871903000", "ebitda": "874903000", "netIncome": "636521000"}, {"fiscalDateEnding": "2019-09-30", "reportedCurrency": "USD", "grossProfit": "4059422000", "totalRevenue": "4303455000", "costOfRevenue": "244033000", "costofGoodsAndServicesSold": "1430029000", "operatingIncome": "827959000", "sellingGeneralAndAdministrative": "135758000", "researchAndDevelopment": "None", "operatingExpenses": "278573000", "investmentIncomeNet": "None", "netInterestIncome": "-39620000", "interestIncome": "-39620000", "interestExpense": "39620000", "nonInterestIncome": "None", "otherNonOperatingIncome": "9118000", "depreciation": "None", "depreciationAndAmortization": "3000000", "incomeBeforeTax": "797457000", "incomeTaxExpense": "182335000", "interestAndDebtExpense": "39620000", "netIncomeFromContinuingOperations": "615122000", "comprehensiveIncomeNetOfTax": "615961000", "ebit": "837077000", "ebitda": "840077000", "netIncome": "615122000"}, {"fiscalDateEnding": "2019-06-30", "reportedCurrency": "USD", "grossProfit": "4459720000", "totalRevenue": "4697630000", "costOfRevenue": "237910000", "costofGoodsAndServicesSold": "1417228000", "operatingIncome": "1130771000", "sellingGeneralAndAdministrative": "121780000", "researchAndDevelopment": "None", "operatingExpenses": "270432000", "investmentIncomeNet": "None", "netInterestIncome": "-49908000", "interestIncome": "-49908000", "interestExpense": "49908000", "nonInterestIncome": "None", "otherNonOperatingIncome": "8503000", "depreciation": "None", "depreciationAndAmortization": "4000000", "incomeBeforeTax": "1089366000", "incomeTaxExpense": "241525000", "interestAndDebtExpense": "49908000", "netIncomeFromContinuingOperations": "847841000", "comprehensiveIncomeNetOfTax": "846182000", "ebit": "1139274000", "ebitda": "1143274000", "netIncome": "847841000"}, {"fiscalDateEnding": "2019-03-31", "reportedCurrency": "USD", "grossProfit": "3869421000", "totalRevenue": "4058642000", "costOfRevenue": "189221000", "costofGoodsAndServicesSold": "1327181000", "operatingIncome": "876530000", "sellingGeneralAndAdministrative": "106672000", "researchAndDevelopment": "None", "operatingExpenses": "229381000", "investmentIncomeNet": "None", "netInterestIncome": "-54906000", "interestIncome": "-54906000", "interestExpense": "54906000", "nonInterestIncome": "None", "otherNonOperatingIncome": "5612000", "depreciation": "None", "depreciationAndAmortization": "3000000", "incomeBeforeTax": "827236000", "incomeTaxExpense": "191810000", "interestAndDebtExpense": "54906000", "netIncomeFromContinuingOperations": "635426000", "comprehensiveIncomeNetOfTax": "633648000", "ebit": "882142000", "ebitda": "885142000", "netIncome": "635426000"}, {"fiscalDateEnding": "2018-12-31", "reportedCurrency": "USD", "grossProfit": "4574536000", "totalRevenue": "4574536000", "costOfRevenue": "312307000", "costofGoodsAndServicesSold": "1378801000", "operatingIncome": "1123140000", "sellingGeneralAndAdministrative": "116904000", "researchAndDevelopment": "None", "operatingExpenses": "266169000", "investmentIncomeNet": "None", "netInterestIncome": "-56020000", "interestIncome": "None", "interestExpense": "56020000", "nonInterestIncome": "None", "otherNonOperatingIncome": "21220000", "depreciation": "None", "depreciationAndAmortization": "None", "incomeBeforeTax": "1088340000", "incomeTaxExpense": "195572000", "interestAndDebtExpense": "56020000", "netIncomeFromContinuingOperations": "927568000", "comprehensiveIncomeNetOfTax": "927568000", "ebit": "1144360000", "ebitda": "1144360000", "netIncome": "892768000"}, {"fiscalDateEnding": "2018-09-30", "reportedCurrency": "USD", "grossProfit": "4625723000", "totalRevenue": "4781624000", "costOfRevenue": "155901000", "costofGoodsAndServicesSold": "1353811000", "operatingIncome": "1506687000", "sellingGeneralAndAdministrative": "111284000", "researchAndDevelopment": "None", "operatingExpenses": "188724000", "investmentIncomeNet": "None", "netInterestIncome": "-63632000", "interestIncome": "None", "interestExpense": "63632000", "nonInterestIncome": "None", "otherNonOperatingIncome": "3308000", "depreciation": "None", "depreciationAndAmortization": "None", "incomeBeforeTax": "1446363000", "incomeTaxExpense": "255411000", "interestAndDebtExpense": "63632000", "netIncomeFromContinuingOperations": "1190952000", "comprehensiveIncomeNetOfTax": "1189006000", "ebit": "1509995000", "ebitda": "1509995000", "netIncome": "1190952000"}, {"fiscalDateEnding": "2018-06-30", "reportedCurrency": "USD", "grossProfit": "3658513000", "totalRevenue": "4238077000", "costOfRevenue": "579564000", "costofGoodsAndServicesSold": "423773000", "operatingIncome": "964931000", "sellingGeneralAndAdministrative": "104083000", "researchAndDevelopment": "None", "operatingExpenses": "209586000", "investmentIncomeNet": "None", "netInterestIncome": "-63444000", "interestIncome": "None", "interestExpense": "63444000", "nonInterestIncome": "None", "otherNonOperatingIncome": "-8551000", "depreciation": "None", "depreciationAndAmortization": "None", "incomeBeforeTax": "892936000", "incomeTaxExpense": "196205000", "interestAndDebtExpense": "63444000", "netIncomeFromContinuingOperations": "696731000", "comprehensiveIncomeNetOfTax": "693508000", "ebit": "956380000", "ebitda": "956380000", "netIncome": "696731000"}, {"fiscalDateEnding": "2018-03-31", "reportedCurrency": "USD", "grossProfit": "3111578000", "totalRevenue": "3681162000", "costOfRevenue": "569584000", "costofGoodsAndServicesSold": "401409000", "operatingIncome": "874588000", "sellingGeneralAndAdministrative": "94698000", "researchAndDevelopment": "None", "operatingExpenses": "218011000", "investmentIncomeNet": "None", "netInterestIncome": "-61956000", "interestIncome": "None", "interestExpense": "61956000", "nonInterestIncome": "None", "otherNonOperatingIncome": "727000", "depreciation": "None", "depreciationAndAmortization": "None", "incomeBeforeTax": "813359000", "incomeTaxExpense": "174770000", "interestAndDebtExpense": "61956000", "netIncomeFromContinuingOperations": "638589000", "comprehensiveIncomeNetOfTax": "643597000", "ebit": "875315000", "ebitda": "875315000", "netIncome": "638589000"}, {"fiscalDateEnding": "2017-12-31", "reportedCurrency": "USD", "grossProfit": "3340439000", "totalRevenue": "3340439000", "costOfRevenue": "-483714000", "costofGoodsAndServicesSold": "1206981000", "operatingIncome": "475912000", "sellingGeneralAndAdministrative": "117005000", "researchAndDevelopment": "None", "operatingExpenses": "367133000", "investmentIncomeNet": "None", "netInterestIncome": "-63362000", "interestIncome": "None", "interestExpense": "63362000", "nonInterestIncome": "None", "otherNonOperatingIncome": "803000", "depreciation": "None", "depreciationAndAmortization": "None", "incomeBeforeTax": "413353000", "incomeTaxExpense": "-2017115000", "interestAndDebtExpense": "63362000", "netIncomeFromContinuingOperations": "2493027000", "comprehensiveIncomeNetOfTax": "2493027000", "ebit": "476715000", "ebitda": "476715000", "netIncome": "2430468000"}, {"fiscalDateEnding": "2017-09-30", "reportedCurrency": "USD", "grossProfit": "2227507000", "totalRevenue": "2644844000", "costOfRevenue": "417337000", "costofGoodsAndServicesSold": "251943000", "operatingIncome": "214836000", "sellingGeneralAndAdministrative": "111717000", "researchAndDevelopment": "None", "operatingExpenses": "204392000", "investmentIncomeNet": "None", "netInterestIncome": "-69082000", "interestIncome": "None", "interestExpense": "69082000", "nonInterestIncome": "None", "otherNonOperatingIncome": "226000", "depreciation": "None", "depreciationAndAmortization": "None", "incomeBeforeTax": "145980000", "incomeTaxExpense": "45439000", "interestAndDebtExpense": "69082000", "netIncomeFromContinuingOperations": "100541000", "comprehensiveIncomeNetOfTax": "100871000", "ebit": "215062000", "ebitda": "215062000", "netIncome": "100541000"}, {"fiscalDateEnding": "2017-06-30", "reportedCurrency": "USD", "grossProfit": "2169845000", "totalRevenue": "2612472000", "costOfRevenue": "442627000", "costofGoodsAndServicesSold": "255186000", "operatingIncome": "127908000", "sellingGeneralAndAdministrative": "108507000", "researchAndDevelopment": "None", "operatingExpenses": "231068000", "investmentIncomeNet": "None", "netInterestIncome": "-70413000", "interestIncome": "None", "interestExpense": "70413000", "nonInterestIncome": "None", "otherNonOperatingIncome": "4972000", "depreciation": "None", "depreciationAndAmortization": "None", "incomeBeforeTax": "62467000", "incomeTaxExpense": "39414000", "interestAndDebtExpense": "70413000", "netIncomeFromContinuingOperations": "23053000", "comprehensiveIncomeNetOfTax": "24227000", "ebit": "132880000", "ebitda": "132880000", "netIncome": "23053000"}, {"fiscalDateEnding": "2017-03-31", "reportedCurrency": "USD", "grossProfit": "2055838000", "totalRevenue": "2610565000", "costOfRevenue": "554727000", "costofGoodsAndServicesSold": "255777000", "operatingIncome": "107746000", "sellingGeneralAndAdministrative": "97238000", "researchAndDevelopment": "56894000", "operatingExpenses": "355844000", "investmentIncomeNet": "None", "netInterestIncome": "-71515000", "interestIncome": "None", "interestExpense": "71515000", "nonInterestIncome": "-17000000", "otherNonOperatingIncome": "3151000", "depreciation": "None", "depreciationAndAmortization": "816036000", "incomeBeforeTax": "39382000", "incomeTaxExpense": "10865000", "interestAndDebtExpense": "71515000", "netIncomeFromContinuingOperations": "28517000", "comprehensiveIncomeNetOfTax": "28863000", "ebit": "110897000", "ebitda": "926933000", "netIncome": "28517000"}, {"fiscalDateEnding": "2016-12-31", "reportedCurrency": "USD", "grossProfit": "2402039000", "totalRevenue": "2402039000", "costOfRevenue": "389366000", "costofGoodsAndServicesSold": "1136886000", "operatingIncome": "-105487000", "sellingGeneralAndAdministrative": "102182000", "researchAndDevelopment": "None", "operatingExpenses": "1114082000", "investmentIncomeNet": "None", "netInterestIncome": "-71325000", "interestIncome": "None", "interestExpense": "71325000", "nonInterestIncome": "63034000", "otherNonOperatingIncome": "-17198000", "depreciation": "None", "depreciationAndAmortization": "None", "incomeBeforeTax": "-194010000", "incomeTaxExpense": "-51658000", "interestAndDebtExpense": "71325000", "netIncomeFromContinuingOperations": "-53829000", "comprehensiveIncomeNetOfTax": "-53829000", "ebit": "-122685000", "ebitda": "-122685000", "netIncome": "-142352000"}]}