{"symbol": "EQR", "annualReports": [{"fiscalDateEnding": "2020-12-31", "reportedCurrency": "USD", "grossProfit": "-385373000", "totalRevenue": "139505000", "costOfRevenue": "524878000", "costofGoodsAndServicesSold": "440998000", "operatingIncome": "1317990000", "sellingGeneralAndAdministrative": "48305000", "researchAndDevelopment": "None", "operatingExpenses": "83380000", "investmentIncomeNet": "None", "netInterestIncome": "-366102000", "interestIncome": "5935000", "interestExpense": "366102000", "nonInterestIncome": "-26200000", "otherNonOperatingIncome": "-17510000", "depreciation": "820832000", "depreciationAndAmortization": "35075000", "incomeBeforeTax": "914488000", "incomeTaxExpense": "852000", "interestAndDebtExpense": "392252000", "netIncomeFromContinuingOperations": "962501000", "comprehensiveIncomeNetOfTax": "946314000", "ebit": "1317990000", "ebitda": "1315665000", "netIncome": "913636000"}, {"fiscalDateEnding": "2019-12-31", "reportedCurrency": "USD", "grossProfit": "2179897000", "totalRevenue": "2701075000", "costOfRevenue": "521178000", "costofGoodsAndServicesSold": "446845000", "operatingIncome": "1356160000", "sellingGeneralAndAdministrative": "52757000", "researchAndDevelopment": "None", "operatingExpenses": "73933000", "investmentIncomeNet": "None", "netInterestIncome": "-390301000", "interestIncome": "2817000", "interestExpense": "390301000", "nonInterestIncome": "-13263000", "otherNonOperatingIncome": "-18177000", "depreciation": "831083000", "depreciationAndAmortization": "21176000", "incomeBeforeTax": "968096000", "incomeTaxExpense": "-2281000", "interestAndDebtExpense": "403948000", "netIncomeFromContinuingOperations": "1009708000", "comprehensiveIncomeNetOfTax": "958259000", "ebit": "1356160000", "ebitda": "1379573000", "netIncome": "970377000"}, {"fiscalDateEnding": "2018-12-31", "reportedCurrency": "USD", "grossProfit": "2071452000", "totalRevenue": "2578434000", "costOfRevenue": "506982000", "costofGoodsAndServicesSold": "429335000", "operatingIncome": "1114617000", "sellingGeneralAndAdministrative": "53813000", "researchAndDevelopment": "None", "operatingExpenses": "76447000", "investmentIncomeNet": "None", "netInterestIncome": "-413360000", "interestIncome": "15317000", "interestExpense": "413360000", "nonInterestIncome": "2556324000", "otherNonOperatingIncome": "-17267000", "depreciation": "785725000", "depreciationAndAmortization": "22832000", "incomeBeforeTax": "658413000", "incomeTaxExpense": "878000", "interestAndDebtExpense": "435470000", "netIncomeFromContinuingOperations": "654445000", "comprehensiveIncomeNetOfTax": "680292000", "ebit": "1114617000", "ebitda": "1094605000", "netIncome": "657535000"}, {"fiscalDateEnding": "2017-12-31", "reportedCurrency": "USD", "grossProfit": "1904040000", "totalRevenue": "2471406000", "costOfRevenue": "567366000", "costofGoodsAndServicesSold": "490774000", "operatingIncome": "1004528000", "sellingGeneralAndAdministrative": "52224000", "researchAndDevelopment": "None", "operatingExpenses": "76592000", "investmentIncomeNet": "None", "netInterestIncome": "-383890000", "interestIncome": "6136000", "interestExpense": "383890000", "nonInterestIncome": "2458431000", "otherNonOperatingIncome": "-5186000", "depreciation": "743749000", "depreciationAndAmortization": "22675000", "incomeBeforeTax": "603932000", "incomeTaxExpense": "478000", "interestAndDebtExpense": "396148000", "netIncomeFromContinuingOperations": "600363000", "comprehensiveIncomeNetOfTax": "627833000", "ebit": "1004528000", "ebitda": "1010497000", "netIncome": "603454000"}, {"fiscalDateEnding": "2016-12-31", "reportedCurrency": "USD", "grossProfit": "1832516000", "totalRevenue": "2425800000", "costOfRevenue": "593284000", "costofGoodsAndServicesSold": "488838000", "operatingIncome": "856086000", "sellingGeneralAndAdministrative": "57840000", "researchAndDevelopment": "None", "operatingExpenses": "101246000", "investmentIncomeNet": "None", "netInterestIncome": "-482246000", "interestIncome": "65773000", "interestExpense": "482246000", "nonInterestIncome": "2422233000", "otherNonOperatingIncome": "-10368000", "depreciation": "705649000", "depreciationAndAmortization": "45106000", "incomeBeforeTax": "4293776000", "incomeTaxExpense": "1613000", "interestAndDebtExpense": "482246000", "netIncomeFromContinuingOperations": "4288574000", "comprehensiveIncomeNetOfTax": "4328800000", "ebit": "856086000", "ebitda": "4821128000", "netIncome": "4292163000"}], "quarterlyReports": [{"fiscalDateEnding": "2021-09-30", "reportedCurrency": "USD", "grossProfit": "166175000", "totalRevenue": "295677000", "costOfRevenue": "129502000", "costofGoodsAndServicesSold": "116461000", "operatingIncome": "521554000", "sellingGeneralAndAdministrative": "13041000", "researchAndDevelopment": "None", "operatingExpenses": "13041000", "investmentIncomeNet": "None", "netInterestIncome": "-68251000", "interestIncome": "973000", "interestExpense": "68251000", "nonInterestIncome": "0", "otherNonOperatingIncome": "-3456000", "depreciation": "215397000", "depreciationAndAmortization": "2360000", "incomeBeforeTax": "432235000", "incomeTaxExpense": "284000", "interestAndDebtExpense": "68251000", "netIncomeFromContinuingOperations": "447332000", "comprehensiveIncomeNetOfTax": "434236000", "ebit": "521554000", "ebitda": "502846000", "netIncome": "431951000"}, {"fiscalDateEnding": "2021-06-30", "reportedCurrency": "USD", "grossProfit": "34190000", "totalRevenue": "156614000", "costOfRevenue": "122424000", "costofGoodsAndServicesSold": "107746000", "operatingIncome": "376844000", "sellingGeneralAndAdministrative": "14678000", "researchAndDevelopment": "None", "operatingExpenses": "14678000", "investmentIncomeNet": "None", "netInterestIncome": "-67124000", "interestIncome": "-44959000", "interestExpense": "67124000", "nonInterestIncome": "0", "otherNonOperatingIncome": "-3342000", "depreciation": "200673000", "depreciationAndAmortization": "2330000", "incomeBeforeTax": "316628000", "incomeTaxExpense": "242000", "interestAndDebtExpense": "67124000", "netIncomeFromContinuingOperations": "328040000", "comprehensiveIncomeNetOfTax": "318642000", "ebit": "376844000", "ebitda": "386082000", "netIncome": "316386000"}, {"fiscalDateEnding": "2021-03-31", "reportedCurrency": "USD", "grossProfit": "-202403000", "totalRevenue": "597602000", "costOfRevenue": "134738000", "costofGoodsAndServicesSold": "117054000", "operatingIncome": "135560000", "sellingGeneralAndAdministrative": "15383000", "researchAndDevelopment": "None", "operatingExpenses": "17684000", "investmentIncomeNet": "None", "netInterestIncome": "-67358000", "interestIncome": "216000", "interestExpense": "67358000", "nonInterestIncome": "-264000", "otherNonOperatingIncome": "-4110000", "depreciation": "199962000", "depreciationAndAmortization": "2301000", "incomeBeforeTax": "57692000", "incomeTaxExpense": "153000", "interestAndDebtExpense": "67622000", "netIncomeFromContinuingOperations": "60364000", "comprehensiveIncomeNetOfTax": "59758000", "ebit": "135560000", "ebitda": "127351000", "netIncome": "57539000"}, {"fiscalDateEnding": "2020-12-31", "reportedCurrency": "USD", "grossProfit": "-101326000", "totalRevenue": "35741000", "costOfRevenue": "137067000", "costofGoodsAndServicesSold": "107665000", "operatingIncome": "356606000", "sellingGeneralAndAdministrative": "11093000", "researchAndDevelopment": "None", "operatingExpenses": "28902000", "investmentIncomeNet": "None", "netInterestIncome": "-117753000", "interestIncome": "1929000", "interestExpense": "117753000", "nonInterestIncome": "-26113000", "otherNonOperatingIncome": "-9186000", "depreciation": "201829000", "depreciationAndAmortization": "17809000", "incomeBeforeTax": "253206000", "incomeTaxExpense": "350000", "interestAndDebtExpense": "143866000", "netIncomeFromContinuingOperations": "262984000", "comprehensiveIncomeNetOfTax": "270028000", "ebit": "356606000", "ebitda": "388768000", "netIncome": "252856000"}, {"fiscalDateEnding": "2020-09-30", "reportedCurrency": "USD", "grossProfit": "-204823000", "totalRevenue": "622433000", "costOfRevenue": "123924000", "costofGoodsAndServicesSold": "113065000", "operatingIncome": "182410000", "sellingGeneralAndAdministrative": "10859000", "researchAndDevelopment": "None", "operatingExpenses": "10859000", "investmentIncomeNet": "None", "netInterestIncome": "-80874000", "interestIncome": "-82440000", "interestExpense": "80874000", "nonInterestIncome": "-30000", "otherNonOperatingIncome": "-4097000", "depreciation": "200605000", "depreciationAndAmortization": "5874000", "incomeBeforeTax": "91548000", "incomeTaxExpense": "262000", "interestAndDebtExpense": "80874000", "netIncomeFromContinuingOperations": "95365000", "comprehensiveIncomeNetOfTax": "96952000", "ebit": "182410000", "ebitda": "178296000", "netIncome": "91286000"}, {"fiscalDateEnding": "2020-06-30", "reportedCurrency": "USD", "grossProfit": "-53906000", "totalRevenue": "62381000", "costOfRevenue": "116287000", "costofGoodsAndServicesSold": "104452000", "operatingIncome": "356889000", "sellingGeneralAndAdministrative": "11835000", "researchAndDevelopment": "None", "operatingExpenses": "11835000", "investmentIncomeNet": "None", "netInterestIncome": "-81885000", "interestIncome": "1511000", "interestExpense": "81885000", "nonInterestIncome": "-56000", "otherNonOperatingIncome": "-1694000", "depreciation": "205976000", "depreciationAndAmortization": "5761000", "incomeBeforeTax": "261075000", "incomeTaxExpense": "187000", "interestAndDebtExpense": "81885000", "netIncomeFromContinuingOperations": "271481000", "comprehensiveIncomeNetOfTax": "266230000", "ebit": "356889000", "ebitda": "348721000", "netIncome": "260888000"}, {"fiscalDateEnding": "2020-03-31", "reportedCurrency": "USD", "grossProfit": "546364000", "totalRevenue": "682329000", "costOfRevenue": "135965000", "costofGoodsAndServicesSold": "115816000", "operatingIncome": "422085000", "sellingGeneralAndAdministrative": "14518000", "researchAndDevelopment": "None", "operatingExpenses": "20149000", "investmentIncomeNet": "None", "netInterestIncome": "-85590000", "interestIncome": "1936000", "interestExpense": "85590000", "nonInterestIncome": "-1000", "otherNonOperatingIncome": "-2533000", "depreciation": "212422000", "depreciationAndAmortization": "5631000", "incomeBeforeTax": "308659000", "incomeTaxExpense": "53000", "interestAndDebtExpense": "85590000", "netIncomeFromContinuingOperations": "332671000", "comprehensiveIncomeNetOfTax": "313104000", "ebit": "422085000", "ebitda": "399880000", "netIncome": "308606000"}, {"fiscalDateEnding": "2019-12-31", "reportedCurrency": "USD", "grossProfit": "557015000", "totalRevenue": "683919000", "costOfRevenue": "126904000", "costofGoodsAndServicesSold": "108348000", "operatingIncome": "408928000", "sellingGeneralAndAdministrative": "11630000", "researchAndDevelopment": "None", "operatingExpenses": "18156000", "investmentIncomeNet": "None", "netInterestIncome": "-100470000", "interestIncome": "596000", "interestExpense": "100470000", "nonInterestIncome": "-10242000", "otherNonOperatingIncome": "-6972000", "depreciation": "214882000", "depreciationAndAmortization": "6526000", "incomeBeforeTax": "286734000", "incomeTaxExpense": "-3030000", "interestAndDebtExpense": "110736000", "netIncomeFromContinuingOperations": "301306000", "comprehensiveIncomeNetOfTax": "296059000", "ebit": "408928000", "ebitda": "393730000", "netIncome": "289764000"}, {"fiscalDateEnding": "2019-09-30", "reportedCurrency": "USD", "grossProfit": "558762000", "totalRevenue": "685145000", "costOfRevenue": "126383000", "costofGoodsAndServicesSold": "114966000", "operatingIncome": "368338000", "sellingGeneralAndAdministrative": "11417000", "researchAndDevelopment": "None", "operatingExpenses": "11417000", "investmentIncomeNet": "None", "netInterestIncome": "-85991000", "interestIncome": "631000", "interestExpense": "85991000", "nonInterestIncome": "25000", "otherNonOperatingIncome": "-2813000", "depreciation": "211478000", "depreciationAndAmortization": "5754000", "incomeBeforeTax": "267371000", "incomeTaxExpense": "265000", "interestAndDebtExpense": "85991000", "netIncomeFromContinuingOperations": "277846000", "comprehensiveIncomeNetOfTax": "272657000", "ebit": "368338000", "ebitda": "359116000", "netIncome": "267106000"}, {"fiscalDateEnding": "2019-06-30", "reportedCurrency": "USD", "grossProfit": "546727000", "totalRevenue": "669517000", "costOfRevenue": "122790000", "costofGoodsAndServicesSold": "108461000", "operatingIncome": "369117000", "sellingGeneralAndAdministrative": "14329000", "researchAndDevelopment": "None", "operatingExpenses": "14329000", "investmentIncomeNet": "None", "netInterestIncome": "-108902000", "interestIncome": "1009000", "interestExpense": "108902000", "nonInterestIncome": "669517000", "otherNonOperatingIncome": "-5117000", "depreciation": "200508000", "depreciationAndAmortization": "4506000", "incomeBeforeTax": "309214000", "incomeTaxExpense": "246000", "interestAndDebtExpense": "108902000", "netIncomeFromContinuingOperations": "321299000", "comprehensiveIncomeNetOfTax": "294666000", "ebit": "369117000", "ebitda": "422622000", "netIncome": "308968000"}, {"fiscalDateEnding": "2019-03-31", "reportedCurrency": "USD", "grossProfit": "527653000", "totalRevenue": "662494000", "costOfRevenue": "134841000", "costofGoodsAndServicesSold": "115070000", "operatingIncome": "209969000", "sellingGeneralAndAdministrative": "15381000", "researchAndDevelopment": "None", "operatingExpenses": "19771000", "investmentIncomeNet": "None", "netInterestIncome": "-94938000", "interestIncome": "581000", "interestExpense": "94938000", "nonInterestIncome": "662494000", "otherNonOperatingIncome": "-3275000", "depreciation": "204215000", "depreciationAndAmortization": "4390000", "incomeBeforeTax": "104777000", "incomeTaxExpense": "238000", "interestAndDebtExpense": "94938000", "netIncomeFromContinuingOperations": "109257000", "comprehensiveIncomeNetOfTax": "94877000", "ebit": "209969000", "ebitda": "204105000", "netIncome": "104539000"}, {"fiscalDateEnding": "2018-12-31", "reportedCurrency": "USD", "grossProfit": "527557000", "totalRevenue": "652743000", "costOfRevenue": "125186000", "costofGoodsAndServicesSold": "106848000", "operatingIncome": "218529000", "sellingGeneralAndAdministrative": "12393000", "researchAndDevelopment": "None", "operatingExpenses": "18038000", "investmentIncomeNet": "None", "netInterestIncome": "-91906000", "interestIncome": "None", "interestExpense": "91906000", "nonInterestIncome": "653306000", "otherNonOperatingIncome": "-2396000", "depreciation": "201856000", "depreciationAndAmortization": "5645000", "incomeBeforeTax": "117298000", "incomeTaxExpense": "111000", "interestAndDebtExpense": "91906000", "netIncomeFromContinuingOperations": "91641000", "comprehensiveIncomeNetOfTax": "103413000", "ebit": "218529000", "ebitda": "214849000", "netIncome": "117187000"}, {"fiscalDateEnding": "2018-09-30", "reportedCurrency": "USD", "grossProfit": "528984000", "totalRevenue": "652867000", "costOfRevenue": "123883000", "costofGoodsAndServicesSold": "110541000", "operatingIncome": "339403000", "sellingGeneralAndAdministrative": "12640000", "researchAndDevelopment": "None", "operatingExpenses": "13342000", "investmentIncomeNet": "None", "netInterestIncome": "-111219000", "interestIncome": "None", "interestExpense": "111219000", "nonInterestIncome": "652677000", "otherNonOperatingIncome": "-7661000", "depreciation": "194618000", "depreciationAndAmortization": "5689000", "incomeBeforeTax": "215217000", "incomeTaxExpense": "280000", "interestAndDebtExpense": "111219000", "netIncomeFromContinuingOperations": "223846000", "comprehensiveIncomeNetOfTax": "230948000", "ebit": "339403000", "ebitda": "332125000", "netIncome": "214937000"}, {"fiscalDateEnding": "2018-06-30", "reportedCurrency": "USD", "grossProfit": "523562000", "totalRevenue": "639808000", "costOfRevenue": "116246000", "costofGoodsAndServicesSold": "103744000", "operatingIncome": "217603000", "sellingGeneralAndAdministrative": "12502000", "researchAndDevelopment": "None", "operatingExpenses": "12502000", "investmentIncomeNet": "None", "netInterestIncome": "-94131000", "interestIncome": "None", "interestExpense": "94131000", "nonInterestIncome": "639620000", "otherNonOperatingIncome": "-3769000", "depreciation": "192942000", "depreciationAndAmortization": "5612000", "incomeBeforeTax": "113876000", "incomeTaxExpense": "274000", "interestAndDebtExpense": "94131000", "netIncomeFromContinuingOperations": "118410000", "comprehensiveIncomeNetOfTax": "123644000", "ebit": "217603000", "ebitda": "213619000", "netIncome": "113602000"}, {"fiscalDateEnding": "2018-03-31", "reportedCurrency": "USD", "grossProfit": "479206000", "totalRevenue": "633016000", "costOfRevenue": "153810000", "costofGoodsAndServicesSold": "131646000", "operatingIncome": "339082000", "sellingGeneralAndAdministrative": "16278000", "researchAndDevelopment": "None", "operatingExpenses": "22164000", "investmentIncomeNet": "None", "netInterestIncome": "-116104000", "interestIncome": "None", "interestExpense": "116104000", "nonInterestIncome": "610721000", "otherNonOperatingIncome": "-3441000", "depreciation": "196309000", "depreciationAndAmortization": "5886000", "incomeBeforeTax": "212022000", "incomeTaxExpense": "213000", "interestAndDebtExpense": "138214000", "netIncomeFromContinuingOperations": "220548000", "comprehensiveIncomeNetOfTax": "222287000", "ebit": "339082000", "ebitda": "334012000", "netIncome": "211809000"}, {"fiscalDateEnding": "2017-12-31", "reportedCurrency": "USD", "grossProfit": "491790000", "totalRevenue": "630704000", "costOfRevenue": "138914000", "costofGoodsAndServicesSold": "119427000", "operatingIncome": "371821000", "sellingGeneralAndAdministrative": "11858000", "researchAndDevelopment": "None", "operatingExpenses": "19487000", "investmentIncomeNet": "None", "netInterestIncome": "-95311000", "interestIncome": "None", "interestExpense": "95311000", "nonInterestIncome": "618261000", "otherNonOperatingIncome": "-2026000", "depreciation": "200785000", "depreciationAndAmortization": "5936000", "incomeBeforeTax": "125210000", "incomeTaxExpense": "-232000", "interestAndDebtExpense": "107569000", "netIncomeFromContinuingOperations": "124669000", "comprehensiveIncomeNetOfTax": "131284000", "ebit": "371821000", "ebitda": "226457000", "netIncome": "125442000"}, {"fiscalDateEnding": "2017-09-30", "reportedCurrency": "USD", "grossProfit": "485973000", "totalRevenue": "624122000", "costOfRevenue": "138149000", "costofGoodsAndServicesSold": "125582000", "operatingIncome": "217786000", "sellingGeneralAndAdministrative": "12567000", "researchAndDevelopment": "None", "operatingExpenses": "12567000", "investmentIncomeNet": "None", "netInterestIncome": "-91145000", "interestIncome": "None", "interestExpense": "91145000", "nonInterestIncome": "623951000", "otherNonOperatingIncome": "-1028000", "depreciation": "184100000", "depreciationAndAmortization": "5776000", "incomeBeforeTax": "138457000", "incomeTaxExpense": "228000", "interestAndDebtExpense": "91145000", "netIncomeFromContinuingOperations": "137457000", "comprehensiveIncomeNetOfTax": "144472000", "ebit": "217786000", "ebitda": "235378000", "netIncome": "138229000"}, {"fiscalDateEnding": "2017-06-30", "reportedCurrency": "USD", "grossProfit": "477949000", "totalRevenue": "612480000", "costOfRevenue": "134531000", "costofGoodsAndServicesSold": "120905000", "operatingIncome": "210550000", "sellingGeneralAndAdministrative": "13626000", "researchAndDevelopment": "None", "operatingExpenses": "13626000", "investmentIncomeNet": "None", "netInterestIncome": "-91224000", "interestIncome": "None", "interestExpense": "91224000", "nonInterestIncome": "612299000", "otherNonOperatingIncome": "-1042000", "depreciation": "179896000", "depreciationAndAmortization": "5527000", "incomeBeforeTax": "196261000", "incomeTaxExpense": "220000", "interestAndDebtExpense": "91224000", "netIncomeFromContinuingOperations": "195268000", "comprehensiveIncomeNetOfTax": "203919000", "ebit": "210550000", "ebitda": "293012000", "netIncome": "196041000"}, {"fiscalDateEnding": "2017-03-31", "reportedCurrency": "USD", "grossProfit": "459631000", "totalRevenue": "604100000", "costOfRevenue": "144469000", "costofGoodsAndServicesSold": "124860000", "operatingIncome": "204371000", "sellingGeneralAndAdministrative": "14173000", "researchAndDevelopment": "None", "operatingExpenses": "19609000", "investmentIncomeNet": "None", "netInterestIncome": "-106210000", "interestIncome": "None", "interestExpense": "106210000", "nonInterestIncome": "603920000", "otherNonOperatingIncome": "-1090000", "depreciation": "178968000", "depreciationAndAmortization": "5436000", "incomeBeforeTax": "144004000", "incomeTaxExpense": "262000", "interestAndDebtExpense": "106210000", "netIncomeFromContinuingOperations": "142969000", "comprehensiveIncomeNetOfTax": "148158000", "ebit": "204371000", "ebitda": "255650000", "netIncome": "143742000"}, {"fiscalDateEnding": "2016-12-31", "reportedCurrency": "USD", "grossProfit": "474457000", "totalRevenue": "605489000", "costOfRevenue": "131032000", "costofGoodsAndServicesSold": "115147000", "operatingIncome": "224070000", "sellingGeneralAndAdministrative": "10432000", "researchAndDevelopment": "None", "operatingExpenses": "15585000", "investmentIncomeNet": "None", "netInterestIncome": "-137588000", "interestIncome": "None", "interestExpense": "137588000", "nonInterestIncome": "605273000", "otherNonOperatingIncome": "4112000", "depreciation": "177407000", "depreciationAndAmortization": "5353000", "incomeBeforeTax": "277674000", "incomeTaxExpense": "424000", "interestAndDebtExpense": "137588000", "netIncomeFromContinuingOperations": "276098000", "comprehensiveIncomeNetOfTax": "281887000", "ebit": "224070000", "ebitda": "420615000", "netIncome": "277250000"}]}