{"symbol": "ES", "annualReports": [{"fiscalDateEnding": "2020-12-31", "reportedCurrency": "USD", "grossProfit": "7740536000", "totalRevenue": "8904400000", "costOfRevenue": "1163864000", "costofGoodsAndServicesSold": "170600000", "operatingIncome": "1988734000", "sellingGeneralAndAdministrative": "786685000", "researchAndDevelopment": "None", "operatingExpenses": "6915696000", "investmentIncomeNet": "4800000", "netInterestIncome": "-538452000", "interestIncome": "-538452000", "interestExpense": "538452000", "nonInterestIncome": "8766500000", "otherNonOperatingIncome": "103800000", "depreciation": "981380000", "depreciationAndAmortization": "177679000", "incomeBeforeTax": "1558886000", "incomeTaxExpense": "346186000", "interestAndDebtExpense": "538452000", "netIncomeFromContinuingOperations": "1765348000", "comprehensiveIncomeNetOfTax": "1193815000", "ebit": "2097338000", "ebitda": "2275017000", "netIncome": "1212700000"}, {"fiscalDateEnding": "2019-12-31", "reportedCurrency": "USD", "grossProfit": "7162911000", "totalRevenue": "8526500000", "costOfRevenue": "1363559000", "costofGoodsAndServicesSold": "163100000", "operatingIncome": "1590500000", "sellingGeneralAndAdministrative": "738335000", "researchAndDevelopment": "None", "operatingExpenses": "6935979000", "investmentIncomeNet": "12800000", "netInterestIncome": "-533200000", "interestIncome": "-3000", "interestExpense": "533197000", "nonInterestIncome": "8450000000", "otherNonOperatingIncome": "120000000", "depreciation": "885278000", "depreciationAndAmortization": "195380000", "incomeBeforeTax": "1190071000", "incomeTaxExpense": "273499000", "interestAndDebtExpense": "533200000", "netIncomeFromContinuingOperations": "1491978000", "comprehensiveIncomeNetOfTax": "903994000", "ebit": "1723268000", "ebitda": "1918648000", "netIncome": "916572000"}, {"fiscalDateEnding": "2018-12-31", "reportedCurrency": "USD", "grossProfit": "7465947000", "totalRevenue": "8448200000", "costOfRevenue": "982253000", "costofGoodsAndServicesSold": "161900000", "operatingIncome": "1699900000", "sellingGeneralAndAdministrative": "761953000", "researchAndDevelopment": "None", "operatingExpenses": "6748271000", "investmentIncomeNet": "18100000", "netInterestIncome": "-498805000", "interestIncome": "-498805000", "interestExpense": "498805000", "nonInterestIncome": "8472700000", "otherNonOperatingIncome": "110300000", "depreciation": "819930000", "depreciationAndAmortization": "252026000", "incomeBeforeTax": "1329500000", "incomeTaxExpense": "289000000", "interestAndDebtExpense": "498805000", "netIncomeFromContinuingOperations": "1539328000", "comprehensiveIncomeNetOfTax": "1039403000", "ebit": "1828305000", "ebitda": "2080331000", "netIncome": "1040500000"}, {"fiscalDateEnding": "2017-12-31", "reportedCurrency": "USD", "grossProfit": "4236086000", "totalRevenue": "7751952000", "costOfRevenue": "3515914000", "costofGoodsAndServicesSold": "2692671000", "operatingIncome": "1888249000", "sellingGeneralAndAdministrative": "706957000", "researchAndDevelopment": "None", "operatingExpenses": "5863703000", "investmentIncomeNet": "8300000", "netInterestIncome": "-421755000", "interestIncome": "45000", "interestExpense": "421800000", "nonInterestIncome": "None", "otherNonOperatingIncome": "99700000", "depreciation": "773802000", "depreciationAndAmortization": "89986000", "incomeBeforeTax": "1574392000", "incomeTaxExpense": "578892000", "interestAndDebtExpense": "421755000", "netIncomeFromContinuingOperations": "1417262000", "comprehensiveIncomeNetOfTax": "986875000", "ebit": "1996192000", "ebitda": "2086178000", "netIncome": "995500000"}, {"fiscalDateEnding": "2016-12-31", "reportedCurrency": "USD", "grossProfit": "4171292000", "totalRevenue": "7639129000", "costOfRevenue": "3467808000", "costofGoodsAndServicesSold": "2663528000", "operatingIncome": "1841300000", "sellingGeneralAndAdministrative": "709684000", "researchAndDevelopment": "None", "operatingExpenses": "5797855000", "investmentIncomeNet": "11000000", "netInterestIncome": "-400961000", "interestIncome": "-400961000", "interestExpense": "400961000", "nonInterestIncome": "None", "otherNonOperatingIncome": "53500000", "depreciation": "715466000", "depreciationAndAmortization": "71696000", "incomeBeforeTax": "1504800000", "incomeTaxExpense": "555000000", "interestAndDebtExpense": "400961000", "netIncomeFromContinuingOperations": "1350820000", "comprehensiveIncomeNetOfTax": "943864000", "ebit": "1905761000", "ebitda": "1977457000", "netIncome": "949800000"}], "quarterlyReports": [{"fiscalDateEnding": "2021-09-30", "reportedCurrency": "USD", "grossProfit": "2124277000", "totalRevenue": "2432794000", "costOfRevenue": "308517000", "costofGoodsAndServicesSold": "49400000", "operatingIncome": "483331000", "sellingGeneralAndAdministrative": "213881000", "researchAndDevelopment": "None", "operatingExpenses": "1949463000", "investmentIncomeNet": "None", "netInterestIncome": "-148000000", "interestIncome": "-147962000", "interestExpense": "148000000", "nonInterestIncome": "2444600000", "otherNonOperatingIncome": "43768000", "depreciation": "276846000", "depreciationAndAmortization": "45236000", "incomeBeforeTax": "379137000", "incomeTaxExpense": "94091000", "interestAndDebtExpense": "148000000", "netIncomeFromContinuingOperations": "433040000", "comprehensiveIncomeNetOfTax": "285643000", "ebit": "527137000", "ebitda": "572373000", "netIncome": "285046000"}, {"fiscalDateEnding": "2021-06-30", "reportedCurrency": "USD", "grossProfit": "1876503000", "totalRevenue": "2122500000", "costOfRevenue": "245997000", "costofGoodsAndServicesSold": "39900000", "operatingIncome": "451605000", "sellingGeneralAndAdministrative": "200486000", "researchAndDevelopment": "None", "operatingExpenses": "1670933000", "investmentIncomeNet": "None", "netInterestIncome": "-145400000", "interestIncome": "-145435000", "interestExpense": "145400000", "nonInterestIncome": "2142900000", "otherNonOperatingIncome": "46619000", "depreciation": "274647000", "depreciationAndAmortization": "5611000", "incomeBeforeTax": "352789000", "incomeTaxExpense": "86389000", "interestAndDebtExpense": "145400000", "netIncomeFromContinuingOperations": "411835000", "comprehensiveIncomeNetOfTax": "265401000", "ebit": "498189000", "ebitda": "503800000", "netIncome": "266400000"}, {"fiscalDateEnding": "2021-03-31", "reportedCurrency": "USD", "grossProfit": "2459768000", "totalRevenue": "2825840000", "costOfRevenue": "366072000", "costofGoodsAndServicesSold": "48600000", "operatingIncome": "585568000", "sellingGeneralAndAdministrative": "209459000", "researchAndDevelopment": "None", "operatingExpenses": "2240272000", "investmentIncomeNet": "None", "netInterestIncome": "-137766000", "interestIncome": "-123966000", "interestExpense": "137766000", "nonInterestIncome": "2771700000", "otherNonOperatingIncome": "34201000", "depreciation": "270704000", "depreciationAndAmortization": "108013000", "incomeBeforeTax": "482003000", "incomeTaxExpense": "113980000", "interestAndDebtExpense": "137766000", "netIncomeFromContinuingOperations": "505789000", "comprehensiveIncomeNetOfTax": "367331000", "ebit": "619769000", "ebitda": "727782000", "netIncome": "368023000"}, {"fiscalDateEnding": "2020-12-31", "reportedCurrency": "USD", "grossProfit": "1886549000", "totalRevenue": "2233900000", "costOfRevenue": "347351000", "costofGoodsAndServicesSold": "41500000", "operatingIncome": "454728000", "sellingGeneralAndAdministrative": "229959000", "researchAndDevelopment": "None", "operatingExpenses": "1779205000", "investmentIncomeNet": "None", "netInterestIncome": "-135385000", "interestIncome": "-33000", "interestExpense": "135385000", "nonInterestIncome": "2172700000", "otherNonOperatingIncome": "25025000", "depreciation": "260201000", "depreciationAndAmortization": "46992000", "incomeBeforeTax": "344382000", "incomeTaxExpense": "70565000", "interestAndDebtExpense": "135385000", "netIncomeFromContinuingOperations": "423363000", "comprehensiveIncomeNetOfTax": "255909000", "ebit": "479767000", "ebitda": "526759000", "netIncome": "273817000"}, {"fiscalDateEnding": "2020-09-30", "reportedCurrency": "USD", "grossProfit": "2040573000", "totalRevenue": "2343600000", "costOfRevenue": "303027000", "costofGoodsAndServicesSold": "48400000", "operatingIncome": "561230000", "sellingGeneralAndAdministrative": "197112000", "researchAndDevelopment": "None", "operatingExpenses": "1782412000", "investmentIncomeNet": "None", "netInterestIncome": "-134066000", "interestIncome": "34000", "interestExpense": "134100000", "nonInterestIncome": "2352100000", "otherNonOperatingIncome": "29218000", "depreciation": "244453000", "depreciationAndAmortization": "57515000", "incomeBeforeTax": "456382000", "incomeTaxExpense": "108242000", "interestAndDebtExpense": "134066000", "netIncomeFromContinuingOperations": "482188000", "comprehensiveIncomeNetOfTax": "348421000", "ebit": "590448000", "ebitda": "647963000", "netIncome": "348140000"}, {"fiscalDateEnding": "2020-06-30", "reportedCurrency": "USD", "grossProfit": "1714112000", "totalRevenue": "1953100000", "costOfRevenue": "239016000", "costofGoodsAndServicesSold": "37600000", "operatingIncome": "433655000", "sellingGeneralAndAdministrative": "178019000", "researchAndDevelopment": "None", "operatingExpenses": "1519473000", "investmentIncomeNet": "None", "netInterestIncome": "-134300000", "interestIncome": "1000000", "interestExpense": "134300000", "nonInterestIncome": "1947200000", "otherNonOperatingIncome": "30243000", "depreciation": "240516000", "depreciationAndAmortization": "23397000", "incomeBeforeTax": "329613000", "incomeTaxExpense": "75501000", "interestAndDebtExpense": "134300000", "netIncomeFromContinuingOperations": "388354000", "comprehensiveIncomeNetOfTax": "252785000", "ebit": "463913000", "ebitda": "487310000", "netIncome": "254112000"}, {"fiscalDateEnding": "2020-03-31", "reportedCurrency": "USD", "grossProfit": "2099256000", "totalRevenue": "2373700000", "costOfRevenue": "274470000", "costofGoodsAndServicesSold": "43100000", "operatingIncome": "539120000", "sellingGeneralAndAdministrative": "181594000", "researchAndDevelopment": "None", "operatingExpenses": "1834606000", "investmentIncomeNet": "None", "netInterestIncome": "-134715000", "interestIncome": "-134315000", "interestExpense": "134715000", "nonInterestIncome": "2294400000", "otherNonOperatingIncome": "24104000", "depreciation": "236211000", "depreciationAndAmortization": "49776000", "incomeBeforeTax": "428509000", "incomeTaxExpense": "91876000", "interestAndDebtExpense": "134715000", "netIncomeFromContinuingOperations": "471324000", "comprehensiveIncomeNetOfTax": "336701000", "ebit": "563224000", "ebitda": "613000000", "netIncome": "336633000"}, {"fiscalDateEnding": "2019-12-31", "reportedCurrency": "USD", "grossProfit": "2050400000", "totalRevenue": "2050400000", "costOfRevenue": "278519000", "costofGoodsAndServicesSold": "39100000", "operatingIncome": "435600000", "sellingGeneralAndAdministrative": "200699000", "researchAndDevelopment": "None", "operatingExpenses": "1614821000", "investmentIncomeNet": "None", "netInterestIncome": "-133546000", "interestIncome": "-3000", "interestExpense": "133543000", "nonInterestIncome": "2015900000", "otherNonOperatingIncome": "28943000", "depreciation": "228646000", "depreciationAndAmortization": "11620000", "incomeBeforeTax": "330964000", "incomeTaxExpense": "79064000", "interestAndDebtExpense": "133546000", "netIncomeFromContinuingOperations": "435600000", "comprehensiveIncomeNetOfTax": "236995000", "ebit": "464507000", "ebitda": "476127000", "netIncome": "251900000"}, {"fiscalDateEnding": "2019-09-30", "reportedCurrency": "USD", "grossProfit": "1887378000", "totalRevenue": "2175800000", "costOfRevenue": "288419000", "costofGoodsAndServicesSold": "42600000", "operatingIncome": "509200000", "sellingGeneralAndAdministrative": "171965000", "researchAndDevelopment": "None", "operatingExpenses": "1666559000", "investmentIncomeNet": "None", "netInterestIncome": "-135216000", "interestIncome": "-16000", "interestExpense": "135200000", "nonInterestIncome": "2168400000", "otherNonOperatingIncome": "26968000", "depreciation": "222599000", "depreciationAndAmortization": "73854000", "incomeBeforeTax": "400990000", "incomeTaxExpense": "80226000", "interestAndDebtExpense": "135216000", "netIncomeFromContinuingOperations": "455974000", "comprehensiveIncomeNetOfTax": "320508000", "ebit": "536190000", "ebitda": "610044000", "netIncome": "320764000"}, {"fiscalDateEnding": "2019-06-30", "reportedCurrency": "USD", "grossProfit": "1388428000", "totalRevenue": "1884500000", "costOfRevenue": "496072000", "costofGoodsAndServicesSold": "36400000", "operatingIncome": "151000000", "sellingGeneralAndAdministrative": "181083000", "researchAndDevelopment": "None", "operatingExpenses": "1733507000", "investmentIncomeNet": "None", "netInterestIncome": "-132700000", "interestIncome": "-106105000", "interestExpense": "132700000", "nonInterestIncome": "1868200000", "otherNonOperatingIncome": "45866000", "depreciation": "219084000", "depreciationAndAmortization": "38945000", "incomeBeforeTax": "64149000", "incomeTaxExpense": "30815000", "interestAndDebtExpense": "132700000", "netIncomeFromContinuingOperations": "166073000", "comprehensiveIncomeNetOfTax": "35617000", "ebit": "196849000", "ebitda": "235794000", "netIncome": "33334000"}, {"fiscalDateEnding": "2019-03-31", "reportedCurrency": "USD", "grossProfit": "2186204000", "totalRevenue": "2415800000", "costOfRevenue": "229588000", "costofGoodsAndServicesSold": "45000000", "operatingIncome": "494700000", "sellingGeneralAndAdministrative": "184588000", "researchAndDevelopment": "None", "operatingExpenses": "1921092000", "investmentIncomeNet": "None", "netInterestIncome": "-131700000", "interestIncome": "34000", "interestExpense": "131734000", "nonInterestIncome": "2397300000", "otherNonOperatingIncome": "31000000", "depreciation": "214948000", "depreciationAndAmortization": "70961000", "incomeBeforeTax": "393951000", "incomeTaxExpense": "83393000", "interestAndDebtExpense": "131700000", "netIncomeFromContinuingOperations": "442307000", "comprehensiveIncomeNetOfTax": "310874000", "ebit": "525685000", "ebitda": "596646000", "netIncome": "310558000"}, {"fiscalDateEnding": "2018-12-31", "reportedCurrency": "USD", "grossProfit": "2034900000", "totalRevenue": "2034900000", "costOfRevenue": "312598000", "costofGoodsAndServicesSold": "39400000", "operatingIncome": "400000000", "sellingGeneralAndAdministrative": "214798000", "researchAndDevelopment": "None", "operatingExpenses": "1634935000", "investmentIncomeNet": "None", "netInterestIncome": "-126105000", "interestIncome": "None", "interestExpense": "126105000", "nonInterestIncome": "2013800000", "otherNonOperatingIncome": "27733000", "depreciation": "207853000", "depreciationAndAmortization": "77918000", "incomeBeforeTax": "301703000", "incomeTaxExpense": "68503000", "interestAndDebtExpense": "126071000", "netIncomeFromContinuingOperations": "400000000", "comprehensiveIncomeNetOfTax": "230889000", "ebit": "427808000", "ebitda": "505726000", "netIncome": "233200000"}, {"fiscalDateEnding": "2018-09-30", "reportedCurrency": "USD", "grossProfit": "2007709000", "totalRevenue": "2271400000", "costOfRevenue": "263691000", "costofGoodsAndServicesSold": "43500000", "operatingIncome": "466000000", "sellingGeneralAndAdministrative": "187291000", "researchAndDevelopment": "None", "operatingExpenses": "1805404000", "investmentIncomeNet": "None", "netInterestIncome": "-125200000", "interestIncome": "1000", "interestExpense": "125201000", "nonInterestIncome": "2321100000", "otherNonOperatingIncome": "16718000", "depreciation": "208671000", "depreciationAndAmortization": "92711000", "incomeBeforeTax": "357578000", "incomeTaxExpense": "66278000", "interestAndDebtExpense": "125201000", "netIncomeFromContinuingOperations": "416461000", "comprehensiveIncomeNetOfTax": "290786000", "ebit": "482779000", "ebitda": "575490000", "netIncome": "291300000"}, {"fiscalDateEnding": "2018-06-30", "reportedCurrency": "USD", "grossProfit": "1640869000", "totalRevenue": "1853900000", "costOfRevenue": "213031000", "costofGoodsAndServicesSold": "35600000", "operatingIncome": "391400000", "sellingGeneralAndAdministrative": "177431000", "researchAndDevelopment": "None", "operatingExpenses": "1462502000", "investmentIncomeNet": "None", "netInterestIncome": "-126400000", "interestIncome": "None", "interestExpense": "126400000", "nonInterestIncome": "1860600000", "otherNonOperatingIncome": "50149000", "depreciation": "199140000", "depreciationAndAmortization": "36203000", "incomeBeforeTax": "315052000", "incomeTaxExpense": "70452000", "interestAndDebtExpense": "126404000", "netIncomeFromContinuingOperations": "371051000", "comprehensiveIncomeNetOfTax": "244909000", "ebit": "441452000", "ebitda": "477655000", "netIncome": "244600000"}, {"fiscalDateEnding": "2018-03-31", "reportedCurrency": "USD", "grossProfit": "1070226000", "totalRevenue": "2288000000", "costOfRevenue": "1217774000", "costofGoodsAndServicesSold": "990147000", "operatingIncome": "442500000", "sellingGeneralAndAdministrative": "182433000", "researchAndDevelopment": "None", "operatingExpenses": "1845430000", "investmentIncomeNet": "None", "netInterestIncome": "-121100000", "interestIncome": "None", "interestExpense": "121100000", "nonInterestIncome": "2277100000", "otherNonOperatingIncome": "33800000", "depreciation": "204266000", "depreciationAndAmortization": "45194000", "incomeBeforeTax": "355166000", "incomeTaxExpense": "83766000", "interestAndDebtExpense": "121129000", "netIncomeFromContinuingOperations": "392566000", "comprehensiveIncomeNetOfTax": "272819000", "ebit": "476266000", "ebitda": "521460000", "netIncome": "271400000"}, {"fiscalDateEnding": "2017-12-31", "reportedCurrency": "USD", "grossProfit": "1895600000", "totalRevenue": "1895600000", "costOfRevenue": "904879000", "costofGoodsAndServicesSold": "619342000", "operatingIncome": "443700000", "sellingGeneralAndAdministrative": "227309000", "researchAndDevelopment": "None", "operatingExpenses": "1451681000", "investmentIncomeNet": "None", "netInterestIncome": "-102255000", "interestIncome": "None", "interestExpense": "102323000", "nonInterestIncome": "None", "otherNonOperatingIncome": "21731000", "depreciation": "202650000", "depreciationAndAmortization": "31928000", "incomeBeforeTax": "370371000", "incomeTaxExpense": "130971000", "interestAndDebtExpense": "102278000", "netIncomeFromContinuingOperations": "450900000", "comprehensiveIncomeNetOfTax": "234631000", "ebit": "472694000", "ebitda": "504622000", "netIncome": "239400000"}, {"fiscalDateEnding": "2017-09-30", "reportedCurrency": "USD", "grossProfit": "1086395000", "totalRevenue": "1988500000", "costOfRevenue": "902117000", "costofGoodsAndServicesSold": "692076000", "operatingIncome": "495300000", "sellingGeneralAndAdministrative": "168193000", "researchAndDevelopment": "None", "operatingExpenses": "1493261000", "investmentIncomeNet": "None", "netInterestIncome": "-108700000", "interestIncome": "None", "interestExpense": "108719000", "nonInterestIncome": "None", "otherNonOperatingIncome": "21200000", "depreciation": "194466000", "depreciationAndAmortization": "41848000", "incomeBeforeTax": "415018000", "incomeTaxExpense": "152818000", "interestAndDebtExpense": "108700000", "netIncomeFromContinuingOperations": "370982000", "comprehensiveIncomeNetOfTax": "259690000", "ebit": "523737000", "ebitda": "565585000", "netIncome": "262200000"}, {"fiscalDateEnding": "2017-06-30", "reportedCurrency": "USD", "grossProfit": "1021162000", "totalRevenue": "1762800000", "costOfRevenue": "741638000", "costofGoodsAndServicesSold": "585404000", "operatingIncome": "448200000", "sellingGeneralAndAdministrative": "156234000", "researchAndDevelopment": "None", "operatingExpenses": "1314603000", "investmentIncomeNet": "None", "netInterestIncome": "-107300000", "interestIncome": "None", "interestExpense": "107329000", "nonInterestIncome": "None", "otherNonOperatingIncome": "21500000", "depreciation": "189881000", "depreciationAndAmortization": "-7807000", "incomeBeforeTax": "369872000", "incomeTaxExpense": "137272000", "interestAndDebtExpense": "107329000", "netIncomeFromContinuingOperations": "339915000", "comprehensiveIncomeNetOfTax": "229955000", "ebit": "477201000", "ebitda": "469394000", "netIncome": "232600000"}, {"fiscalDateEnding": "2017-03-31", "reportedCurrency": "USD", "grossProfit": "1124184000", "totalRevenue": "2105100000", "costOfRevenue": "980916000", "costofGoodsAndServicesSold": "795849000", "operatingIncome": "501000000", "sellingGeneralAndAdministrative": "161050000", "researchAndDevelopment": "None", "operatingExpenses": "1604158000", "investmentIncomeNet": "None", "netInterestIncome": "103400000", "interestIncome": "None", "interestExpense": "103429000", "nonInterestIncome": "None", "otherNonOperatingIncome": "13577000", "depreciation": "186805000", "depreciationAndAmortization": "24017000", "incomeBeforeTax": "419129000", "incomeTaxExpense": "157829000", "interestAndDebtExpense": "103400000", "netIncomeFromContinuingOperations": "364748000", "comprehensiveIncomeNetOfTax": "262599000", "ebit": "522558000", "ebitda": "546575000", "netIncome": "261300000"}, {"fiscalDateEnding": "2016-12-31", "reportedCurrency": "USD", "grossProfit": "1776600000", "totalRevenue": "1776600000", "costOfRevenue": "774010000", "costofGoodsAndServicesSold": "536799000", "operatingIncome": "438100000", "sellingGeneralAndAdministrative": "198838000", "researchAndDevelopment": "None", "operatingExpenses": "1357157000", "investmentIncomeNet": "None", "netInterestIncome": "-102393000", "interestIncome": "None", "interestExpense": "102361000", "nonInterestIncome": "None", "otherNonOperatingIncome": "None", "depreciation": "183685000", "depreciationAndAmortization": "15473000", "incomeBeforeTax": "357914000", "incomeTaxExpense": "126814000", "interestAndDebtExpense": "102393000", "netIncomeFromContinuingOperations": "438100000", "comprehensiveIncomeNetOfTax": "229514000", "ebit": "460275000", "ebitda": "475748000", "netIncome": "231100000"}]}