{"symbol": "ETN", "annualReports": [{"fiscalDateEnding": "2020-12-31", "reportedCurrency": "USD", "grossProfit": "5600000000", "totalRevenue": "18008000000", "costOfRevenue": "12408000000", "costofGoodsAndServicesSold": "12408000000", "operatingIncome": "1421000000", "sellingGeneralAndAdministrative": "3075000000", "researchAndDevelopment": "551000000", "operatingExpenses": "3958000000", "investmentIncomeNet": "None", "netInterestIncome": "-149000000", "interestIncome": "-149000000", "interestExpense": "149000000", "nonInterestIncome": "18155000000", "otherNonOperatingIncome": "-150000000", "depreciation": "408000000", "depreciationAndAmortization": "348000000", "incomeBeforeTax": "1741000000", "incomeTaxExpense": "331000000", "interestAndDebtExpense": "149000000", "netIncomeFromContinuingOperations": "1415000000", "comprehensiveIncomeNetOfTax": "1505000000", "ebit": "1890000000", "ebitda": "2238000000", "netIncome": "1410000000"}, {"fiscalDateEnding": "2019-12-31", "reportedCurrency": "USD", "grossProfit": "6892000000", "totalRevenue": "21230000000", "costOfRevenue": "14338000000", "costofGoodsAndServicesSold": "14338000000", "operatingIncome": "3675000000", "sellingGeneralAndAdministrative": "3583000000", "researchAndDevelopment": "606000000", "operatingExpenses": "4532000000", "investmentIncomeNet": "None", "netInterestIncome": "-199000000", "interestIncome": "-236000000", "interestExpense": "199000000", "nonInterestIncome": "21463000000", "otherNonOperatingIncome": "-73000000", "depreciation": "465000000", "depreciationAndAmortization": "359000000", "incomeBeforeTax": "2589000000", "incomeTaxExpense": "378000000", "interestAndDebtExpense": "236000000", "netIncomeFromContinuingOperations": "2213000000", "comprehensiveIncomeNetOfTax": "2066000000", "ebit": "2788000000", "ebitda": "3147000000", "netIncome": "2211000000"}, {"fiscalDateEnding": "2018-12-31", "reportedCurrency": "USD", "grossProfit": "6827000000", "totalRevenue": "21338000000", "costOfRevenue": "14511000000", "costofGoodsAndServicesSold": "14511000000", "operatingIncome": "3630000000", "sellingGeneralAndAdministrative": "3548000000", "researchAndDevelopment": "584000000", "operatingExpenses": "4225000000", "investmentIncomeNet": "None", "netInterestIncome": "-258000000", "interestIncome": "-270000000", "interestExpense": "271000000", "nonInterestIncome": "21609000000", "otherNonOperatingIncome": "-9000000", "depreciation": "473000000", "depreciationAndAmortization": "368000000", "incomeBeforeTax": "2423000000", "incomeTaxExpense": "278000000", "interestAndDebtExpense": "None", "netIncomeFromContinuingOperations": "2146000000", "comprehensiveIncomeNetOfTax": "1404000000", "ebit": "3630000000", "ebitda": "3998000000", "netIncome": "2145000000"}, {"fiscalDateEnding": "2017-12-31", "reportedCurrency": "USD", "grossProfit": "7479000000", "totalRevenue": "21235000000", "costOfRevenue": "13756000000", "costofGoodsAndServicesSold": "13756000000", "operatingIncome": "3214000000", "sellingGeneralAndAdministrative": "3526000000", "researchAndDevelopment": "584000000", "operatingExpenses": "3571000000", "investmentIncomeNet": "None", "netInterestIncome": "-246000000", "interestIncome": "-244000000", "interestExpense": "246000000", "nonInterestIncome": "1077000000", "otherNonOperatingIncome": "-1000000", "depreciation": "476000000", "depreciationAndAmortization": "383000000", "incomeBeforeTax": "3367000000", "incomeTaxExpense": "382000000", "interestAndDebtExpense": "None", "netIncomeFromContinuingOperations": "2986000000", "comprehensiveIncomeNetOfTax": "4029000000", "ebit": "3214000000", "ebitda": "3597000000", "netIncome": "2985000000"}, {"fiscalDateEnding": "2016-12-31", "reportedCurrency": "USD", "grossProfit": "-13396000000", "totalRevenue": "0", "costOfRevenue": "13396000000", "costofGoodsAndServicesSold": "13400000000", "operatingIncome": "2958000000", "sellingGeneralAndAdministrative": "3464000000", "researchAndDevelopment": "587000000", "operatingExpenses": "4697000000", "investmentIncomeNet": "None", "netInterestIncome": "-233000000", "interestIncome": "-226000000", "interestExpense": "233000000", "nonInterestIncome": "0", "otherNonOperatingIncome": "51000000", "depreciation": "486000000", "depreciationAndAmortization": "392000000", "incomeBeforeTax": "2121000000", "incomeTaxExpense": "199000000", "interestAndDebtExpense": "None", "netIncomeFromContinuingOperations": "1925000000", "comprehensiveIncomeNetOfTax": "1331000000", "ebit": "2958000000", "ebitda": "3350000000", "netIncome": "1922000000"}], "quarterlyReports": [{"fiscalDateEnding": "2021-09-30", "reportedCurrency": "USD", "grossProfit": "2134000000", "totalRevenue": "5472000000", "costOfRevenue": "3338000000", "costofGoodsAndServicesSold": "3338000000", "operatingIncome": "1114000000", "sellingGeneralAndAdministrative": "834000000", "researchAndDevelopment": "152000000", "operatingExpenses": "403000000", "investmentIncomeNet": "None", "netInterestIncome": "-37000000", "interestIncome": "-37000000", "interestExpense": "37000000", "nonInterestIncome": "5509000000", "otherNonOperatingIncome": "-66000000", "depreciation": "None", "depreciationAndAmortization": "247000000", "incomeBeforeTax": "1112000000", "incomeTaxExpense": "483000000", "interestAndDebtExpense": "None", "netIncomeFromContinuingOperations": "630000000", "comprehensiveIncomeNetOfTax": "872000000", "ebit": "1114000000", "ebitda": "1396000000", "netIncome": "629000000"}, {"fiscalDateEnding": "2021-06-30", "reportedCurrency": "USD", "grossProfit": "1726000000", "totalRevenue": "5271000000", "costOfRevenue": "3545000000", "costofGoodsAndServicesSold": "3545000000", "operatingIncome": "683000000", "sellingGeneralAndAdministrative": "876000000", "researchAndDevelopment": "154000000", "operatingExpenses": "1043000000", "investmentIncomeNet": "None", "netInterestIncome": "-37000000", "interestIncome": "-36000000", "interestExpense": "37000000", "nonInterestIncome": "5308000000", "otherNonOperatingIncome": "17000000", "depreciation": "None", "depreciationAndAmortization": "229000000", "incomeBeforeTax": "620000000", "incomeTaxExpense": "114000000", "interestAndDebtExpense": "None", "netIncomeFromContinuingOperations": "506000000", "comprehensiveIncomeNetOfTax": "700000000", "ebit": "683000000", "ebitda": "886000000", "netIncome": "506000000"}, {"fiscalDateEnding": "2021-03-31", "reportedCurrency": "USD", "grossProfit": "1409000000", "totalRevenue": "4593000000", "costOfRevenue": "3184000000", "costofGoodsAndServicesSold": "3184000000", "operatingIncome": "450000000", "sellingGeneralAndAdministrative": "795000000", "researchAndDevelopment": "148000000", "operatingExpenses": "959000000", "investmentIncomeNet": "None", "netInterestIncome": "-38000000", "interestIncome": "-39000000", "interestExpense": "38000000", "nonInterestIncome": "4631000000", "otherNonOperatingIncome": "11000000", "depreciation": "None", "depreciationAndAmortization": "208000000", "incomeBeforeTax": "537000000", "incomeTaxExpense": "79000000", "interestAndDebtExpense": "None", "netIncomeFromContinuingOperations": "459000000", "comprehensiveIncomeNetOfTax": "428000000", "ebit": "450000000", "ebitda": "783000000", "netIncome": "458000000"}, {"fiscalDateEnding": "2020-12-31", "reportedCurrency": "USD", "grossProfit": "1604000000", "totalRevenue": "4782000000", "costOfRevenue": "3178000000", "costofGoodsAndServicesSold": "3178000000", "operatingIncome": "343000000", "sellingGeneralAndAdministrative": "765000000", "researchAndDevelopment": "140000000", "operatingExpenses": "1261000000", "investmentIncomeNet": "None", "netInterestIncome": "-36000000", "interestIncome": "-36000000", "interestExpense": "36000000", "nonInterestIncome": "4816000000", "otherNonOperatingIncome": "-15000000", "depreciation": "None", "depreciationAndAmortization": "208000000", "incomeBeforeTax": "552000000", "incomeTaxExpense": "77000000", "interestAndDebtExpense": "None", "netIncomeFromContinuingOperations": "476000000", "comprehensiveIncomeNetOfTax": "813000000", "ebit": "343000000", "ebitda": "796000000", "netIncome": "475000000"}, {"fiscalDateEnding": "2020-09-30", "reportedCurrency": "USD", "grossProfit": "1483000000", "totalRevenue": "4534000000", "costOfRevenue": "3051000000", "costofGoodsAndServicesSold": "3051000000", "operatingIncome": "587000000", "sellingGeneralAndAdministrative": "754000000", "researchAndDevelopment": "132000000", "operatingExpenses": "896000000", "investmentIncomeNet": "None", "netInterestIncome": "-41000000", "interestIncome": "-41000000", "interestExpense": "41000000", "nonInterestIncome": "4575000000", "otherNonOperatingIncome": "-23000000", "depreciation": "None", "depreciationAndAmortization": "206000000", "incomeBeforeTax": "524000000", "incomeTaxExpense": "78000000", "interestAndDebtExpense": "None", "netIncomeFromContinuingOperations": "447000000", "comprehensiveIncomeNetOfTax": "722000000", "ebit": "587000000", "ebitda": "771000000", "netIncome": "446000000"}, {"fiscalDateEnding": "2020-06-30", "reportedCurrency": "USD", "grossProfit": "988000000", "totalRevenue": "3865000000", "costOfRevenue": "2877000000", "costofGoodsAndServicesSold": "2877000000", "operatingIncome": "-16000000", "sellingGeneralAndAdministrative": "691000000", "researchAndDevelopment": "126000000", "operatingExpenses": "1004000000", "investmentIncomeNet": "None", "netInterestIncome": "-38000000", "interestIncome": "-38000000", "interestExpense": "38000000", "nonInterestIncome": "3903000000", "otherNonOperatingIncome": "-77000000", "depreciation": "None", "depreciationAndAmortization": "198000000", "incomeBeforeTax": "44000000", "incomeTaxExpense": "-7000000", "interestAndDebtExpense": "38000000", "netIncomeFromContinuingOperations": "54000000", "comprehensiveIncomeNetOfTax": "208000000", "ebit": "82000000", "ebitda": "280000000", "netIncome": "51000000"}, {"fiscalDateEnding": "2020-03-31", "reportedCurrency": "USD", "grossProfit": "1525000000", "totalRevenue": "4827000000", "costOfRevenue": "3302000000", "costofGoodsAndServicesSold": "3302000000", "operatingIncome": "507000000", "sellingGeneralAndAdministrative": "865000000", "researchAndDevelopment": "153000000", "operatingExpenses": "797000000", "investmentIncomeNet": "None", "netInterestIncome": "-34000000", "interestIncome": "-34000000", "interestExpense": "34000000", "nonInterestIncome": "4861000000", "otherNonOperatingIncome": "-35000000", "depreciation": "None", "depreciationAndAmortization": "199000000", "incomeBeforeTax": "621000000", "incomeTaxExpense": "183000000", "interestAndDebtExpense": "34000000", "netIncomeFromContinuingOperations": "438000000", "comprehensiveIncomeNetOfTax": "-238000000", "ebit": "655000000", "ebitda": "854000000", "netIncome": "438000000"}, {"fiscalDateEnding": "2019-12-31", "reportedCurrency": "USD", "grossProfit": "1693000000", "totalRevenue": "5249000000", "costOfRevenue": "3556000000", "costofGoodsAndServicesSold": "3556000000", "operatingIncome": "1691000000", "sellingGeneralAndAdministrative": "874000000", "researchAndDevelopment": "152000000", "operatingExpenses": "1317000000", "investmentIncomeNet": "None", "netInterestIncome": "-42000000", "interestIncome": "-26000000", "interestExpense": "16000000", "nonInterestIncome": "5302000000", "otherNonOperatingIncome": "-82000000", "depreciation": "None", "depreciationAndAmortization": "356000000", "incomeBeforeTax": "531000000", "incomeTaxExpense": "79000000", "interestAndDebtExpense": "53000000", "netIncomeFromContinuingOperations": "453000000", "comprehensiveIncomeNetOfTax": "529000000", "ebit": "547000000", "ebitda": "903000000", "netIncome": "452000000"}, {"fiscalDateEnding": "2019-09-30", "reportedCurrency": "USD", "grossProfit": "1710000000", "totalRevenue": "5222000000", "costOfRevenue": "3512000000", "costofGoodsAndServicesSold": "3512000000", "operatingIncome": "638000000", "sellingGeneralAndAdministrative": "885000000", "researchAndDevelopment": "147000000", "operatingExpenses": "1072000000", "investmentIncomeNet": "None", "netInterestIncome": "-47000000", "interestIncome": "7000000", "interestExpense": "54000000", "nonInterestIncome": "5275000000", "otherNonOperatingIncome": "-5000000", "depreciation": "None", "depreciationAndAmortization": "1000000", "incomeBeforeTax": "717000000", "incomeTaxExpense": "116000000", "interestAndDebtExpense": "54000000", "netIncomeFromContinuingOperations": "602000000", "comprehensiveIncomeNetOfTax": "342000000", "ebit": "771000000", "ebitda": "772000000", "netIncome": "601000000"}, {"fiscalDateEnding": "2019-06-30", "reportedCurrency": "USD", "grossProfit": "1781000000", "totalRevenue": "5478000000", "costOfRevenue": "3697000000", "costofGoodsAndServicesSold": "3697000000", "operatingIncome": "706000000", "sellingGeneralAndAdministrative": "907000000", "researchAndDevelopment": "151000000", "operatingExpenses": "1075000000", "investmentIncomeNet": "None", "netInterestIncome": "-50000000", "interestIncome": "-63000000", "interestExpense": "50000000", "nonInterestIncome": "5540000000", "otherNonOperatingIncome": "10000000", "depreciation": "None", "depreciationAndAmortization": "1000000", "incomeBeforeTax": "738000000", "incomeTaxExpense": "102000000", "interestAndDebtExpense": "63000000", "netIncomeFromContinuingOperations": "636000000", "comprehensiveIncomeNetOfTax": "606000000", "ebit": "788000000", "ebitda": "789000000", "netIncome": "636000000"}, {"fiscalDateEnding": "2019-03-31", "reportedCurrency": "USD", "grossProfit": "1707000000", "totalRevenue": "5280000000", "costOfRevenue": "3573000000", "costofGoodsAndServicesSold": "3573000000", "operatingIncome": "622000000", "sellingGeneralAndAdministrative": "917000000", "researchAndDevelopment": "156000000", "operatingExpenses": "1085000000", "investmentIncomeNet": "None", "netInterestIncome": "-60000000", "interestIncome": "None", "interestExpense": "60000000", "nonInterestIncome": "5346000000", "otherNonOperatingIncome": "4000000", "depreciation": "None", "depreciationAndAmortization": "1000000", "incomeBeforeTax": "603000000", "incomeTaxExpense": "81000000", "interestAndDebtExpense": "66000000", "netIncomeFromContinuingOperations": "522000000", "comprehensiveIncomeNetOfTax": "589000000", "ebit": "663000000", "ebitda": "664000000", "netIncome": "522000000"}, {"fiscalDateEnding": "2018-12-31", "reportedCurrency": "USD", "grossProfit": "1723000000", "totalRevenue": "5393000000", "costOfRevenue": "3670000000", "costofGoodsAndServicesSold": "3670000000", "operatingIncome": "1369000000", "sellingGeneralAndAdministrative": "869000000", "researchAndDevelopment": "145000000", "operatingExpenses": "1382000000", "investmentIncomeNet": "None", "netInterestIncome": "-53000000", "interestIncome": "None", "interestExpense": "66000000", "nonInterestIncome": "5459000000", "otherNonOperatingIncome": "4000000", "depreciation": "None", "depreciationAndAmortization": "223000000", "incomeBeforeTax": "725000000", "incomeTaxExpense": "94000000", "interestAndDebtExpense": "None", "netIncomeFromContinuingOperations": "632000000", "comprehensiveIncomeNetOfTax": "316000000", "ebit": "1369000000", "ebitda": "1014000000", "netIncome": "631000000"}, {"fiscalDateEnding": "2018-09-30", "reportedCurrency": "USD", "grossProfit": "1748000000", "totalRevenue": "5345000000", "costOfRevenue": "3597000000", "costofGoodsAndServicesSold": "3597000000", "operatingIncome": "996000000", "sellingGeneralAndAdministrative": "889000000", "researchAndDevelopment": "138000000", "operatingExpenses": "752000000", "investmentIncomeNet": "None", "netInterestIncome": "-67000000", "interestIncome": "None", "interestExpense": "67000000", "nonInterestIncome": "5412000000", "otherNonOperatingIncome": "-7000000", "depreciation": "None", "depreciationAndAmortization": "223000000", "incomeBeforeTax": "439000000", "incomeTaxExpense": "23000000", "interestAndDebtExpense": "None", "netIncomeFromContinuingOperations": "416000000", "comprehensiveIncomeNetOfTax": "318000000", "ebit": "996000000", "ebitda": "729000000", "netIncome": "416000000"}, {"fiscalDateEnding": "2018-06-30", "reportedCurrency": "USD", "grossProfit": "7235000000", "totalRevenue": "10906000000", "costOfRevenue": "3671000000", "costofGoodsAndServicesSold": "3671000000", "operatingIncome": "6189000000", "sellingGeneralAndAdministrative": "901000000", "researchAndDevelopment": "145000000", "operatingExpenses": "1046000000", "investmentIncomeNet": "None", "netInterestIncome": "-68000000", "interestIncome": "None", "interestExpense": "68000000", "nonInterestIncome": "5487000000", "otherNonOperatingIncome": "-8000000", "depreciation": "None", "depreciationAndAmortization": "227000000", "incomeBeforeTax": "693000000", "incomeTaxExpense": "83000000", "interestAndDebtExpense": "None", "netIncomeFromContinuingOperations": "611000000", "comprehensiveIncomeNetOfTax": "-14000000", "ebit": "6189000000", "ebitda": "988000000", "netIncome": "610000000"}, {"fiscalDateEnding": "2018-03-31", "reportedCurrency": "USD", "grossProfit": "6859000000", "totalRevenue": "10432000000", "costOfRevenue": "3573000000", "costofGoodsAndServicesSold": "3573000000", "operatingIncome": "5814000000", "sellingGeneralAndAdministrative": "889000000", "researchAndDevelopment": "156000000", "operatingExpenses": "1045000000", "investmentIncomeNet": "None", "netInterestIncome": "-70000000", "interestIncome": "None", "interestExpense": "70000000", "nonInterestIncome": "5251000000", "otherNonOperatingIncome": "2000000", "depreciation": "None", "depreciationAndAmortization": "230000000", "incomeBeforeTax": "566000000", "incomeTaxExpense": "78000000", "interestAndDebtExpense": "None", "netIncomeFromContinuingOperations": "487000000", "comprehensiveIncomeNetOfTax": "784000000", "ebit": "5814000000", "ebitda": "866000000", "netIncome": "488000000"}, {"fiscalDateEnding": "2017-12-31", "reportedCurrency": "USD", "grossProfit": "2698000000", "totalRevenue": "6225000000", "costOfRevenue": "3535000000", "costofGoodsAndServicesSold": "3527000000", "operatingIncome": "1654000000", "sellingGeneralAndAdministrative": "857000000", "researchAndDevelopment": "144000000", "operatingExpenses": "350000000", "investmentIncomeNet": "None", "netInterestIncome": "-65000000", "interestIncome": "None", "interestExpense": "65000000", "nonInterestIncome": "-14114000000", "otherNonOperatingIncome": "23000000", "depreciation": "None", "depreciationAndAmortization": "229000000", "incomeBeforeTax": "635000000", "incomeTaxExpense": "1000000", "interestAndDebtExpense": "None", "netIncomeFromContinuingOperations": "639000000", "comprehensiveIncomeNetOfTax": "893000000", "ebit": "1654000000", "ebitda": "937000000", "netIncome": "634000000"}, {"fiscalDateEnding": "2017-09-30", "reportedCurrency": "USD", "grossProfit": "1682000000", "totalRevenue": "5151000000", "costOfRevenue": "3466000000", "costofGoodsAndServicesSold": "3469000000", "operatingIncome": "596000000", "sellingGeneralAndAdministrative": "902000000", "researchAndDevelopment": "147000000", "operatingExpenses": "1086000000", "investmentIncomeNet": "None", "netInterestIncome": "-60000000", "interestIncome": "None", "interestExpense": "60000000", "nonInterestIncome": "5211000000", "otherNonOperatingIncome": "-19000000", "depreciation": "None", "depreciationAndAmortization": "232000000", "incomeBeforeTax": "1694000000", "incomeTaxExpense": "293000000", "interestAndDebtExpense": "None", "netIncomeFromContinuingOperations": "1399000000", "comprehensiveIncomeNetOfTax": "1600000000", "ebit": "596000000", "ebitda": "1983000000", "netIncome": "1401000000"}, {"fiscalDateEnding": "2017-06-30", "reportedCurrency": "USD", "grossProfit": "1622000000", "totalRevenue": "5072000000", "costOfRevenue": "3448000000", "costofGoodsAndServicesSold": "3450000000", "operatingIncome": "536000000", "sellingGeneralAndAdministrative": "891000000", "researchAndDevelopment": "150000000", "operatingExpenses": "1086000000", "investmentIncomeNet": "None", "netInterestIncome": "-60000000", "interestIncome": "None", "interestExpense": "60000000", "nonInterestIncome": "None", "otherNonOperatingIncome": "-11000000", "depreciation": "None", "depreciationAndAmortization": "228000000", "incomeBeforeTax": "571000000", "incomeTaxExpense": "55000000", "interestAndDebtExpense": "None", "netIncomeFromContinuingOperations": "516000000", "comprehensiveIncomeNetOfTax": "839000000", "ebit": "536000000", "ebitda": "857000000", "netIncome": "516000000"}, {"fiscalDateEnding": "2017-03-31", "reportedCurrency": "USD", "grossProfit": "1477000000", "totalRevenue": "4787000000", "costOfRevenue": "3307000000", "costofGoodsAndServicesSold": "3310000000", "operatingIncome": "428000000", "sellingGeneralAndAdministrative": "876000000", "researchAndDevelopment": "143000000", "operatingExpenses": "1049000000", "investmentIncomeNet": "None", "netInterestIncome": "-61000000", "interestIncome": "None", "interestExpense": "61000000", "nonInterestIncome": "None", "otherNonOperatingIncome": "6000000", "depreciation": "None", "depreciationAndAmortization": "225000000", "incomeBeforeTax": "467000000", "incomeTaxExpense": "33000000", "interestAndDebtExpense": "None", "netIncomeFromContinuingOperations": "432000000", "comprehensiveIncomeNetOfTax": "697000000", "ebit": "428000000", "ebitda": "750000000", "netIncome": "434000000"}, {"fiscalDateEnding": "2016-12-31", "reportedCurrency": "USD", "grossProfit": "-18026000000", "totalRevenue": "4867000000", "costOfRevenue": "3315000000", "costofGoodsAndServicesSold": "3319000000", "operatingIncome": "1542000000", "sellingGeneralAndAdministrative": "822000000", "researchAndDevelopment": "143000000", "operatingExpenses": "1487000000", "investmentIncomeNet": "None", "netInterestIncome": "-60000000", "interestIncome": "None", "interestExpense": "60000000", "nonInterestIncome": "None", "otherNonOperatingIncome": "23000000", "depreciation": "None", "depreciationAndAmortization": "229000000", "incomeBeforeTax": "552000000", "incomeTaxExpense": "48000000", "interestAndDebtExpense": "None", "netIncomeFromContinuingOperations": "508000000", "comprehensiveIncomeNetOfTax": "-129000000", "ebit": "1542000000", "ebitda": "844000000", "netIncome": "504000000"}]}