{"symbol": "ETR", "annualReports": [{"fiscalDateEnding": "2019-12-31", "reportedCurrency": "USD", "grossProfit": "7268632000", "totalRevenue": "10116334000", "costOfRevenue": "2847702000", "costofGoodsAndServicesSold": "6699806000", "operatingIncome": "1390497000", "sellingGeneralAndAdministrative": "643745000", "researchAndDevelopment": "None", "operatingExpenses": "2827788000", "investmentIncomeNet": "547912000", "netInterestIncome": "-742425000", "interestIncome": "547912000", "interestExpense": "742425000", "nonInterestIncome": "10878673000", "otherNonOperatingIncome": "-252539000", "depreciation": "None", "depreciationAndAmortization": "1480016000", "incomeBeforeTax": "1071375000", "incomeTaxExpense": "-169825000", "interestAndDebtExpense": "742425000", "netIncomeFromContinuingOperations": "1258244000", "comprehensiveIncomeNetOfTax": "1358285000", "ebit": "1813800000", "ebitda": "3293816000", "netIncome": "1241200000"}, {"fiscalDateEnding": "2018-12-31", "reportedCurrency": "USD", "grossProfit": "7215677000", "totalRevenue": "10266398000", "costOfRevenue": "3050721000", "costofGoodsAndServicesSold": "7839136000", "operatingIncome": "469365000", "sellingGeneralAndAdministrative": "689752000", "researchAndDevelopment": "None", "operatingExpenses": "3015015000", "investmentIncomeNet": "63864000", "netInterestIncome": "-707348000", "interestIncome": "63864000", "interestExpense": "707348000", "nonInterestIncome": "11009452000", "otherNonOperatingIncome": "-129754000", "depreciation": "None", "depreciationAndAmortization": "1369442000", "incomeBeforeTax": "-188165000", "incomeTaxExpense": "-1036826000", "interestAndDebtExpense": "707348000", "netIncomeFromContinuingOperations": "862555000", "comprehensiveIncomeNetOfTax": "932131000", "ebit": "519183000", "ebitda": "1888625000", "netIncome": "848661000"}, {"fiscalDateEnding": "2017-12-31", "reportedCurrency": "USD", "grossProfit": "6157631000", "totalRevenue": "10431687000", "costOfRevenue": "4274056000", "costofGoodsAndServicesSold": "1427950000", "operatingIncome": "1360407000", "sellingGeneralAndAdministrative": "670656000", "researchAndDevelopment": "None", "operatingExpenses": "9831069000", "investmentIncomeNet": "288197000", "netInterestIncome": "-662343000", "interestIncome": "288197000", "interestExpense": "662343000", "nonInterestIncome": "16270000", "otherNonOperatingIncome": "-113426000", "depreciation": "1389978000", "depreciationAndAmortization": "1389978000", "incomeBeforeTax": "954182000", "incomeTaxExpense": "542570000", "interestAndDebtExpense": "662343000", "netIncomeFromContinuingOperations": "425353000", "comprehensiveIncomeNetOfTax": "423052000", "ebit": "1616525000", "ebitda": "3006503000", "netIncome": "411612000"}, {"fiscalDateEnding": "2016-12-31", "reportedCurrency": "USD", "grossProfit": "4097212000", "totalRevenue": "10158370000", "costOfRevenue": "6061158000", "costofGoodsAndServicesSold": "1220527000", "operatingIncome": "-815231000", "sellingGeneralAndAdministrative": "636902000", "researchAndDevelopment": "None", "operatingExpenses": "11732110000", "investmentIncomeNet": "145127000", "netInterestIncome": "-666370000", "interestIncome": "-521243000", "interestExpense": "666370000", "nonInterestIncome": "0", "otherNonOperatingIncome": "-112851000", "depreciation": "1347187000", "depreciationAndAmortization": "1347187000", "incomeBeforeTax": "-1400877000", "incomeTaxExpense": "-817259000", "interestAndDebtExpense": "666370000", "netIncomeFromContinuingOperations": "-564503000", "comprehensiveIncomeNetOfTax": "-627540000", "ebit": "-734507000", "ebitda": "612680000", "netIncome": "-583618000"}, {"fiscalDateEnding": "2015-12-31", "reportedCurrency": "USD", "grossProfit": "5422378000", "totalRevenue": "10981253000", "costOfRevenue": "5558875000", "costofGoodsAndServicesSold": "1390805000", "operatingIncome": "-299165000", "sellingGeneralAndAdministrative": "683322000", "researchAndDevelopment": "None", "operatingExpenses": "11966453000", "investmentIncomeNet": "187062000", "netInterestIncome": "-643469000", "interestIncome": "None", "interestExpense": "643469000", "nonInterestIncome": "154037000", "otherNonOperatingIncome": "-95997000", "depreciation": "1337276000", "depreciationAndAmortization": "1337276000", "incomeBeforeTax": "-819489000", "incomeTaxExpense": "-642927000", "interestAndDebtExpense": "643469000", "netIncomeFromContinuingOperations": "-193003000", "comprehensiveIncomeNetOfTax": "-125304000", "ebit": "-176020000", "ebitda": "1161256000", "netIncome": "-176562000"}], "quarterlyReports": [{"fiscalDateEnding": "2021-09-30", "reportedCurrency": "USD", "grossProfit": "2479715000", "totalRevenue": "3144032000", "costOfRevenue": "664317000", "costofGoodsAndServicesSold": "1793021000", "operatingIncome": "827870000", "sellingGeneralAndAdministrative": "182347000", "researchAndDevelopment": "None", "operatingExpenses": "664317000", "investmentIncomeNet": "75112000", "netInterestIncome": "-209500000", "interestIncome": "75112000", "interestExpense": "209500000", "nonInterestIncome": "3353532000", "otherNonOperatingIncome": "-16797000", "depreciation": "None", "depreciationAndAmortization": "421745000", "incomeBeforeTax": "693865000", "incomeTaxExpense": "158282000", "interestAndDebtExpense": "209500000", "netIncomeFromContinuingOperations": "535583000", "comprehensiveIncomeNetOfTax": "537703000", "ebit": "827870000", "ebitda": "1325110000", "netIncome": "535583000"}, {"fiscalDateEnding": "2021-06-30", "reportedCurrency": "USD", "grossProfit": "1602947000", "totalRevenue": "2608694000", "costOfRevenue": "1005747000", "costofGoodsAndServicesSold": "1703253000", "operatingIncome": "168208000", "sellingGeneralAndAdministrative": "155911000", "researchAndDevelopment": "None", "operatingExpenses": "1005747000", "investmentIncomeNet": "71329000", "netInterestIncome": "-213376000", "interestIncome": "-142047000", "interestExpense": "213376000", "nonInterestIncome": "2822070000", "otherNonOperatingIncome": "-62844000", "depreciation": "None", "depreciationAndAmortization": "421545000", "incomeBeforeTax": "-19810000", "incomeTaxExpense": "-18416000", "interestAndDebtExpense": "213376000", "netIncomeFromContinuingOperations": "-1394000", "comprehensiveIncomeNetOfTax": "15794000", "ebit": "168208000", "ebitda": "615111000", "netIncome": "-1394000"}, {"fiscalDateEnding": "2021-03-31", "reportedCurrency": "USD", "grossProfit": "2093675000", "totalRevenue": "2705888000", "costOfRevenue": "612213000", "costofGoodsAndServicesSold": "1631426000", "operatingIncome": "507997000", "sellingGeneralAndAdministrative": "156702000", "researchAndDevelopment": "None", "operatingExpenses": "673136000", "investmentIncomeNet": "143315000", "netInterestIncome": "-199873000", "interestIncome": "143315000", "interestExpense": "199873000", "nonInterestIncome": "2844838000", "otherNonOperatingIncome": "-60929000", "depreciation": "None", "depreciationAndAmortization": "414519000", "incomeBeforeTax": "405087000", "incomeTaxExpense": "65942000", "interestAndDebtExpense": "199873000", "netIncomeFromContinuingOperations": "339145000", "comprehensiveIncomeNetOfTax": "283265000", "ebit": "507997000", "ebitda": "1019479000", "netIncome": "339145000"}, {"fiscalDateEnding": "2020-09-30", "reportedCurrency": "USD", "grossProfit": "2034218000", "totalRevenue": "2706837000", "costOfRevenue": "672619000", "costofGoodsAndServicesSold": "1482313000", "operatingIncome": "778016000", "sellingGeneralAndAdministrative": "171425000", "researchAndDevelopment": "None", "operatingExpenses": "672619000", "investmentIncomeNet": "127857000", "netInterestIncome": "-196731000", "interestIncome": "-68874000", "interestExpense": "196731000", "nonInterestIncome": "2903568000", "otherNonOperatingIncome": "-58914000", "depreciation": "None", "depreciationAndAmortization": "401578000", "incomeBeforeTax": "675143000", "incomeTaxExpense": "149444000", "interestAndDebtExpense": "196731000", "netIncomeFromContinuingOperations": "525699000", "comprehensiveIncomeNetOfTax": "519303000", "ebit": "778016000", "ebitda": "1273452000", "netIncome": "525699000"}, {"fiscalDateEnding": "2020-06-30", "reportedCurrency": "USD", "grossProfit": "1543529000", "totalRevenue": "2208132000", "costOfRevenue": "664603000", "costofGoodsAndServicesSold": "1334121000", "operatingIncome": "439311000", "sellingGeneralAndAdministrative": "158646000", "researchAndDevelopment": "None", "operatingExpenses": "664603000", "investmentIncomeNet": "284823000", "netInterestIncome": "-204656000", "interestIncome": "284823000", "interestExpense": "204656000", "nonInterestIncome": "2412788000", "otherNonOperatingIncome": "-93620000", "depreciation": "None", "depreciationAndAmortization": "403769000", "incomeBeforeTax": "454228000", "incomeTaxExpense": "89115000", "interestAndDebtExpense": "204656000", "netIncomeFromContinuingOperations": "365113000", "comprehensiveIncomeNetOfTax": "370916000", "ebit": "439311000", "ebitda": "1062653000", "netIncome": "365113000"}, {"fiscalDateEnding": "2020-03-31", "reportedCurrency": "USD", "grossProfit": "1639909000", "totalRevenue": "2272863000", "costOfRevenue": "632954000", "costofGoodsAndServicesSold": "1366319000", "operatingIncome": "399756000", "sellingGeneralAndAdministrative": "170294000", "researchAndDevelopment": "None", "operatingExpenses": "668783000", "investmentIncomeNet": "-216853000", "netInterestIncome": "-190145000", "interestIncome": "-216853000", "interestExpense": "190145000", "nonInterestIncome": "2427179000", "otherNonOperatingIncome": "23389000", "depreciation": "None", "depreciationAndAmortization": "399710000", "incomeBeforeTax": "52100000", "incomeTaxExpense": "-71194000", "interestAndDebtExpense": "190145000", "netIncomeFromContinuingOperations": "123294000", "comprehensiveIncomeNetOfTax": "166647000", "ebit": "399756000", "ebitda": "641955000", "netIncome": "123294000"}, {"fiscalDateEnding": "2019-12-31", "reportedCurrency": "USD", "grossProfit": "2462305000", "totalRevenue": "2462305000", "costOfRevenue": "648843000", "costofGoodsAndServicesSold": "1571443000", "operatingIncome": "248539000", "sellingGeneralAndAdministrative": "156030000", "researchAndDevelopment": "None", "operatingExpenses": "643043000", "investmentIncomeNet": "141249000", "netInterestIncome": "-187942000", "interestIncome": "141249000", "interestExpense": "187942000", "nonInterestIncome": "2462305000", "otherNonOperatingIncome": "-91925000", "depreciation": "None", "depreciationAndAmortization": "380026000", "incomeBeforeTax": "129306000", "incomeTaxExpense": "-243255000", "interestAndDebtExpense": "187942000", "netIncomeFromContinuingOperations": "248539000", "comprehensiveIncomeNetOfTax": "357877000", "ebit": "248539000", "ebitda": "697274000", "netIncome": "372561000"}, {"fiscalDateEnding": "2019-09-30", "reportedCurrency": "USD", "grossProfit": "2109089000", "totalRevenue": "2953936000", "costOfRevenue": "844847000", "costofGoodsAndServicesSold": "1771018000", "operatingIncome": "519929000", "sellingGeneralAndAdministrative": "165731000", "researchAndDevelopment": "None", "operatingExpenses": "844847000", "investmentIncomeNet": "82295000", "netInterestIncome": "-186639000", "interestIncome": "82295000", "interestExpense": "186639000", "nonInterestIncome": "3140575000", "otherNonOperatingIncome": "-50086000", "depreciation": "None", "depreciationAndAmortization": "379219000", "incomeBeforeTax": "398660000", "incomeTaxExpense": "29201000", "interestAndDebtExpense": "186639000", "netIncomeFromContinuingOperations": "369459000", "comprehensiveIncomeNetOfTax": "375872000", "ebit": "519929000", "ebitda": "964518000", "netIncome": "369459000"}, {"fiscalDateEnding": "2019-06-30", "reportedCurrency": "USD", "grossProfit": "1833958000", "totalRevenue": "2481908000", "costOfRevenue": "647950000", "costofGoodsAndServicesSold": "1706016000", "operatingIncome": "338775000", "sellingGeneralAndAdministrative": "163408000", "researchAndDevelopment": "None", "operatingExpenses": "647950000", "investmentIncomeNet": "96218000", "netInterestIncome": "-184301000", "interestIncome": "96218000", "interestExpense": "184301000", "nonInterestIncome": "2666209000", "otherNonOperatingIncome": "-45870000", "depreciation": "None", "depreciationAndAmortization": "363496000", "incomeBeforeTax": "241991000", "incomeTaxExpense": "1458000", "interestAndDebtExpense": "184301000", "netIncomeFromContinuingOperations": "240533000", "comprehensiveIncomeNetOfTax": "357172000", "ebit": "338775000", "ebitda": "789788000", "netIncome": "240533000"}, {"fiscalDateEnding": "2019-03-31", "reportedCurrency": "USD", "grossProfit": "1706653000", "totalRevenue": "2412320000", "costOfRevenue": "705667000", "costofGoodsAndServicesSold": "1651329000", "operatingIncome": "283254000", "sellingGeneralAndAdministrative": "158575000", "researchAndDevelopment": "None", "operatingExpenses": "691947000", "investmentIncomeNet": "228149000", "netInterestIncome": "-183544000", "interestIncome": "44605000", "interestExpense": "183544000", "nonInterestIncome": "2609584000", "otherNonOperatingIncome": "-64658000", "depreciation": "None", "depreciationAndAmortization": "357274000", "incomeBeforeTax": "301417000", "incomeTaxExpense": "42771000", "interestAndDebtExpense": "183544000", "netIncomeFromContinuingOperations": "258646000", "comprehensiveIncomeNetOfTax": "267364000", "ebit": "283254000", "ebitda": "842235000", "netIncome": "258646000"}, {"fiscalDateEnding": "2018-12-31", "reportedCurrency": "USD", "grossProfit": "2512482000", "totalRevenue": "2512482000", "costOfRevenue": "828425000", "costofGoodsAndServicesSold": "2057494000", "operatingIncome": "-228931000", "sellingGeneralAndAdministrative": "204070000", "researchAndDevelopment": "None", "operatingExpenses": "821318000", "investmentIncomeNet": "-201222000", "netInterestIncome": "-179977000", "interestIncome": "None", "interestExpense": "179977000", "nonInterestIncome": "2512482000", "otherNonOperatingIncome": "-6315000", "depreciation": "None", "depreciationAndAmortization": "347343000", "incomeBeforeTax": "-593105000", "incomeTaxExpense": "-516889000", "interestAndDebtExpense": "179977000", "netIncomeFromContinuingOperations": "-228931000", "comprehensiveIncomeNetOfTax": "9054000", "ebit": "-228931000", "ebitda": "-65785000", "netIncome": "-76216000"}, {"fiscalDateEnding": "2018-09-30", "reportedCurrency": "USD", "grossProfit": "2145664000", "totalRevenue": "2924252000", "costOfRevenue": "778588000", "costofGoodsAndServicesSold": "2215814000", "operatingIncome": "271035000", "sellingGeneralAndAdministrative": "161916000", "researchAndDevelopment": "None", "operatingExpenses": "778588000", "investmentIncomeNet": "177081000", "netInterestIncome": "-180067000", "interestIncome": "None", "interestExpense": "180067000", "nonInterestIncome": "3104319000", "otherNonOperatingIncome": "-43591000", "depreciation": "None", "depreciationAndAmortization": "324628000", "incomeBeforeTax": "256812000", "incomeTaxExpense": "-283006000", "interestAndDebtExpense": "180067000", "netIncomeFromContinuingOperations": "539818000", "comprehensiveIncomeNetOfTax": "517895000", "ebit": "271035000", "ebitda": "761507000", "netIncome": "539818000"}, {"fiscalDateEnding": "2018-06-30", "reportedCurrency": "USD", "grossProfit": "1611099000", "totalRevenue": "2668770000", "costOfRevenue": "1057671000", "costofGoodsAndServicesSold": "417034000", "operatingIncome": "91597000", "sellingGeneralAndAdministrative": "158547000", "researchAndDevelopment": "None", "operatingExpenses": "2577173000", "investmentIncomeNet": "71134000", "netInterestIncome": "-177646000", "interestIncome": "None", "interestExpense": "177646000", "nonInterestIncome": "2668770000", "otherNonOperatingIncome": "-48491000", "depreciation": "350485000", "depreciationAndAmortization": "350485000", "incomeBeforeTax": "-35175000", "incomeTaxExpense": "-280596000", "interestAndDebtExpense": "177646000", "netIncomeFromContinuingOperations": "248860000", "comprehensiveIncomeNetOfTax": "193277000", "ebit": "142471000", "ebitda": "492956000", "netIncome": "245421000"}, {"fiscalDateEnding": "2018-03-31", "reportedCurrency": "USD", "grossProfit": "1658631000", "totalRevenue": "2723881000", "costOfRevenue": "1065250000", "costofGoodsAndServicesSold": "396023000", "operatingIncome": "335664000", "sellingGeneralAndAdministrative": "165218000", "researchAndDevelopment": "None", "operatingExpenses": "2388217000", "investmentIncomeNet": "16870000", "netInterestIncome": "-169658000", "interestIncome": "None", "interestExpense": "169658000", "nonInterestIncome": "2723881000", "otherNonOperatingIncome": "-31356000", "depreciation": "347065000", "depreciationAndAmortization": "347065000", "incomeBeforeTax": "176424000", "incomeTaxExpense": "43663000", "interestAndDebtExpense": "169658000", "netIncomeFromContinuingOperations": "136200000", "comprehensiveIncomeNetOfTax": "211906000", "ebit": "346082000", "ebitda": "693147000", "netIncome": "132761000"}, {"fiscalDateEnding": "2017-12-31", "reportedCurrency": "USD", "grossProfit": "2623845000", "totalRevenue": "2623845000", "costOfRevenue": "939403000", "costofGoodsAndServicesSold": "245546000", "operatingIncome": "237072000", "sellingGeneralAndAdministrative": "201566000", "researchAndDevelopment": "None", "operatingExpenses": "2411944000", "investmentIncomeNet": "93219000", "netInterestIncome": "-170543000", "interestIncome": "None", "interestExpense": "170543000", "nonInterestIncome": "2623845000", "otherNonOperatingIncome": "-34700000", "depreciation": "337646000", "depreciationAndAmortization": "337646000", "incomeBeforeTax": "151012000", "incomeTaxExpense": "630125000", "interestAndDebtExpense": "170543000", "netIncomeFromContinuingOperations": "211901000", "comprehensiveIncomeNetOfTax": "-614323000", "ebit": "321555000", "ebitda": "659201000", "netIncome": "-479113000"}, {"fiscalDateEnding": "2017-09-30", "reportedCurrency": "USD", "grossProfit": "2202883000", "totalRevenue": "3243628000", "costOfRevenue": "1040745000", "costofGoodsAndServicesSold": "408140000", "operatingIncome": "759003000", "sellingGeneralAndAdministrative": "159474000", "researchAndDevelopment": "None", "operatingExpenses": "2514159000", "investmentIncomeNet": "58332000", "netInterestIncome": "-166899000", "interestIncome": "None", "interestExpense": "166899000", "nonInterestIncome": "3243628000", "otherNonOperatingIncome": "-31335000", "depreciation": "354739000", "depreciationAndAmortization": "354739000", "incomeBeforeTax": "639993000", "incomeTaxExpense": "241795000", "interestAndDebtExpense": "166899000", "netIncomeFromContinuingOperations": "401644000", "comprehensiveIncomeNetOfTax": "457103000", "ebit": "806892000", "ebitda": "1161631000", "netIncome": "398198000"}, {"fiscalDateEnding": "2017-06-30", "reportedCurrency": "USD", "grossProfit": "1556165000", "totalRevenue": "2618550000", "costOfRevenue": "1062385000", "costofGoodsAndServicesSold": "416497000", "operatingIncome": "168839000", "sellingGeneralAndAdministrative": "153264000", "researchAndDevelopment": "None", "operatingExpenses": "2449711000", "investmentIncomeNet": "80097000", "netInterestIncome": "-162854000", "interestIncome": "None", "interestExpense": "162854000", "nonInterestIncome": "2618550000", "otherNonOperatingIncome": "-32202000", "depreciation": "350328000", "depreciationAndAmortization": "350328000", "incomeBeforeTax": "72810000", "incomeTaxExpense": "-337112000", "interestAndDebtExpense": "162854000", "netIncomeFromContinuingOperations": "413368000", "comprehensiveIncomeNetOfTax": "451735000", "ebit": "235664000", "ebitda": "585992000", "netIncome": "409922000"}, {"fiscalDateEnding": "2017-03-31", "reportedCurrency": "USD", "grossProfit": "1447703000", "totalRevenue": "2588458000", "costOfRevenue": "1140755000", "costofGoodsAndServicesSold": "357768000", "operatingIncome": "195493000", "sellingGeneralAndAdministrative": "156353000", "researchAndDevelopment": "None", "operatingExpenses": "2409235000", "investmentIncomeNet": "56549000", "netInterestIncome": "-162047000", "interestIncome": "None", "interestExpense": "162047000", "nonInterestIncome": "16270000", "otherNonOperatingIncome": "-15189000", "depreciation": "347265000", "depreciationAndAmortization": "347265000", "incomeBeforeTax": "90368000", "incomeTaxExpense": "7763000", "interestAndDebtExpense": "162047000", "netIncomeFromContinuingOperations": "86051000", "comprehensiveIncomeNetOfTax": "128536000", "ebit": "252415000", "ebitda": "599680000", "netIncome": "82605000"}, {"fiscalDateEnding": "2016-12-31", "reportedCurrency": "USD", "grossProfit": "2648528000", "totalRevenue": "2648528000", "costOfRevenue": "3456165000", "costofGoodsAndServicesSold": "340425000", "operatingIncome": "-2599001000", "sellingGeneralAndAdministrative": "188799000", "researchAndDevelopment": "None", "operatingExpenses": "5247528000", "investmentIncomeNet": "28465000", "netInterestIncome": "-164546000", "interestIncome": "None", "interestExpense": "164546000", "nonInterestIncome": "None", "otherNonOperatingIncome": "-87149000", "depreciation": "336848000", "depreciationAndAmortization": "336848000", "incomeBeforeTax": "-2735206000", "incomeTaxExpense": "-966138000", "interestAndDebtExpense": "164546000", "netIncomeFromContinuingOperations": "-2599001000", "comprehensiveIncomeNetOfTax": "-1842174000", "ebit": "-2570660000", "ebitda": "-2233812000", "netIncome": "-1769068000"}, {"fiscalDateEnding": "2016-09-30", "reportedCurrency": "USD", "grossProfit": "2174855000", "totalRevenue": "3124703000", "costOfRevenue": "949848000", "costofGoodsAndServicesSold": "375107000", "operatingIncome": "772060000", "sellingGeneralAndAdministrative": "149076000", "researchAndDevelopment": "None", "operatingExpenses": "2352643000", "investmentIncomeNet": "37534000", "netInterestIncome": "-167195000", "interestIncome": "None", "interestExpense": "167195000", "nonInterestIncome": "None", "otherNonOperatingIncome": "-6740000", "depreciation": "340399000", "depreciationAndAmortization": "340399000", "incomeBeforeTax": "646076000", "incomeTaxExpense": "257906000", "interestAndDebtExpense": "167195000", "netIncomeFromContinuingOperations": "393204000", "comprehensiveIncomeNetOfTax": "435461000", "ebit": "813271000", "ebitda": "1153670000", "netIncome": "388170000"}]}