{"symbol": "ETSY", "annualReports": [{"fiscalDateEnding": "2020-12-31", "reportedCurrency": "USD", "grossProfit": "1260880000", "totalRevenue": "1725625000", "costOfRevenue": "464745000", "costofGoodsAndServicesSold": "464745000", "operatingIncome": "424009000", "sellingGeneralAndAdministrative": "656791000", "researchAndDevelopment": "180080000", "operatingExpenses": "836871000", "investmentIncomeNet": "7102000", "netInterestIncome": "-42025000", "interestIncome": "7102000", "interestExpense": "42025000", "nonInterestIncome": "1702248000", "otherNonOperatingIncome": "-16275000", "depreciation": "43000000", "depreciationAndAmortization": "25390000", "incomeBeforeTax": "365709000", "incomeTaxExpense": "16463000", "interestAndDebtExpense": "58880000", "netIncomeFromContinuingOperations": "349246000", "comprehensiveIncomeNetOfTax": "363896000", "ebit": "407734000", "ebitda": "433124000", "netIncome": "349246000"}, {"fiscalDateEnding": "2019-12-31", "reportedCurrency": "USD", "grossProfit": "547343000", "totalRevenue": "818379000", "costOfRevenue": "271036000", "costofGoodsAndServicesSold": "271036000", "operatingIncome": "88761000", "sellingGeneralAndAdministrative": "336704000", "researchAndDevelopment": "121878000", "operatingExpenses": "458582000", "investmentIncomeNet": "13199000", "netInterestIncome": "-24320000", "interestIncome": "13199000", "interestExpense": "24320000", "nonInterestIncome": "821385000", "otherNonOperatingIncome": "16205000", "depreciation": "38400000", "depreciationAndAmortization": "22724000", "incomeBeforeTax": "80646000", "incomeTaxExpense": "-15248000", "interestAndDebtExpense": "24320000", "netIncomeFromContinuingOperations": "95846000", "comprehensiveIncomeNetOfTax": "95008000", "ebit": "104966000", "ebitda": "127690000", "netIncome": "95894000"}, {"fiscalDateEnding": "2018-12-31", "reportedCurrency": "USD", "grossProfit": "412931000", "totalRevenue": "603693000", "costOfRevenue": "190762000", "costofGoodsAndServicesSold": "190762000", "operatingIncome": "74786000", "sellingGeneralAndAdministrative": "240896000", "researchAndDevelopment": "97249000", "operatingExpenses": "338145000", "investmentIncomeNet": "8957000", "netInterestIncome": "-22178000", "interestIncome": "8957000", "interestExpense": "22178000", "nonInterestIncome": "597206000", "otherNonOperatingIncome": "2470000", "depreciation": "22400000", "depreciationAndAmortization": "0", "incomeBeforeTax": "55078000", "incomeTaxExpense": "-22413000", "interestAndDebtExpense": "22178000", "netIncomeFromContinuingOperations": "77491000", "comprehensiveIncomeNetOfTax": "76057000", "ebit": "77256000", "ebitda": "77256000", "netIncome": "77491000"}, {"fiscalDateEnding": "2017-12-31", "reportedCurrency": "USD", "grossProfit": "290245000", "totalRevenue": "441231000", "costOfRevenue": "150986000", "costofGoodsAndServicesSold": "150986000", "operatingIncome": "11896000", "sellingGeneralAndAdministrative": "278971000", "researchAndDevelopment": "74616000", "operatingExpenses": "278349000", "investmentIncomeNet": "2394000", "netInterestIncome": "-11130000", "interestIncome": "2394000", "interestExpense": "11130000", "nonInterestIncome": "29105000", "otherNonOperatingIncome": "31499000", "depreciation": "23800000", "depreciationAndAmortization": "0", "incomeBeforeTax": "32265000", "incomeTaxExpense": "-49535000", "interestAndDebtExpense": "11130000", "netIncomeFromContinuingOperations": "81800000", "comprehensiveIncomeNetOfTax": "56949000", "ebit": "43395000", "ebitda": "43395000", "netIncome": "81800000"}, {"fiscalDateEnding": "2016-12-31", "reportedCurrency": "USD", "grossProfit": "241639000", "totalRevenue": "364967000", "costOfRevenue": "123328000", "costofGoodsAndServicesSold": "123328000", "operatingIncome": "17577000", "sellingGeneralAndAdministrative": "168979000", "researchAndDevelopment": "55083000", "operatingExpenses": "224062000", "investmentIncomeNet": "1702000", "netInterestIncome": "-7204000", "interestIncome": "1702000", "interestExpense": "7204000", "nonInterestIncome": "-14951000", "otherNonOperatingIncome": "-13249000", "depreciation": "19200000", "depreciationAndAmortization": "17132000", "incomeBeforeTax": "-2876000", "incomeTaxExpense": "27025000", "interestAndDebtExpense": "7204000", "netIncomeFromContinuingOperations": "-29901000", "comprehensiveIncomeNetOfTax": "-22234000", "ebit": "4328000", "ebitda": "21460000", "netIncome": "-29901000"}], "quarterlyReports": [{"fiscalDateEnding": "2021-09-30", "reportedCurrency": "USD", "grossProfit": "378769000", "totalRevenue": "532429000", "costOfRevenue": "153660000", "costofGoodsAndServicesSold": "153660000", "operatingIncome": "83741000", "sellingGeneralAndAdministrative": "221507000", "researchAndDevelopment": "73521000", "operatingExpenses": "295028000", "investmentIncomeNet": "139000", "netInterestIncome": "-2779000", "interestIncome": "139000", "interestExpense": "2779000", "nonInterestIncome": "535127000", "otherNonOperatingIncome": "2837000", "depreciation": "None", "depreciationAndAmortization": "23211000", "incomeBeforeTax": "83799000", "incomeTaxExpense": "-6131000", "interestAndDebtExpense": "2779000", "netIncomeFromContinuingOperations": "89930000", "comprehensiveIncomeNetOfTax": "23154000", "ebit": "86578000", "ebitda": "109789000", "netIncome": "89930000"}, {"fiscalDateEnding": "2021-06-30", "reportedCurrency": "USD", "grossProfit": "379931000", "totalRevenue": "528900000", "costOfRevenue": "148969000", "costofGoodsAndServicesSold": "148969000", "operatingIncome": "89105000", "sellingGeneralAndAdministrative": "229073000", "researchAndDevelopment": "61753000", "operatingExpenses": "290826000", "investmentIncomeNet": "803000", "netInterestIncome": "-1882000", "interestIncome": "803000", "interestExpense": "1882000", "nonInterestIncome": "526628000", "otherNonOperatingIncome": "-1469000", "depreciation": "None", "depreciationAndAmortization": "12985000", "incomeBeforeTax": "85754000", "incomeTaxExpense": "-12500000", "interestAndDebtExpense": "1882000", "netIncomeFromContinuingOperations": "98254000", "comprehensiveIncomeNetOfTax": "100986000", "ebit": "87636000", "ebitda": "100621000", "netIncome": "98254000"}, {"fiscalDateEnding": "2021-03-31", "reportedCurrency": "USD", "grossProfit": "407729000", "totalRevenue": "550646000", "costOfRevenue": "142917000", "costofGoodsAndServicesSold": "142917000", "operatingIncome": "150637000", "sellingGeneralAndAdministrative": "203386000", "researchAndDevelopment": "53706000", "operatingExpenses": "257092000", "investmentIncomeNet": "979000", "netInterestIncome": "-1685000", "interestIncome": "979000", "interestExpense": "1685000", "nonInterestIncome": "558443000", "otherNonOperatingIncome": "8776000", "depreciation": "None", "depreciationAndAmortization": "13080000", "incomeBeforeTax": "157728000", "incomeTaxExpense": "13962000", "interestAndDebtExpense": "1685000", "netIncomeFromContinuingOperations": "143766000", "comprehensiveIncomeNetOfTax": "132447000", "ebit": "159413000", "ebitda": "172493000", "netIncome": "143766000"}, {"fiscalDateEnding": "2020-12-31", "reportedCurrency": "USD", "grossProfit": "466575000", "totalRevenue": "617355000", "costOfRevenue": "150780000", "costofGoodsAndServicesSold": "150780000", "operatingIncome": "161335000", "sellingGeneralAndAdministrative": "254083000", "researchAndDevelopment": "51157000", "operatingExpenses": "305240000", "investmentIncomeNet": "599000", "netInterestIncome": "-11417000", "interestIncome": "599000", "interestExpense": "11417000", "nonInterestIncome": "620145000", "otherNonOperatingIncome": "3389000", "depreciation": "None", "depreciationAndAmortization": "13101000", "incomeBeforeTax": "153307000", "incomeTaxExpense": "4769000", "interestAndDebtExpense": "11417000", "netIncomeFromContinuingOperations": "148538000", "comprehensiveIncomeNetOfTax": "156377000", "ebit": "164724000", "ebitda": "177825000", "netIncome": "148538000"}, {"fiscalDateEnding": "2020-09-30", "reportedCurrency": "USD", "grossProfit": "331310000", "totalRevenue": "451478000", "costOfRevenue": "120168000", "costofGoodsAndServicesSold": "120168000", "operatingIncome": "118169000", "sellingGeneralAndAdministrative": "167233000", "researchAndDevelopment": "45908000", "operatingExpenses": "213141000", "investmentIncomeNet": "1158000", "netInterestIncome": "-10615000", "interestIncome": "1158000", "interestExpense": "10615000", "nonInterestIncome": "433159000", "otherNonOperatingIncome": "-17161000", "depreciation": "None", "depreciationAndAmortization": "15754000", "incomeBeforeTax": "90393000", "incomeTaxExpense": "-1368000", "interestAndDebtExpense": "27470000", "netIncomeFromContinuingOperations": "91761000", "comprehensiveIncomeNetOfTax": "97572000", "ebit": "101008000", "ebitda": "116762000", "netIncome": "91761000"}, {"fiscalDateEnding": "2020-06-30", "reportedCurrency": "USD", "grossProfit": "317356000", "totalRevenue": "428737000", "costOfRevenue": "111381000", "costofGoodsAndServicesSold": "111381000", "operatingIncome": "119140000", "sellingGeneralAndAdministrative": "152983000", "researchAndDevelopment": "45233000", "operatingExpenses": "198216000", "investmentIncomeNet": "1732000", "netInterestIncome": "-10026000", "interestIncome": "1732000", "interestExpense": "10026000", "nonInterestIncome": "430207000", "otherNonOperatingIncome": "3202000", "depreciation": "None", "depreciationAndAmortization": "14171000", "incomeBeforeTax": "112316000", "incomeTaxExpense": "15891000", "interestAndDebtExpense": "10026000", "netIncomeFromContinuingOperations": "96425000", "comprehensiveIncomeNetOfTax": "99425000", "ebit": "122342000", "ebitda": "136513000", "netIncome": "96425000"}, {"fiscalDateEnding": "2020-03-31", "reportedCurrency": "USD", "grossProfit": "145639000", "totalRevenue": "228055000", "costOfRevenue": "82416000", "costofGoodsAndServicesSold": "82416000", "operatingIncome": "25365000", "sellingGeneralAndAdministrative": "82492000", "researchAndDevelopment": "37782000", "operatingExpenses": "120274000", "investmentIncomeNet": "3613000", "netInterestIncome": "-9967000", "interestIncome": "3613000", "interestExpense": "9967000", "nonInterestIncome": "218737000", "otherNonOperatingIncome": "-5705000", "depreciation": "None", "depreciationAndAmortization": "15163000", "incomeBeforeTax": "9693000", "incomeTaxExpense": "-2829000", "interestAndDebtExpense": "9967000", "netIncomeFromContinuingOperations": "12522000", "comprehensiveIncomeNetOfTax": "10522000", "ebit": "19660000", "ebitda": "34823000", "netIncome": "12522000"}, {"fiscalDateEnding": "2019-12-31", "reportedCurrency": "USD", "grossProfit": "179174000", "totalRevenue": "269998000", "costOfRevenue": "90824000", "costofGoodsAndServicesSold": "90824000", "operatingIncome": "25038000", "sellingGeneralAndAdministrative": "118435000", "researchAndDevelopment": "35701000", "operatingExpenses": "154136000", "investmentIncomeNet": "3540000", "netInterestIncome": "-9912000", "interestIncome": "3540000", "interestExpense": "9912000", "nonInterestIncome": "274083000", "otherNonOperatingIncome": "7625000", "depreciation": "None", "depreciationAndAmortization": "12782000", "incomeBeforeTax": "22751000", "incomeTaxExpense": "-8540000", "interestAndDebtExpense": "9912000", "netIncomeFromContinuingOperations": "31243000", "comprehensiveIncomeNetOfTax": "34115000", "ebit": "32663000", "ebitda": "45445000", "netIncome": "31291000"}, {"fiscalDateEnding": "2019-09-30", "reportedCurrency": "USD", "grossProfit": "128998000", "totalRevenue": "197947000", "costOfRevenue": "68949000", "costofGoodsAndServicesSold": "68949000", "operatingIncome": "14232000", "sellingGeneralAndAdministrative": "82301000", "researchAndDevelopment": "32465000", "operatingExpenses": "114766000", "investmentIncomeNet": "2883000", "netInterestIncome": "-5077000", "interestIncome": "2883000", "interestExpense": "5077000", "nonInterestIncome": "195998000", "otherNonOperatingIncome": "934000", "depreciation": "None", "depreciationAndAmortization": "3252000", "incomeBeforeTax": "10089000", "incomeTaxExpense": "-4712000", "interestAndDebtExpense": "5077000", "netIncomeFromContinuingOperations": "14801000", "comprehensiveIncomeNetOfTax": "10693000", "ebit": "15166000", "ebitda": "18418000", "netIncome": "14801000"}, {"fiscalDateEnding": "2019-06-30", "reportedCurrency": "USD", "grossProfit": "122490000", "totalRevenue": "181095000", "costOfRevenue": "58605000", "costofGoodsAndServicesSold": "58605000", "operatingIncome": "17848000", "sellingGeneralAndAdministrative": "75877000", "researchAndDevelopment": "28765000", "operatingExpenses": "104642000", "investmentIncomeNet": "3391000", "netInterestIncome": "-4678000", "interestIncome": "3391000", "interestExpense": "4678000", "nonInterestIncome": "180903000", "otherNonOperatingIncome": "3199000", "depreciation": "None", "depreciationAndAmortization": "3320000", "incomeBeforeTax": "16369000", "incomeTaxExpense": "-1854000", "interestAndDebtExpense": "4678000", "netIncomeFromContinuingOperations": "18223000", "comprehensiveIncomeNetOfTax": "19583000", "ebit": "21047000", "ebitda": "24367000", "netIncome": "18223000"}, {"fiscalDateEnding": "2019-03-31", "reportedCurrency": "USD", "grossProfit": "116681000", "totalRevenue": "169339000", "costOfRevenue": "52658000", "costofGoodsAndServicesSold": "52658000", "operatingIncome": "31643000", "sellingGeneralAndAdministrative": "60091000", "researchAndDevelopment": "24947000", "operatingExpenses": "85038000", "investmentIncomeNet": "3385000", "netInterestIncome": "-4653000", "interestIncome": "-206000", "interestExpense": "4653000", "nonInterestIncome": "170401000", "otherNonOperatingIncome": "4447000", "depreciation": "None", "depreciationAndAmortization": "3370000", "incomeBeforeTax": "31437000", "incomeTaxExpense": "-142000", "interestAndDebtExpense": "4653000", "netIncomeFromContinuingOperations": "31579000", "comprehensiveIncomeNetOfTax": "30617000", "ebit": "36090000", "ebitda": "39460000", "netIncome": "31579000"}, {"fiscalDateEnding": "2018-12-31", "reportedCurrency": "USD", "grossProfit": "142917000", "totalRevenue": "200028000", "costOfRevenue": "57111000", "costofGoodsAndServicesSold": "57111000", "operatingIncome": "29489000", "sellingGeneralAndAdministrative": "84886000", "researchAndDevelopment": "28542000", "operatingExpenses": "113428000", "investmentIncomeNet": "3055000", "netInterestIncome": "-6154000", "interestIncome": "None", "interestExpense": "6154000", "nonInterestIncome": "196514000", "otherNonOperatingIncome": "-459000", "depreciation": "None", "depreciationAndAmortization": "-2800000", "incomeBeforeTax": "22876000", "incomeTaxExpense": "-18375000", "interestAndDebtExpense": "6154000", "netIncomeFromContinuingOperations": "41251000", "comprehensiveIncomeNetOfTax": "40525000", "ebit": "29030000", "ebitda": "26230000", "netIncome": "41251000"}, {"fiscalDateEnding": "2018-09-30", "reportedCurrency": "USD", "grossProfit": "103419000", "totalRevenue": "150366000", "costOfRevenue": "46947000", "costofGoodsAndServicesSold": "46947000", "operatingIncome": "18737000", "sellingGeneralAndAdministrative": "60264000", "researchAndDevelopment": "24418000", "operatingExpenses": "84682000", "investmentIncomeNet": "2367000", "netInterestIncome": "-6135000", "interestIncome": "None", "interestExpense": "6135000", "nonInterestIncome": "149993000", "otherNonOperatingIncome": "1994000", "depreciation": "None", "depreciationAndAmortization": "1500000", "incomeBeforeTax": "14596000", "incomeTaxExpense": "-5298000", "interestAndDebtExpense": "6135000", "netIncomeFromContinuingOperations": "19894000", "comprehensiveIncomeNetOfTax": "19355000", "ebit": "20731000", "ebitda": "22231000", "netIncome": "19894000"}, {"fiscalDateEnding": "2018-06-30", "reportedCurrency": "USD", "grossProfit": "86978000", "totalRevenue": "132387000", "costOfRevenue": "45409000", "costofGoodsAndServicesSold": "45409000", "operatingIncome": "12762000", "sellingGeneralAndAdministrative": "50648000", "researchAndDevelopment": "23568000", "operatingExpenses": "74216000", "investmentIncomeNet": "2438000", "netInterestIncome": "-6125000", "interestIncome": "None", "interestExpense": "6125000", "nonInterestIncome": "127937000", "otherNonOperatingIncome": "-2012000", "depreciation": "None", "depreciationAndAmortization": "700000", "incomeBeforeTax": "4625000", "incomeTaxExpense": "1246000", "interestAndDebtExpense": "6125000", "netIncomeFromContinuingOperations": "3379000", "comprehensiveIncomeNetOfTax": "3112000", "ebit": "10750000", "ebitda": "11450000", "netIncome": "3379000"}, {"fiscalDateEnding": "2018-03-31", "reportedCurrency": "USD", "grossProfit": "79617000", "totalRevenue": "120912000", "costOfRevenue": "41295000", "costofGoodsAndServicesSold": "41295000", "operatingIncome": "13798000", "sellingGeneralAndAdministrative": "45098000", "researchAndDevelopment": "20721000", "operatingExpenses": "65819000", "investmentIncomeNet": "1097000", "netInterestIncome": "-3764000", "interestIncome": "None", "interestExpense": "3764000", "nonInterestIncome": "1850000", "otherNonOperatingIncome": "2947000", "depreciation": "None", "depreciationAndAmortization": "600000", "incomeBeforeTax": "12981000", "incomeTaxExpense": "14000", "interestAndDebtExpense": "3764000", "netIncomeFromContinuingOperations": "12967000", "comprehensiveIncomeNetOfTax": "13065000", "ebit": "16745000", "ebitda": "17345000", "netIncome": "12967000"}, {"fiscalDateEnding": "2017-12-31", "reportedCurrency": "USD", "grossProfit": "92048000", "totalRevenue": "136268000", "costOfRevenue": "44220000", "costofGoodsAndServicesSold": "44220000", "operatingIncome": "18290000", "sellingGeneralAndAdministrative": "131208000", "researchAndDevelopment": "17788000", "operatingExpenses": "73758000", "investmentIncomeNet": "758000", "netInterestIncome": "-2935000", "interestIncome": "None", "interestExpense": "2935000", "nonInterestIncome": "2153000", "otherNonOperatingIncome": "2911000", "depreciation": "None", "depreciationAndAmortization": "0", "incomeBeforeTax": "18266000", "incomeTaxExpense": "-26484000", "interestAndDebtExpense": "2935000", "netIncomeFromContinuingOperations": "-1742000", "comprehensiveIncomeNetOfTax": "42473000", "ebit": "18290000", "ebitda": "21201000", "netIncome": "44750000"}, {"fiscalDateEnding": "2017-09-30", "reportedCurrency": "USD", "grossProfit": "69997000", "totalRevenue": "106380000", "costOfRevenue": "36383000", "costofGoodsAndServicesSold": "36383000", "operatingIncome": "7425000", "sellingGeneralAndAdministrative": "45614000", "researchAndDevelopment": "16958000", "operatingExpenses": "62572000", "investmentIncomeNet": "654000", "netInterestIncome": "-2908000", "interestIncome": "None", "interestExpense": "2908000", "nonInterestIncome": "8069000", "otherNonOperatingIncome": "8723000", "depreciation": "None", "depreciationAndAmortization": "600000", "incomeBeforeTax": "13240000", "incomeTaxExpense": "-12562000", "interestAndDebtExpense": "2908000", "netIncomeFromContinuingOperations": "25802000", "comprehensiveIncomeNetOfTax": "19575000", "ebit": "7425000", "ebitda": "16748000", "netIncome": "25802000"}, {"fiscalDateEnding": "2017-06-30", "reportedCurrency": "USD", "grossProfit": "65968000", "totalRevenue": "101692000", "costOfRevenue": "35724000", "costofGoodsAndServicesSold": "35724000", "operatingIncome": "-11718000", "sellingGeneralAndAdministrative": "55932000", "researchAndDevelopment": "21754000", "operatingExpenses": "77686000", "investmentIncomeNet": "543000", "netInterestIncome": "-2696000", "interestIncome": "None", "interestExpense": "2696000", "nonInterestIncome": "16103000", "otherNonOperatingIncome": "16646000", "depreciation": "None", "depreciationAndAmortization": "800000", "incomeBeforeTax": "2232000", "incomeTaxExpense": "-9437000", "interestAndDebtExpense": "2696000", "netIncomeFromContinuingOperations": "11669000", "comprehensiveIncomeNetOfTax": "-1701000", "ebit": "-11718000", "ebitda": "5728000", "netIncome": "11669000"}, {"fiscalDateEnding": "2017-03-31", "reportedCurrency": "USD", "grossProfit": "62232000", "totalRevenue": "96891000", "costOfRevenue": "34659000", "costofGoodsAndServicesSold": "34659000", "operatingIncome": "-2101000", "sellingGeneralAndAdministrative": "46217000", "researchAndDevelopment": "18116000", "operatingExpenses": "64333000", "investmentIncomeNet": "439000", "netInterestIncome": "-2591000", "interestIncome": "None", "interestExpense": "2591000", "nonInterestIncome": "2780000", "otherNonOperatingIncome": "3219000", "depreciation": "None", "depreciationAndAmortization": "0", "incomeBeforeTax": "-1473000", "incomeTaxExpense": "-1052000", "interestAndDebtExpense": "2591000", "netIncomeFromContinuingOperations": "-421000", "comprehensiveIncomeNetOfTax": "-3398000", "ebit": "-2101000", "ebitda": "1118000", "netIncome": "-421000"}, {"fiscalDateEnding": "2016-12-31", "reportedCurrency": "USD", "grossProfit": "73204000", "totalRevenue": "110209000", "costOfRevenue": "37005000", "costofGoodsAndServicesSold": "37005000", "operatingIncome": "3452000", "sellingGeneralAndAdministrative": "53636000", "researchAndDevelopment": "16116000", "operatingExpenses": "69752000", "investmentIncomeNet": "389000", "netInterestIncome": "-2415000", "interestIncome": "None", "interestExpense": "2415000", "nonInterestIncome": "-18022000", "otherNonOperatingIncome": "-17633000", "depreciation": "None", "depreciationAndAmortization": "4905000", "incomeBeforeTax": "-16596000", "incomeTaxExpense": "4787000", "interestAndDebtExpense": "2415000", "netIncomeFromContinuingOperations": "-21383000", "comprehensiveIncomeNetOfTax": "-8316000", "ebit": "3452000", "ebitda": "-9276000", "netIncome": "-21383000"}]}