{"symbol": "EW", "annualReports": [{"fiscalDateEnding": "2020-12-31", "reportedCurrency": "USD", "grossProfit": "3305700000", "totalRevenue": "4382800000", "costOfRevenue": "2314800000", "costofGoodsAndServicesSold": "1080600000", "operatingIncome": "897600000", "sellingGeneralAndAdministrative": "1228400000", "researchAndDevelopment": "760700000", "operatingExpenses": "2399900000", "investmentIncomeNet": "23400000", "netInterestIncome": "-15800000", "interestIncome": "7600000", "interestExpense": "15800000", "nonInterestIncome": "4398600000", "otherNonOperatingIncome": "11500000", "depreciation": "101800000", "depreciationAndAmortization": "5400000", "incomeBeforeTax": "916700000", "incomeTaxExpense": "93300000", "interestAndDebtExpense": "15800000", "netIncomeFromContinuingOperations": "823400000", "comprehensiveIncomeNetOfTax": "818300000", "ebit": "897600000", "ebitda": "937900000", "netIncome": "823400000"}, {"fiscalDateEnding": "2019-12-31", "reportedCurrency": "USD", "grossProfit": "3233600000", "totalRevenue": "4333200000", "costOfRevenue": "2361400000", "costofGoodsAndServicesSold": "1114400000", "operatingIncome": "1146800000", "sellingGeneralAndAdministrative": "1242200000", "researchAndDevelopment": "752700000", "operatingExpenses": "2032900000", "investmentIncomeNet": "32200000", "netInterestIncome": "-20700000", "interestIncome": "32200000", "interestExpense": "20700000", "nonInterestIncome": "4353900000", "otherNonOperatingIncome": "8200000", "depreciation": "84700000", "depreciationAndAmortization": "4600000", "incomeBeforeTax": "1166500000", "incomeTaxExpense": "119600000", "interestAndDebtExpense": "20700000", "netIncomeFromContinuingOperations": "1046900000", "comprehensiveIncomeNetOfTax": "1029400000", "ebit": "1146800000", "ebitda": "1191800000", "netIncome": "1046900000"}, {"fiscalDateEnding": "2018-12-31", "reportedCurrency": "USD", "grossProfit": "2783400000", "totalRevenue": "3699600000", "costOfRevenue": "2030300000", "costofGoodsAndServicesSold": "939400000", "operatingIncome": "748200000", "sellingGeneralAndAdministrative": "1088500000", "researchAndDevelopment": "622200000", "operatingExpenses": "1927200000", "investmentIncomeNet": "32000000", "netInterestIncome": "-29900000", "interestIncome": "32000000", "interestExpense": "29900000", "nonInterestIncome": "3729500000", "otherNonOperatingIncome": "4000000", "depreciation": "74900000", "depreciationAndAmortization": "2500000", "incomeBeforeTax": "761400000", "incomeTaxExpense": "39200000", "interestAndDebtExpense": "29900000", "netIncomeFromContinuingOperations": "722200000", "comprehensiveIncomeNetOfTax": "724200000", "ebit": "748200000", "ebitda": "793800000", "netIncome": "722200000"}, {"fiscalDateEnding": "2017-12-31", "reportedCurrency": "USD", "grossProfit": "2560000000", "totalRevenue": "3406700000", "costOfRevenue": "1867800000", "costofGoodsAndServicesSold": "875300000", "operatingIncome": "1089400000", "sellingGeneralAndAdministrative": "990800000", "researchAndDevelopment": "552600000", "operatingExpenses": "1471800000", "investmentIncomeNet": "20300000", "netInterestIncome": "-23200000", "interestIncome": "20300000", "interestExpense": "23200000", "nonInterestIncome": "-5400000", "otherNonOperatingIncome": "-1400000", "depreciation": "74100000", "depreciationAndAmortization": "7800000", "incomeBeforeTax": "1034900000", "incomeTaxExpense": "451300000", "interestAndDebtExpense": "23200000", "netIncomeFromContinuingOperations": "583600000", "comprehensiveIncomeNetOfTax": "649300000", "ebit": "1089400000", "ebitda": "1065900000", "netIncome": "583600000"}, {"fiscalDateEnding": "2016-12-31", "reportedCurrency": "USD", "grossProfit": "2166300000", "totalRevenue": "2944000000", "costOfRevenue": "1709700000", "costofGoodsAndServicesSold": "797400000", "operatingIncome": "751200000", "sellingGeneralAndAdministrative": "904700000", "researchAndDevelopment": "442200000", "operatingExpenses": "1355600000", "investmentIncomeNet": "10800000", "netInterestIncome": "-19200000", "interestIncome": "10800000", "interestExpense": "19200000", "nonInterestIncome": "-500000", "otherNonOperatingIncome": "-4900000", "depreciation": "63600000", "depreciationAndAmortization": "7600000", "incomeBeforeTax": "737900000", "incomeTaxExpense": "168400000", "interestAndDebtExpense": "19200000", "netIncomeFromContinuingOperations": "569500000", "comprehensiveIncomeNetOfTax": "553700000", "ebit": "751200000", "ebitda": "764700000", "netIncome": "569500000"}], "quarterlyReports": [{"fiscalDateEnding": "2021-09-30", "reportedCurrency": "USD", "grossProfit": "998500000", "totalRevenue": "1309400000", "costOfRevenue": "676100000", "costofGoodsAndServicesSold": "311700000", "operatingIncome": "390300000", "sellingGeneralAndAdministrative": "364400000", "researchAndDevelopment": "238000000", "operatingExpenses": "607100000", "investmentIncomeNet": "None", "netInterestIncome": "-800000", "interestIncome": "-800000", "interestExpense": "800000", "nonInterestIncome": "1310200000", "otherNonOperatingIncome": "1400000", "depreciation": "None", "depreciationAndAmortization": "33600000", "incomeBeforeTax": "390900000", "incomeTaxExpense": "50800000", "interestAndDebtExpense": "None", "netIncomeFromContinuingOperations": "340100000", "comprehensiveIncomeNetOfTax": "344300000", "ebit": "390300000", "ebitda": "424500000", "netIncome": "340100000"}, {"fiscalDateEnding": "2021-06-30", "reportedCurrency": "USD", "grossProfit": "1041700000", "totalRevenue": "1375000000", "costOfRevenue": "708800000", "costofGoodsAndServicesSold": "334300000", "operatingIncome": "542100000", "sellingGeneralAndAdministrative": "374500000", "researchAndDevelopment": "225300000", "operatingExpenses": "602200000", "investmentIncomeNet": "None", "netInterestIncome": "-1000000", "interestIncome": "3100000", "interestExpense": "-1000000", "nonInterestIncome": "1376000000", "otherNonOperatingIncome": "4400000", "depreciation": "None", "depreciationAndAmortization": "35800000", "incomeBeforeTax": "545500000", "incomeTaxExpense": "56000000", "interestAndDebtExpense": "None", "netIncomeFromContinuingOperations": "489500000", "comprehensiveIncomeNetOfTax": "502300000", "ebit": "542100000", "ebitda": "581300000", "netIncome": "489500000"}, {"fiscalDateEnding": "2021-03-31", "reportedCurrency": "USD", "grossProfit": "923200000", "totalRevenue": "1216900000", "costOfRevenue": "624200000", "costofGoodsAndServicesSold": "293400000", "operatingIncome": "383500000", "sellingGeneralAndAdministrative": "330800000", "researchAndDevelopment": "207000000", "operatingExpenses": "544200000", "investmentIncomeNet": "None", "netInterestIncome": "300000", "interestIncome": "300000", "interestExpense": "-300000", "nonInterestIncome": "1216600000", "otherNonOperatingIncome": "5500000", "depreciation": "None", "depreciationAndAmortization": "32400000", "incomeBeforeTax": "389300000", "incomeTaxExpense": "51100000", "interestAndDebtExpense": "None", "netIncomeFromContinuingOperations": "338200000", "comprehensiveIncomeNetOfTax": "326900000", "ebit": "383500000", "ebitda": "421700000", "netIncome": "338200000"}, {"fiscalDateEnding": "2020-12-31", "reportedCurrency": "USD", "grossProfit": "895400000", "totalRevenue": "1191700000", "costOfRevenue": "640600000", "costofGoodsAndServicesSold": "296300000", "operatingIncome": "351400000", "sellingGeneralAndAdministrative": "338500000", "researchAndDevelopment": "195700000", "operatingExpenses": "544200000", "investmentIncomeNet": "None", "netInterestIncome": "-22900000", "interestIncome": "500000", "interestExpense": "22900000", "nonInterestIncome": "1191700000", "otherNonOperatingIncome": "4200000", "depreciation": "None", "depreciationAndAmortization": "32600000", "incomeBeforeTax": "942000000", "incomeTaxExpense": "46600000", "interestAndDebtExpense": "None", "netIncomeFromContinuingOperations": "895400000", "comprehensiveIncomeNetOfTax": "306300000", "ebit": "351400000", "ebitda": "388700000", "netIncome": "895400000"}, {"fiscalDateEnding": "2020-09-30", "reportedCurrency": "USD", "grossProfit": "859900000", "totalRevenue": "1141700000", "costOfRevenue": "588200000", "costofGoodsAndServicesSold": "281000000", "operatingIncome": "357800000", "sellingGeneralAndAdministrative": "307200000", "researchAndDevelopment": "195500000", "operatingExpenses": "511100000", "investmentIncomeNet": "None", "netInterestIncome": "800000", "interestIncome": "6100000", "interestExpense": "-800000", "nonInterestIncome": "1140900000", "otherNonOperatingIncome": "5700000", "depreciation": "None", "depreciationAndAmortization": "25600000", "incomeBeforeTax": "364300000", "incomeTaxExpense": "39100000", "interestAndDebtExpense": "None", "netIncomeFromContinuingOperations": "325200000", "comprehensiveIncomeNetOfTax": "313400000", "ebit": "357800000", "ebitda": "389900000", "netIncome": "325200000"}, {"fiscalDateEnding": "2020-06-30", "reportedCurrency": "USD", "grossProfit": "686800000", "totalRevenue": "926800000", "costOfRevenue": "513100000", "costofGoodsAndServicesSold": "238200000", "operatingIncome": "-169700000", "sellingGeneralAndAdministrative": "274900000", "researchAndDevelopment": "182100000", "operatingExpenses": "836900000", "investmentIncomeNet": "None", "netInterestIncome": "1800000", "interestIncome": "1800000", "interestExpense": "-1800000", "nonInterestIncome": "925000000", "otherNonOperatingIncome": "-300000", "depreciation": "None", "depreciationAndAmortization": "24500000", "incomeBeforeTax": "-168200000", "incomeTaxExpense": "-46300000", "interestAndDebtExpense": "None", "netIncomeFromContinuingOperations": "-121900000", "comprehensiveIncomeNetOfTax": "-116000000", "ebit": "-169700000", "ebitda": "-143700000", "netIncome": "-121900000"}, {"fiscalDateEnding": "2020-03-31", "reportedCurrency": "USD", "grossProfit": "863600000", "totalRevenue": "1133200000", "costOfRevenue": "572900000", "costofGoodsAndServicesSold": "265100000", "operatingIncome": "358100000", "sellingGeneralAndAdministrative": "307800000", "researchAndDevelopment": "187400000", "operatingExpenses": "507700000", "investmentIncomeNet": "None", "netInterestIncome": "4500000", "interestIncome": "4500000", "interestExpense": "-4500000", "nonInterestIncome": "1128700000", "otherNonOperatingIncome": "1900000", "depreciation": "None", "depreciationAndAmortization": "24500000", "incomeBeforeTax": "364500000", "incomeTaxExpense": "53900000", "interestAndDebtExpense": "None", "netIncomeFromContinuingOperations": "310600000", "comprehensiveIncomeNetOfTax": "314600000", "ebit": "358100000", "ebitda": "389000000", "netIncome": "310600000"}, {"fiscalDateEnding": "2019-12-31", "reportedCurrency": "USD", "grossProfit": "887900000", "totalRevenue": "1174100000", "costOfRevenue": "638200000", "costofGoodsAndServicesSold": "286200000", "operatingIncome": "310800000", "sellingGeneralAndAdministrative": "347200000", "researchAndDevelopment": "193900000", "operatingExpenses": "559600000", "investmentIncomeNet": "None", "netInterestIncome": "-27900000", "interestIncome": "4300000", "interestExpense": "27900000", "nonInterestIncome": "1174100000", "otherNonOperatingIncome": "400000", "depreciation": "None", "depreciationAndAmortization": "23900000", "incomeBeforeTax": "923200000", "incomeTaxExpense": "35300000", "interestAndDebtExpense": "None", "netIncomeFromContinuingOperations": "887900000", "comprehensiveIncomeNetOfTax": "280000000", "ebit": "310800000", "ebitda": "367300000", "netIncome": "887900000"}, {"fiscalDateEnding": "2019-09-30", "reportedCurrency": "USD", "grossProfit": "801600000", "totalRevenue": "1096800000", "costOfRevenue": "598600000", "costofGoodsAndServicesSold": "292400000", "operatingIncome": "294300000", "sellingGeneralAndAdministrative": "306200000", "researchAndDevelopment": "195500000", "operatingExpenses": "509600000", "investmentIncomeNet": "None", "netInterestIncome": "2800000", "interestIncome": "10700000", "interestExpense": "-2800000", "nonInterestIncome": "1094000000", "otherNonOperatingIncome": "4600000", "depreciation": "None", "depreciationAndAmortization": "23100000", "incomeBeforeTax": "301700000", "incomeTaxExpense": "27000000", "interestAndDebtExpense": "None", "netIncomeFromContinuingOperations": "274700000", "comprehensiveIncomeNetOfTax": "257100000", "ebit": "294300000", "ebitda": "322000000", "netIncome": "274700000"}, {"fiscalDateEnding": "2019-06-30", "reportedCurrency": "USD", "grossProfit": "782900000", "totalRevenue": "1089300000", "costOfRevenue": "612500000", "costofGoodsAndServicesSold": "304000000", "operatingIncome": "267500000", "sellingGeneralAndAdministrative": "308500000", "researchAndDevelopment": "191900000", "operatingExpenses": "507400000", "investmentIncomeNet": "None", "netInterestIncome": "2400000", "interestIncome": "2400000", "interestExpense": "-2400000", "nonInterestIncome": "1086900000", "otherNonOperatingIncome": "1400000", "depreciation": "None", "depreciationAndAmortization": "16000000", "incomeBeforeTax": "271300000", "incomeTaxExpense": "29000000", "interestAndDebtExpense": "None", "netIncomeFromContinuingOperations": "242300000", "comprehensiveIncomeNetOfTax": "245300000", "ebit": "267500000", "ebitda": "287300000", "netIncome": "242300000"}, {"fiscalDateEnding": "2019-03-31", "reportedCurrency": "USD", "grossProfit": "761200000", "totalRevenue": "995000000", "costOfRevenue": "512100000", "costofGoodsAndServicesSold": "231800000", "operatingIncome": "274200000", "sellingGeneralAndAdministrative": "280300000", "researchAndDevelopment": "171400000", "operatingExpenses": "456300000", "investmentIncomeNet": "None", "netInterestIncome": "2000000", "interestIncome": "2000000", "interestExpense": "-2000000", "nonInterestIncome": "993000000", "otherNonOperatingIncome": "1800000", "depreciation": "None", "depreciationAndAmortization": "26300000", "incomeBeforeTax": "278000000", "incomeTaxExpense": "28300000", "interestAndDebtExpense": "None", "netIncomeFromContinuingOperations": "249700000", "comprehensiveIncomeNetOfTax": "247000000", "ebit": "274200000", "ebitda": "304300000", "netIncome": "249700000"}, {"fiscalDateEnding": "2018-12-31", "reportedCurrency": "USD", "grossProfit": "743000000", "totalRevenue": "977700000", "costOfRevenue": "525200000", "costofGoodsAndServicesSold": "234700000", "operatingIncome": "-5300000", "sellingGeneralAndAdministrative": "288100000", "researchAndDevelopment": "163100000", "operatingExpenses": "-180000000", "investmentIncomeNet": "None", "netInterestIncome": "-30200000", "interestIncome": "None", "interestExpense": "30200000", "nonInterestIncome": "977700000", "otherNonOperatingIncome": "1700000", "depreciation": "None", "depreciationAndAmortization": "19900000", "incomeBeforeTax": "914200000", "incomeTaxExpense": "-8800000", "interestAndDebtExpense": "None", "netIncomeFromContinuingOperations": "923000000", "comprehensiveIncomeNetOfTax": "7500000", "ebit": "-5300000", "ebitda": "48300000", "netIncome": "923000000"}, {"fiscalDateEnding": "2018-09-30", "reportedCurrency": "USD", "grossProfit": "681700000", "totalRevenue": "906100000", "costOfRevenue": "494400000", "costofGoodsAndServicesSold": "224900000", "operatingIncome": "248900000", "sellingGeneralAndAdministrative": "269500000", "researchAndDevelopment": "161800000", "operatingExpenses": "439200000", "investmentIncomeNet": "None", "netInterestIncome": "-500000", "interestIncome": "None", "interestExpense": "500000", "nonInterestIncome": "906600000", "otherNonOperatingIncome": "300000", "depreciation": "None", "depreciationAndAmortization": "19200000", "incomeBeforeTax": "248700000", "incomeTaxExpense": "22800000", "interestAndDebtExpense": "None", "netIncomeFromContinuingOperations": "225900000", "comprehensiveIncomeNetOfTax": "237700000", "ebit": "248900000", "ebitda": "268400000", "netIncome": "225900000"}, {"fiscalDateEnding": "2018-06-30", "reportedCurrency": "USD", "grossProfit": "697500000", "totalRevenue": "943700000", "costOfRevenue": "521100000", "costofGoodsAndServicesSold": "246200000", "operatingIncome": "252100000", "sellingGeneralAndAdministrative": "274900000", "researchAndDevelopment": "154100000", "operatingExpenses": "434500000", "investmentIncomeNet": "None", "netInterestIncome": "0", "interestIncome": "None", "interestExpense": "0", "nonInterestIncome": "943700000", "otherNonOperatingIncome": "-1100000", "depreciation": "None", "depreciationAndAmortization": "19200000", "incomeBeforeTax": "251000000", "incomeTaxExpense": "-31700000", "interestAndDebtExpense": "0", "netIncomeFromContinuingOperations": "282700000", "comprehensiveIncomeNetOfTax": "253200000", "ebit": "252100000", "ebitda": "270200000", "netIncome": "282700000"}, {"fiscalDateEnding": "2018-03-31", "reportedCurrency": "USD", "grossProfit": "661200000", "totalRevenue": "895600000", "costOfRevenue": "489600000", "costofGoodsAndServicesSold": "233600000", "operatingIncome": "252500000", "sellingGeneralAndAdministrative": "256000000", "researchAndDevelopment": "143200000", "operatingExpenses": "404900000", "investmentIncomeNet": "None", "netInterestIncome": "800000", "interestIncome": "1600000", "interestExpense": "800000", "nonInterestIncome": "894800000", "otherNonOperatingIncome": "3100000", "depreciation": "None", "depreciationAndAmortization": "19100000", "incomeBeforeTax": "263500000", "incomeTaxExpense": "56900000", "interestAndDebtExpense": "800000", "netIncomeFromContinuingOperations": "206600000", "comprehensiveIncomeNetOfTax": "225800000", "ebit": "252500000", "ebitda": "281800000", "netIncome": "206600000"}, {"fiscalDateEnding": "2017-12-31", "reportedCurrency": "USD", "grossProfit": "653200000", "totalRevenue": "888500000", "costOfRevenue": "509800000", "costofGoodsAndServicesSold": "235300000", "operatingIncome": "336100000", "sellingGeneralAndAdministrative": "272800000", "researchAndDevelopment": "146600000", "operatingExpenses": "-112500000", "investmentIncomeNet": "None", "netInterestIncome": "-19300000", "interestIncome": "None", "interestExpense": "19300000", "nonInterestIncome": "888500000", "otherNonOperatingIncome": "5300000", "depreciation": "None", "depreciationAndAmortization": "21200000", "incomeBeforeTax": "979900000", "incomeTaxExpense": "326700000", "interestAndDebtExpense": "19300000", "netIncomeFromContinuingOperations": "653200000", "comprehensiveIncomeNetOfTax": "7200000", "ebit": "336100000", "ebitda": "364400000", "netIncome": "653200000"}, {"fiscalDateEnding": "2017-09-30", "reportedCurrency": "USD", "grossProfit": "608200000", "totalRevenue": "821400000", "costOfRevenue": "457900000", "costofGoodsAndServicesSold": "213300000", "operatingIncome": "214000000", "sellingGeneralAndAdministrative": "244600000", "researchAndDevelopment": "142900000", "operatingExpenses": "401200000", "investmentIncomeNet": "None", "netInterestIncome": "-100000", "interestIncome": "None", "interestExpense": "100000", "nonInterestIncome": "821500000", "otherNonOperatingIncome": "-1600000", "depreciation": "None", "depreciationAndAmortization": "20700000", "incomeBeforeTax": "211800000", "incomeTaxExpense": "41700000", "interestAndDebtExpense": "100000", "netIncomeFromContinuingOperations": "170100000", "comprehensiveIncomeNetOfTax": "185200000", "ebit": "214000000", "ebitda": "232600000", "netIncome": "170100000"}, {"fiscalDateEnding": "2017-06-30", "reportedCurrency": "USD", "grossProfit": "630700000", "totalRevenue": "840400000", "costOfRevenue": "454900000", "costofGoodsAndServicesSold": "211100000", "operatingIncome": "241000000", "sellingGeneralAndAdministrative": "243800000", "researchAndDevelopment": "134400000", "operatingExpenses": "385900000", "investmentIncomeNet": "None", "netInterestIncome": "-1400000", "interestIncome": "None", "interestExpense": "1400000", "nonInterestIncome": "841800000", "otherNonOperatingIncome": "-2800000", "depreciation": "None", "depreciationAndAmortization": "18900000", "incomeBeforeTax": "205600000", "incomeTaxExpense": "19500000", "interestAndDebtExpense": "1400000", "netIncomeFromContinuingOperations": "186100000", "comprehensiveIncomeNetOfTax": "209800000", "ebit": "241000000", "ebitda": "225900000", "netIncome": "186100000"}, {"fiscalDateEnding": "2017-03-31", "reportedCurrency": "USD", "grossProfit": "667900000", "totalRevenue": "881100000", "costOfRevenue": "445200000", "costofGoodsAndServicesSold": "215600000", "operatingIncome": "298300000", "sellingGeneralAndAdministrative": "229600000", "researchAndDevelopment": "128700000", "operatingExpenses": "368500000", "investmentIncomeNet": "None", "netInterestIncome": "-2400000", "interestIncome": "None", "interestExpense": "2400000", "nonInterestIncome": "883500000", "otherNonOperatingIncome": "-2300000", "depreciation": "None", "depreciationAndAmortization": "21100000", "incomeBeforeTax": "293600000", "incomeTaxExpense": "63400000", "interestAndDebtExpense": "2400000", "netIncomeFromContinuingOperations": "230200000", "comprehensiveIncomeNetOfTax": "247100000", "ebit": "298300000", "ebitda": "317100000", "netIncome": "230200000"}, {"fiscalDateEnding": "2016-12-31", "reportedCurrency": "USD", "grossProfit": "554500000", "totalRevenue": "767700000", "costOfRevenue": "454400000", "costofGoodsAndServicesSold": "213200000", "operatingIncome": "138900000", "sellingGeneralAndAdministrative": "233600000", "researchAndDevelopment": "114900000", "operatingExpenses": "356100000", "investmentIncomeNet": "None", "netInterestIncome": "-12300000", "interestIncome": "None", "interestExpense": "12300000", "nonInterestIncome": "None", "otherNonOperatingIncome": "700000", "depreciation": "None", "depreciationAndAmortization": "19100000", "incomeBeforeTax": "596400000", "incomeTaxExpense": "41900000", "interestAndDebtExpense": "12300000", "netIncomeFromContinuingOperations": "554500000", "comprehensiveIncomeNetOfTax": "131300000", "ebit": "608700000", "ebitda": "231800000", "netIncome": "554500000"}]}