{"symbol": "EXC", "annualReports": [{"fiscalDateEnding": "2020-12-31", "reportedCurrency": "USD", "grossProfit": "23300000000", "totalRevenue": "33039000000", "costOfRevenue": "9739000000", "costofGoodsAndServicesSold": "5145000000", "operatingIncome": "2823000000", "sellingGeneralAndAdministrative": "1949000000", "researchAndDevelopment": "None", "operatingExpenses": "30240000000", "investmentIncomeNet": "None", "netInterestIncome": "-1610000000", "interestIncome": "None", "interestExpense": "1610000000", "nonInterestIncome": "None", "otherNonOperatingIncome": "1145000000", "depreciation": "4364000000", "depreciationAndAmortization": "1554000000", "incomeBeforeTax": "2336000000", "incomeTaxExpense": "373000000", "interestAndDebtExpense": "1610000000", "netIncomeFromContinuingOperations": "1960000000", "comprehensiveIncomeNetOfTax": "1757000000", "ebit": "2823000000", "ebitda": "5500000000", "netIncome": "1963000000"}, {"fiscalDateEnding": "2019-12-31", "reportedCurrency": "USD", "grossProfit": "26014000000", "totalRevenue": "34438000000", "costOfRevenue": "8424000000", "costofGoodsAndServicesSold": "4252000000", "operatingIncome": "4374000000", "sellingGeneralAndAdministrative": "1964000000", "researchAndDevelopment": "None", "operatingExpenses": "30096000000", "investmentIncomeNet": "None", "netInterestIncome": "-1591000000", "interestIncome": "-1616000000", "interestExpense": "1591000000", "nonInterestIncome": "None", "otherNonOperatingIncome": "1227000000", "depreciation": "3665000000", "depreciationAndAmortization": "1516000000", "incomeBeforeTax": "3802000000", "incomeTaxExpense": "774000000", "interestAndDebtExpense": "1591000000", "netIncomeFromContinuingOperations": "3211000000", "comprehensiveIncomeNetOfTax": "2737000000", "ebit": "4374000000", "ebitda": "6909000000", "netIncome": "3028000000"}, {"fiscalDateEnding": "2018-12-31", "reportedCurrency": "USD", "grossProfit": "9923000000", "totalRevenue": "35978000000", "costOfRevenue": "26062000000", "costofGoodsAndServicesSold": "16694000000", "operatingIncome": "3891000000", "sellingGeneralAndAdministrative": "2908000000", "researchAndDevelopment": "None", "operatingExpenses": "32143000000", "investmentIncomeNet": "43000000", "netInterestIncome": "-1529000000", "interestIncome": "-1554000000", "interestExpense": "1529000000", "nonInterestIncome": "-62000000", "otherNonOperatingIncome": "-112000000", "depreciation": "3740000000", "depreciationAndAmortization": "5914000000", "incomeBeforeTax": "2202000000", "incomeTaxExpense": "118000000", "interestAndDebtExpense": "1529000000", "netIncomeFromContinuingOperations": "2112000000", "comprehensiveIncomeNetOfTax": "2046000000", "ebit": "3891000000", "ebitda": "9645000000", "netIncome": "2084000000"}, {"fiscalDateEnding": "2017-12-31", "reportedCurrency": "USD", "grossProfit": "11110000000", "totalRevenue": "33558000000", "costOfRevenue": "22421000000", "costofGoodsAndServicesSold": "14091000000", "operatingIncome": "4388000000", "sellingGeneralAndAdministrative": "2861000000", "researchAndDevelopment": "None", "operatingExpenses": "29619000000", "investmentIncomeNet": "8000000", "netInterestIncome": "-1524000000", "interestIncome": "-1560000000", "interestExpense": "1524000000", "nonInterestIncome": "207000000", "otherNonOperatingIncome": "947000000", "depreciation": "3293000000", "depreciationAndAmortization": "4398000000", "incomeBeforeTax": "3723000000", "incomeTaxExpense": "-126000000", "interestAndDebtExpense": "1524000000", "netIncomeFromContinuingOperations": "3881000000", "comprehensiveIncomeNetOfTax": "3952000000", "ebit": "4388000000", "ebitda": "9645000000", "netIncome": "3849000000"}, {"fiscalDateEnding": "2016-12-31", "reportedCurrency": "USD", "grossProfit": "10273000000", "totalRevenue": "31366000000", "costOfRevenue": "21087000000", "costofGoodsAndServicesSold": "12652000000", "operatingIncome": "3212000000", "sellingGeneralAndAdministrative": "3373000000", "researchAndDevelopment": "None", "operatingExpenses": "28106000000", "investmentIncomeNet": "17000000", "netInterestIncome": "-1495000000", "interestIncome": "-1536000000", "interestExpense": "1495000000", "nonInterestIncome": "37000000", "otherNonOperatingIncome": "297000000", "depreciation": "3477000000", "depreciationAndAmortization": "4430000000", "incomeBeforeTax": "1887000000", "incomeTaxExpense": "753000000", "interestAndDebtExpense": "1495000000", "netIncomeFromContinuingOperations": "1228000000", "comprehensiveIncomeNetOfTax": "1085000000", "ebit": "3212000000", "ebitda": "7812000000", "netIncome": "1134000000"}], "quarterlyReports": [{"fiscalDateEnding": "2021-09-30", "reportedCurrency": "USD", "grossProfit": "6761000000", "totalRevenue": "8910000000", "costOfRevenue": "2149000000", "costofGoodsAndServicesSold": "1624000000", "operatingIncome": "1858000000", "sellingGeneralAndAdministrative": "525000000", "researchAndDevelopment": "None", "operatingExpenses": "7117000000", "investmentIncomeNet": "None", "netInterestIncome": "-397000000", "interestIncome": "None", "interestExpense": "397000000", "nonInterestIncome": "None", "otherNonOperatingIncome": "-55000000", "depreciation": "1462000000", "depreciationAndAmortization": "434000000", "incomeBeforeTax": "1377000000", "incomeTaxExpense": "174000000", "interestAndDebtExpense": "397000000", "netIncomeFromContinuingOperations": "1232000000", "comprehensiveIncomeNetOfTax": "1269000000", "ebit": "1858000000", "ebitda": "2208000000", "netIncome": "1203000000"}, {"fiscalDateEnding": "2021-06-30", "reportedCurrency": "USD", "grossProfit": "5756000000", "totalRevenue": "7915000000", "costOfRevenue": "2159000000", "costofGoodsAndServicesSold": "1666000000", "operatingIncome": "366000000", "sellingGeneralAndAdministrative": "493000000", "researchAndDevelopment": "None", "operatingExpenses": "7561000000", "investmentIncomeNet": "None", "netInterestIncome": "-396000000", "interestIncome": "None", "interestExpense": "396000000", "nonInterestIncome": "None", "otherNonOperatingIncome": "581000000", "depreciation": "1521000000", "depreciationAndAmortization": "427000000", "incomeBeforeTax": "475000000", "incomeTaxExpense": "74000000", "interestAndDebtExpense": "396000000", "netIncomeFromContinuingOperations": "477000000", "comprehensiveIncomeNetOfTax": "458000000", "ebit": "366000000", "ebitda": "1298000000", "netIncome": "401000000"}, {"fiscalDateEnding": "2021-03-31", "reportedCurrency": "USD", "grossProfit": "7111000000", "totalRevenue": "9890000000", "costOfRevenue": "2779000000", "costofGoodsAndServicesSold": "1697000000", "operatingIncome": "-121000000", "sellingGeneralAndAdministrative": "499000000", "researchAndDevelopment": "None", "operatingExpenses": "10082000000", "investmentIncomeNet": "None", "netInterestIncome": "-380000000", "interestIncome": "None", "interestExpense": "380000000", "nonInterestIncome": "None", "otherNonOperatingIncome": "225000000", "depreciation": "1522000000", "depreciationAndAmortization": "455000000", "incomeBeforeTax": "-308000000", "incomeTaxExpense": "-19000000", "interestAndDebtExpense": "380000000", "netIncomeFromContinuingOperations": "-263000000", "comprehensiveIncomeNetOfTax": "-235000000", "ebit": "-121000000", "ebitda": "527000000", "netIncome": "-289000000"}, {"fiscalDateEnding": "2020-12-31", "reportedCurrency": "USD", "grossProfit": "5443000000", "totalRevenue": "8114000000", "costOfRevenue": "2671000000", "costofGoodsAndServicesSold": "1714000000", "operatingIncome": "269000000", "sellingGeneralAndAdministrative": "467000000", "researchAndDevelopment": "None", "operatingExpenses": "7853000000", "investmentIncomeNet": "None", "netInterestIncome": "-388000000", "interestIncome": "None", "interestExpense": "388000000", "nonInterestIncome": "None", "otherNonOperatingIncome": "793000000", "depreciation": "1533000000", "depreciationAndAmortization": "341000000", "incomeBeforeTax": "591000000", "incomeTaxExpense": "232000000", "interestAndDebtExpense": "388000000", "netIncomeFromContinuingOperations": "436000000", "comprehensiveIncomeNetOfTax": "63000000", "ebit": "269000000", "ebitda": "1320000000", "netIncome": "359000000"}, {"fiscalDateEnding": "2020-09-30", "reportedCurrency": "USD", "grossProfit": "7053000000", "totalRevenue": "8853000000", "costOfRevenue": "1800000000", "costofGoodsAndServicesSold": "1289000000", "operatingIncome": "769000000", "sellingGeneralAndAdministrative": "511000000", "researchAndDevelopment": "None", "operatingExpenses": "8087000000", "investmentIncomeNet": "None", "netInterestIncome": "-398000000", "interestIncome": "None", "interestExpense": "398000000", "nonInterestIncome": "None", "otherNonOperatingIncome": "421000000", "depreciation": "1116000000", "depreciationAndAmortization": "434000000", "incomeBeforeTax": "717000000", "incomeTaxExpense": "216000000", "interestAndDebtExpense": "398000000", "netIncomeFromContinuingOperations": "570000000", "comprehensiveIncomeNetOfTax": "529000000", "ebit": "769000000", "ebitda": "1549000000", "netIncome": "501000000"}, {"fiscalDateEnding": "2020-06-30", "reportedCurrency": "USD", "grossProfit": "5849000000", "totalRevenue": "7322000000", "costOfRevenue": "1473000000", "costofGoodsAndServicesSold": "1001000000", "operatingIncome": "565000000", "sellingGeneralAndAdministrative": "472000000", "researchAndDevelopment": "None", "operatingExpenses": "6769000000", "investmentIncomeNet": "None", "netInterestIncome": "-421000000", "interestIncome": "None", "interestExpense": "421000000", "nonInterestIncome": "None", "otherNonOperatingIncome": "656000000", "depreciation": "859000000", "depreciationAndAmortization": "381000000", "incomeBeforeTax": "740000000", "incomeTaxExpense": "219000000", "interestAndDebtExpense": "421000000", "netIncomeFromContinuingOperations": "575000000", "comprehensiveIncomeNetOfTax": "562000000", "ebit": "565000000", "ebitda": "1542000000", "netIncome": "521000000"}, {"fiscalDateEnding": "2020-03-31", "reportedCurrency": "USD", "grossProfit": "6696000000", "totalRevenue": "8747000000", "costOfRevenue": "2051000000", "costofGoodsAndServicesSold": "1021000000", "operatingIncome": "1220000000", "sellingGeneralAndAdministrative": "500000000", "researchAndDevelopment": "None", "operatingExpenses": "7529000000", "investmentIncomeNet": "None", "netInterestIncome": "-404000000", "interestIncome": "75000000", "interestExpense": "404000000", "nonInterestIncome": "None", "otherNonOperatingIncome": "-725000000", "depreciation": "856000000", "depreciationAndAmortization": "398000000", "incomeBeforeTax": "288000000", "incomeTaxExpense": "-294000000", "interestAndDebtExpense": "404000000", "netIncomeFromContinuingOperations": "379000000", "comprehensiveIncomeNetOfTax": "603000000", "ebit": "1220000000", "ebitda": "1090000000", "netIncome": "582000000"}, {"fiscalDateEnding": "2019-12-31", "reportedCurrency": "USD", "grossProfit": "8343000000", "totalRevenue": "8343000000", "costOfRevenue": "1922000000", "costofGoodsAndServicesSold": "1015000000", "operatingIncome": "962000000", "sellingGeneralAndAdministrative": "463000000", "researchAndDevelopment": "None", "operatingExpenses": "7393000000", "investmentIncomeNet": "None", "netInterestIncome": "-389000000", "interestIncome": "-395000000", "interestExpense": "389000000", "nonInterestIncome": "None", "otherNonOperatingIncome": "390000000", "depreciation": "862000000", "depreciationAndAmortization": "297000000", "incomeBeforeTax": "1110000000", "incomeTaxExpense": "148000000", "interestAndDebtExpense": "389000000", "netIncomeFromContinuingOperations": "962000000", "comprehensiveIncomeNetOfTax": "541000000", "ebit": "962000000", "ebitda": "1796000000", "netIncome": "962000000"}, {"fiscalDateEnding": "2019-09-30", "reportedCurrency": "USD", "grossProfit": "7337000000", "totalRevenue": "8929000000", "costOfRevenue": "1592000000", "costofGoodsAndServicesSold": "1083000000", "operatingIncome": "1353000000", "sellingGeneralAndAdministrative": "509000000", "researchAndDevelopment": "None", "operatingExpenses": "7559000000", "investmentIncomeNet": "None", "netInterestIncome": "-403000000", "interestIncome": "-409000000", "interestExpense": "403000000", "nonInterestIncome": "None", "otherNonOperatingIncome": "158000000", "depreciation": "944000000", "depreciationAndAmortization": "406000000", "incomeBeforeTax": "944000000", "incomeTaxExpense": "172000000", "interestAndDebtExpense": "403000000", "netIncomeFromContinuingOperations": "930000000", "comprehensiveIncomeNetOfTax": "799000000", "ebit": "1353000000", "ebitda": "1753000000", "netIncome": "772000000"}, {"fiscalDateEnding": "2019-06-30", "reportedCurrency": "USD", "grossProfit": "6131000000", "totalRevenue": "7689000000", "costOfRevenue": "1558000000", "costofGoodsAndServicesSold": "1079000000", "operatingIncome": "841000000", "sellingGeneralAndAdministrative": "479000000", "researchAndDevelopment": "None", "operatingExpenses": "6881000000", "investmentIncomeNet": "None", "netInterestIncome": "-403000000", "interestIncome": "-409000000", "interestExpense": "403000000", "nonInterestIncome": "None", "otherNonOperatingIncome": "212000000", "depreciation": "942000000", "depreciationAndAmortization": "-681000000", "incomeBeforeTax": "628000000", "incomeTaxExpense": "144000000", "interestAndDebtExpense": "403000000", "netIncomeFromContinuingOperations": "500000000", "comprehensiveIncomeNetOfTax": "506000000", "ebit": "841000000", "ebitda": "350000000", "netIncome": "484000000"}, {"fiscalDateEnding": "2019-03-31", "reportedCurrency": "USD", "grossProfit": "2801000000", "totalRevenue": "9477000000", "costOfRevenue": "6676000000", "costofGoodsAndServicesSold": "4606000000", "operatingIncome": "1218000000", "sellingGeneralAndAdministrative": "445000000", "researchAndDevelopment": "None", "operatingExpenses": "8262000000", "investmentIncomeNet": "12000000", "netInterestIncome": "-397000000", "interestIncome": "-403000000", "interestExpense": "397000000", "nonInterestIncome": "-5000000", "otherNonOperatingIncome": "467000000", "depreciation": "917000000", "depreciationAndAmortization": "1494000000", "incomeBeforeTax": "1217000000", "incomeTaxExpense": "310000000", "interestAndDebtExpense": "397000000", "netIncomeFromContinuingOperations": "972000000", "comprehensiveIncomeNetOfTax": "890000000", "ebit": "1218000000", "ebitda": "3108000000", "netIncome": "907000000"}, {"fiscalDateEnding": "2018-12-31", "reportedCurrency": "USD", "grossProfit": "8814000000", "totalRevenue": "8812000000", "costOfRevenue": "7266000000", "costofGoodsAndServicesSold": "4305000000", "operatingIncome": "706000000", "sellingGeneralAndAdministrative": "1516000000", "researchAndDevelopment": "None", "operatingExpenses": "8107000000", "investmentIncomeNet": "24000000", "netInterestIncome": "-410000000", "interestIncome": "None", "interestExpense": "410000000", "nonInterestIncome": "-21000000", "otherNonOperatingIncome": "-324000000", "depreciation": "911000000", "depreciationAndAmortization": "1315000000", "incomeBeforeTax": "708000000", "incomeTaxExpense": "26000000", "interestAndDebtExpense": "410000000", "netIncomeFromContinuingOperations": "682000000", "comprehensiveIncomeNetOfTax": "21000000", "ebit": "706000000", "ebitda": "2433000000", "netIncome": "682000000"}, {"fiscalDateEnding": "2018-09-30", "reportedCurrency": "USD", "grossProfit": "3497000000", "totalRevenue": "9401000000", "costOfRevenue": "5906000000", "costofGoodsAndServicesSold": "4332000000", "operatingIncome": "1144000000", "sellingGeneralAndAdministrative": "469000000", "researchAndDevelopment": "None", "operatingExpenses": "8252000000", "investmentIncomeNet": "9000000", "netInterestIncome": "-387000000", "interestIncome": "None", "interestExpense": "387000000", "nonInterestIncome": "-25000000", "otherNonOperatingIncome": "194000000", "depreciation": "956000000", "depreciationAndAmortization": "1105000000", "incomeBeforeTax": "870000000", "incomeTaxExpense": "137000000", "interestAndDebtExpense": "387000000", "netIncomeFromContinuingOperations": "810000000", "comprehensiveIncomeNetOfTax": "785000000", "ebit": "1144000000", "ebitda": "2362000000", "netIncome": "733000000"}, {"fiscalDateEnding": "2018-06-30", "reportedCurrency": "USD", "grossProfit": "3245000000", "totalRevenue": "8074000000", "costOfRevenue": "4831000000", "costofGoodsAndServicesSold": "3315000000", "operatingIncome": "940000000", "sellingGeneralAndAdministrative": "428000000", "researchAndDevelopment": "None", "operatingExpenses": "7138000000", "investmentIncomeNet": "6000000", "netInterestIncome": "-367000000", "interestIncome": "None", "interestExpense": "367000000", "nonInterestIncome": "-26000000", "otherNonOperatingIncome": "44000000", "depreciation": "947000000", "depreciationAndAmortization": "1088000000", "incomeBeforeTax": "605000000", "incomeTaxExpense": "66000000", "interestAndDebtExpense": "367000000", "netIncomeFromContinuingOperations": "547000000", "comprehensiveIncomeNetOfTax": "582000000", "ebit": "940000000", "ebitda": "2060000000", "netIncome": "539000000"}, {"fiscalDateEnding": "2018-03-31", "reportedCurrency": "USD", "grossProfit": "2783000000", "totalRevenue": "9691000000", "costOfRevenue": "6910000000", "costofGoodsAndServicesSold": "4740000000", "operatingIncome": "1099000000", "sellingGeneralAndAdministrative": "496000000", "researchAndDevelopment": "None", "operatingExpenses": "8648000000", "investmentIncomeNet": "4000000", "netInterestIncome": "-365000000", "interestIncome": "None", "interestExpense": "365000000", "nonInterestIncome": "10000000", "otherNonOperatingIncome": "-28000000", "depreciation": "926000000", "depreciationAndAmortization": "1546000000", "incomeBeforeTax": "695000000", "incomeTaxExpense": "59000000", "interestAndDebtExpense": "365000000", "netIncomeFromContinuingOperations": "643000000", "comprehensiveIncomeNetOfTax": "656000000", "ebit": "1099000000", "ebitda": "2606000000", "netIncome": "636000000"}, {"fiscalDateEnding": "2017-12-31", "reportedCurrency": "USD", "grossProfit": "8381000000", "totalRevenue": "8384000000", "costOfRevenue": "25000000", "costofGoodsAndServicesSold": "3512000000", "operatingIncome": "1288000000", "sellingGeneralAndAdministrative": "1498000000", "researchAndDevelopment": "None", "operatingExpenses": "23252000000", "investmentIncomeNet": "2000000", "netInterestIncome": "-359000000", "interestIncome": "None", "interestExpense": "359000000", "nonInterestIncome": "16000000", "otherNonOperatingIncome": "304000000", "depreciation": "877000000", "depreciationAndAmortization": "351000000", "incomeBeforeTax": "531000000", "incomeTaxExpense": "-727000000", "interestAndDebtExpense": "359000000", "netIncomeFromContinuingOperations": "1258000000", "comprehensiveIncomeNetOfTax": "1974000000", "ebit": "1288000000", "ebitda": "1241000000", "netIncome": "1258000000"}, {"fiscalDateEnding": "2017-09-30", "reportedCurrency": "USD", "grossProfit": "3776000000", "totalRevenue": "8768000000", "costOfRevenue": "4993000000", "costofGoodsAndServicesSold": "3542000000", "operatingIncome": "1499000000", "sellingGeneralAndAdministrative": "456000000", "researchAndDevelopment": "None", "operatingExpenses": "1452000000", "investmentIncomeNet": "2000000", "netInterestIncome": "-377000000", "interestIncome": "None", "interestExpense": "377000000", "nonInterestIncome": "54000000", "otherNonOperatingIncome": "210000000", "depreciation": "871000000", "depreciationAndAmortization": "1002000000", "incomeBeforeTax": "1318000000", "incomeTaxExpense": "451000000", "interestAndDebtExpense": "377000000", "netIncomeFromContinuingOperations": "874000000", "comprehensiveIncomeNetOfTax": "867000000", "ebit": "1499000000", "ebitda": "2697000000", "netIncome": "867000000"}, {"fiscalDateEnding": "2017-06-30", "reportedCurrency": "USD", "grossProfit": "3189000000", "totalRevenue": "7665000000", "costOfRevenue": "4434000000", "costofGoodsAndServicesSold": "3086000000", "operatingIncome": "300000000", "sellingGeneralAndAdministrative": "420000000", "researchAndDevelopment": "None", "operatingExpenses": "4318000000", "investmentIncomeNet": "2000000", "netInterestIncome": "-426000000", "interestIncome": "None", "interestExpense": "426000000", "nonInterestIncome": "58000000", "otherNonOperatingIncome": "177000000", "depreciation": "791000000", "depreciationAndAmortization": "915000000", "incomeBeforeTax": "2000000", "incomeTaxExpense": "-62000000", "interestAndDebtExpense": "426000000", "netIncomeFromContinuingOperations": "73000000", "comprehensiveIncomeNetOfTax": "130000000", "ebit": "300000000", "ebitda": "1343000000", "netIncome": "64000000"}, {"fiscalDateEnding": "2017-03-31", "reportedCurrency": "USD", "grossProfit": "2824000000", "totalRevenue": "8747000000", "costOfRevenue": "5933000000", "costofGoodsAndServicesSold": "3901000000", "operatingIncome": "1308000000", "sellingGeneralAndAdministrative": "593000000", "researchAndDevelopment": "None", "operatingExpenses": "4522000000", "investmentIncomeNet": "2000000", "netInterestIncome": "-363000000", "interestIncome": "None", "interestExpense": "363000000", "nonInterestIncome": "79000000", "otherNonOperatingIncome": "257000000", "depreciation": "754000000", "depreciationAndAmortization": "1304000000", "incomeBeforeTax": "1192000000", "incomeTaxExpense": "211000000", "interestAndDebtExpense": "363000000", "netIncomeFromContinuingOperations": "991000000", "comprehensiveIncomeNetOfTax": "980000000", "ebit": "1308000000", "ebitda": "2859000000", "netIncome": "981000000"}, {"fiscalDateEnding": "2016-12-31", "reportedCurrency": "USD", "grossProfit": "7825000000", "totalRevenue": "7875000000", "costOfRevenue": "50000000", "costofGoodsAndServicesSold": "3116000000", "operatingIncome": "714000000", "sellingGeneralAndAdministrative": "50000000", "researchAndDevelopment": "None", "operatingExpenses": "14802000000", "investmentIncomeNet": "3000000", "netInterestIncome": "-347000000", "interestIncome": "None", "interestExpense": "347000000", "nonInterestIncome": "40000000", "otherNonOperatingIncome": "-80000000", "depreciation": "987000000", "depreciationAndAmortization": "1278000000", "incomeBeforeTax": "842000000", "incomeTaxExpense": "128000000", "interestAndDebtExpense": "344000000", "netIncomeFromContinuingOperations": "714000000", "comprehensiveIncomeNetOfTax": "54000000", "ebit": "714000000", "ebitda": "2467000000", "netIncome": "714000000"}]}