{"symbol": "EXPE", "annualReports": [{"fiscalDateEnding": "2020-12-31", "reportedCurrency": "USD", "grossProfit": "-1205000000", "totalRevenue": "4977000000", "costOfRevenue": "6182000000", "costofGoodsAndServicesSold": "1680000000", "operatingIncome": "-2719000000", "sellingGeneralAndAdministrative": "3143000000", "researchAndDevelopment": "1010000000", "operatingExpenses": "4597000000", "investmentIncomeNet": "18000000", "netInterestIncome": "-360000000", "interestIncome": "18000000", "interestExpense": "360000000", "nonInterestIncome": "5337000000", "otherNonOperatingIncome": "-90000000", "depreciation": "739000000", "depreciationAndAmortization": "154000000", "incomeBeforeTax": "-3035000000", "incomeTaxExpense": "-423000000", "interestAndDebtExpense": "360000000", "netIncomeFromContinuingOperations": "-2728000000", "comprehensiveIncomeNetOfTax": "-2573000000", "ebit": "-2675000000", "ebitda": "-2521000000", "netIncome": "-2612000000"}, {"fiscalDateEnding": "2019-12-31", "reportedCurrency": "USD", "grossProfit": "9719000000", "totalRevenue": "11882000000", "costOfRevenue": "2163000000", "costofGoodsAndServicesSold": "2077000000", "operatingIncome": "903000000", "sellingGeneralAndAdministrative": "6982000000", "researchAndDevelopment": "1763000000", "operatingExpenses": "7204000000", "investmentIncomeNet": "59000000", "netInterestIncome": "-173000000", "interestIncome": "59000000", "interestExpense": "173000000", "nonInterestIncome": "12055000000", "otherNonOperatingIncome": "-14000000", "depreciation": "712000000", "depreciationAndAmortization": "198000000", "incomeBeforeTax": "768000000", "incomeTaxExpense": "203000000", "interestAndDebtExpense": "173000000", "netIncomeFromContinuingOperations": "572000000", "comprehensiveIncomeNetOfTax": "568000000", "ebit": "941000000", "ebitda": "1139000000", "netIncome": "565000000"}, {"fiscalDateEnding": "2018-12-31", "reportedCurrency": "USD", "grossProfit": "9102000000", "totalRevenue": "11067000000", "costOfRevenue": "1965000000", "costofGoodsAndServicesSold": "1864000000", "operatingIncome": "714000000", "sellingGeneralAndAdministrative": "6575000000", "researchAndDevelopment": "1617000000", "operatingExpenses": "6986000000", "investmentIncomeNet": "71000000", "netInterestIncome": "-190000000", "interestIncome": "71000000", "interestExpense": "190000000", "nonInterestIncome": "11257000000", "otherNonOperatingIncome": "-110000000", "depreciation": "676000000", "depreciationAndAmortization": "283000000", "incomeBeforeTax": "493000000", "incomeTaxExpense": "87000000", "interestAndDebtExpense": "190000000", "netIncomeFromContinuingOperations": "398000000", "comprehensiveIncomeNetOfTax": "338000000", "ebit": "683000000", "ebitda": "966000000", "netIncome": "406000000"}, {"fiscalDateEnding": "2017-12-31", "reportedCurrency": "USD", "grossProfit": "8082322000", "totalRevenue": "9838853000", "costOfRevenue": "1757000000", "costofGoodsAndServicesSold": "1756531000", "operatingIncome": "625000000", "sellingGeneralAndAdministrative": "5973793000", "researchAndDevelopment": "1386787000", "operatingExpenses": "6265976000", "investmentIncomeNet": "34137000", "netInterestIncome": "-181712000", "interestIncome": "288000", "interestExpense": "182000000", "nonInterestIncome": "-39279000", "otherNonOperatingIncome": "-60000000", "depreciation": "614000000", "depreciationAndAmortization": "275445000", "incomeBeforeTax": "423000000", "incomeTaxExpense": "45000000", "interestAndDebtExpense": "181712000", "netIncomeFromContinuingOperations": "371359000", "comprehensiveIncomeNetOfTax": "509000000", "ebit": "605000000", "ebitda": "880445000", "netIncome": "378000000"}, {"fiscalDateEnding": "2016-12-31", "reportedCurrency": "USD", "grossProfit": "6935385000", "totalRevenue": "8532083000", "costOfRevenue": "1597000000", "costofGoodsAndServicesSold": "1596698000", "operatingIncome": "462000000", "sellingGeneralAndAdministrative": "5045709000", "researchAndDevelopment": "1235019000", "operatingExpenses": "5453647000", "investmentIncomeNet": "19726000", "netInterestIncome": "-173148000", "interestIncome": "-148000", "interestExpense": "173000000", "nonInterestIncome": "-68333000", "otherNonOperatingIncome": "-32000000", "depreciation": "477000000", "depreciationAndAmortization": "317141000", "incomeBeforeTax": "298000000", "incomeTaxExpense": "16000000", "interestAndDebtExpense": "173148000", "netIncomeFromContinuingOperations": "261285000", "comprehensiveIncomeNetOfTax": "280000000", "ebit": "471000000", "ebitda": "788141000", "netIncome": "282000000"}], "quarterlyReports": [{"fiscalDateEnding": "2021-09-30", "reportedCurrency": "USD", "grossProfit": "902000000", "totalRevenue": "2876000000", "costOfRevenue": "1974000000", "costofGoodsAndServicesSold": "442000000", "operatingIncome": "524000000", "sellingGeneralAndAdministrative": "1496000000", "researchAndDevelopment": "277000000", "operatingExpenses": "1532000000", "investmentIncomeNet": "2000000", "netInterestIncome": "-86000000", "interestIncome": "2000000", "interestExpense": "86000000", "nonInterestIncome": "2962000000", "otherNonOperatingIncome": "25000000", "depreciation": "177000000", "depreciationAndAmortization": "24000000", "incomeBeforeTax": "463000000", "incomeTaxExpense": "87000000", "interestAndDebtExpense": "86000000", "netIncomeFromContinuingOperations": "378000000", "comprehensiveIncomeNetOfTax": "341000000", "ebit": "549000000", "ebitda": "573000000", "netIncome": "376000000"}, {"fiscalDateEnding": "2021-06-30", "reportedCurrency": "USD", "grossProfit": "232000000", "totalRevenue": "2028000000", "costOfRevenue": "1796000000", "costofGoodsAndServicesSold": "374000000", "operatingIncome": "-132000000", "sellingGeneralAndAdministrative": "1383000000", "researchAndDevelopment": "276000000", "operatingExpenses": "1422000000", "investmentIncomeNet": "1000000", "netInterestIncome": "-83000000", "interestIncome": "1000000", "interestExpense": "83000000", "nonInterestIncome": "2111000000", "otherNonOperatingIncome": "-10000000", "depreciation": "179000000", "depreciationAndAmortization": "26000000", "incomeBeforeTax": "-219000000", "incomeTaxExpense": "-47000000", "interestAndDebtExpense": "83000000", "netIncomeFromContinuingOperations": "-177000000", "comprehensiveIncomeNetOfTax": "-159000000", "ebit": "-136000000", "ebitda": "-110000000", "netIncome": "-172000000"}, {"fiscalDateEnding": "2021-03-31", "reportedCurrency": "USD", "grossProfit": "-326000000", "totalRevenue": "861000000", "costOfRevenue": "1187000000", "costofGoodsAndServicesSold": "311000000", "operatingIncome": "-369000000", "sellingGeneralAndAdministrative": "820000000", "researchAndDevelopment": "247000000", "operatingExpenses": "877000000", "investmentIncomeNet": "2000000", "netInterestIncome": "-98000000", "interestIncome": "2000000", "interestExpense": "98000000", "nonInterestIncome": "959000000", "otherNonOperatingIncome": "-5000000", "depreciation": "182000000", "depreciationAndAmortization": "27000000", "incomeBeforeTax": "-747000000", "incomeTaxExpense": "-169000000", "interestAndDebtExpense": "378000000", "netIncomeFromContinuingOperations": "-581000000", "comprehensiveIncomeNetOfTax": "-599000000", "ebit": "-649000000", "ebitda": "-622000000", "netIncome": "-578000000"}, {"fiscalDateEnding": "2020-12-31", "reportedCurrency": "USD", "grossProfit": "920000000", "totalRevenue": "920000000", "costOfRevenue": "982000000", "costofGoodsAndServicesSold": "287000000", "operatingIncome": "-463000000", "sellingGeneralAndAdministrative": "635000000", "researchAndDevelopment": "223000000", "operatingExpenses": "693000000", "investmentIncomeNet": "2000000", "netInterestIncome": "-102000000", "interestIncome": "2000000", "interestExpense": "102000000", "nonInterestIncome": "920000000", "otherNonOperatingIncome": "68000000", "depreciation": "180000000", "depreciationAndAmortization": "32000000", "incomeBeforeTax": "-487000000", "incomeTaxExpense": "-104000000", "interestAndDebtExpense": "102000000", "netIncomeFromContinuingOperations": "-463000000", "comprehensiveIncomeNetOfTax": "-463000000", "ebit": "-385000000", "ebitda": "-353000000", "netIncome": "-383000000"}, {"fiscalDateEnding": "2020-09-30", "reportedCurrency": "USD", "grossProfit": "183000000", "totalRevenue": "1391000000", "costOfRevenue": "1208000000", "costofGoodsAndServicesSold": "375000000", "operatingIncome": "-113000000", "sellingGeneralAndAdministrative": "663000000", "researchAndDevelopment": "224000000", "operatingExpenses": "833000000", "investmentIncomeNet": "3000000", "netInterestIncome": "-113000000", "interestIncome": "3000000", "interestExpense": "113000000", "nonInterestIncome": "1504000000", "otherNonOperatingIncome": "-1000000", "depreciation": "183000000", "depreciationAndAmortization": "37000000", "incomeBeforeTax": "-216000000", "incomeTaxExpense": "-24000000", "interestAndDebtExpense": "113000000", "netIncomeFromContinuingOperations": "-200000000", "comprehensiveIncomeNetOfTax": "-158000000", "ebit": "-103000000", "ebitda": "-66000000", "netIncome": "-192000000"}, {"fiscalDateEnding": "2020-06-30", "reportedCurrency": "USD", "grossProfit": "-490000000", "totalRevenue": "471000000", "costOfRevenue": "961000000", "costofGoodsAndServicesSold": "389000000", "operatingIncome": "-849000000", "sellingGeneralAndAdministrative": "448000000", "researchAndDevelopment": "255000000", "operatingExpenses": "572000000", "investmentIncomeNet": "3000000", "netInterestIncome": "-95000000", "interestIncome": "3000000", "interestExpense": "95000000", "nonInterestIncome": "566000000", "otherNonOperatingIncome": "-12000000", "depreciation": "191000000", "depreciationAndAmortization": "41000000", "incomeBeforeTax": "-949000000", "incomeTaxExpense": "-213000000", "interestAndDebtExpense": "95000000", "netIncomeFromContinuingOperations": "-740000000", "comprehensiveIncomeNetOfTax": "-708000000", "ebit": "-854000000", "ebitda": "-813000000", "netIncome": "-736000000"}, {"fiscalDateEnding": "2020-03-31", "reportedCurrency": "USD", "grossProfit": "-853000000", "totalRevenue": "2178000000", "costOfRevenue": "3031000000", "costofGoodsAndServicesSold": "629000000", "operatingIncome": "-1294000000", "sellingGeneralAndAdministrative": "1397000000", "researchAndDevelopment": "308000000", "operatingExpenses": "2461000000", "investmentIncomeNet": "10000000", "netInterestIncome": "-50000000", "interestIncome": "10000000", "interestExpense": "50000000", "nonInterestIncome": "2228000000", "otherNonOperatingIncome": "-145000000", "depreciation": "185000000", "depreciationAndAmortization": "44000000", "incomeBeforeTax": "-1383000000", "incomeTaxExpense": "-82000000", "interestAndDebtExpense": "50000000", "netIncomeFromContinuingOperations": "-1397000000", "comprehensiveIncomeNetOfTax": "-1385000000", "ebit": "-1333000000", "ebitda": "-1289000000", "netIncome": "-1301000000"}, {"fiscalDateEnding": "2019-12-31", "reportedCurrency": "USD", "grossProfit": "2747000000", "totalRevenue": "2747000000", "costOfRevenue": "559000000", "costofGoodsAndServicesSold": "539000000", "operatingIncome": "160000000", "sellingGeneralAndAdministrative": "1508000000", "researchAndDevelopment": "459000000", "operatingExpenses": "1560000000", "investmentIncomeNet": "14000000", "netInterestIncome": "-53000000", "interestIncome": "14000000", "interestExpense": "53000000", "nonInterestIncome": "2747000000", "otherNonOperatingIncome": "-1000000", "depreciation": "182000000", "depreciationAndAmortization": "44000000", "incomeBeforeTax": "118000000", "incomeTaxExpense": "42000000", "interestAndDebtExpense": "53000000", "netIncomeFromContinuingOperations": "160000000", "comprehensiveIncomeNetOfTax": "117000000", "ebit": "171000000", "ebitda": "215000000", "netIncome": "76000000"}, {"fiscalDateEnding": "2019-09-30", "reportedCurrency": "USD", "grossProfit": "2949000000", "totalRevenue": "3518000000", "costOfRevenue": "569000000", "costofGoodsAndServicesSold": "548000000", "operatingIncome": "609000000", "sellingGeneralAndAdministrative": "1877000000", "researchAndDevelopment": "440000000", "operatingExpenses": "1929000000", "investmentIncomeNet": "17000000", "netInterestIncome": "-40000000", "interestIncome": "17000000", "interestExpense": "40000000", "nonInterestIncome": "3558000000", "otherNonOperatingIncome": "-25000000", "depreciation": "178000000", "depreciationAndAmortization": "50000000", "incomeBeforeTax": "563000000", "incomeTaxExpense": "154000000", "interestAndDebtExpense": "40000000", "netIncomeFromContinuingOperations": "407000000", "comprehensiveIncomeNetOfTax": "367000000", "ebit": "603000000", "ebitda": "653000000", "netIncome": "409000000"}, {"fiscalDateEnding": "2019-06-30", "reportedCurrency": "USD", "grossProfit": "2592000000", "totalRevenue": "3114000000", "costOfRevenue": "522000000", "costofGoodsAndServicesSold": "500000000", "operatingIncome": "265000000", "sellingGeneralAndAdministrative": "1871000000", "researchAndDevelopment": "435000000", "operatingExpenses": "1927000000", "investmentIncomeNet": "17000000", "netInterestIncome": "-39000000", "interestIncome": "17000000", "interestExpense": "39000000", "nonInterestIncome": "3153000000", "otherNonOperatingIncome": "-8000000", "depreciation": "176000000", "depreciationAndAmortization": "52000000", "incomeBeforeTax": "231000000", "incomeTaxExpense": "48000000", "interestAndDebtExpense": "39000000", "netIncomeFromContinuingOperations": "187000000", "comprehensiveIncomeNetOfTax": "184000000", "ebit": "270000000", "ebitda": "322000000", "netIncome": "183000000"}, {"fiscalDateEnding": "2019-03-31", "reportedCurrency": "USD", "grossProfit": "2062000000", "totalRevenue": "2575000000", "costOfRevenue": "513000000", "costofGoodsAndServicesSold": "490000000", "operatingIncome": "-131000000", "sellingGeneralAndAdministrative": "1726000000", "researchAndDevelopment": "429000000", "operatingExpenses": "1788000000", "investmentIncomeNet": "11000000", "netInterestIncome": "-41000000", "interestIncome": "-22000000", "interestExpense": "41000000", "nonInterestIncome": "2616000000", "otherNonOperatingIncome": "20000000", "depreciation": "176000000", "depreciationAndAmortization": "52000000", "incomeBeforeTax": "-144000000", "incomeTaxExpense": "-41000000", "interestAndDebtExpense": "41000000", "netIncomeFromContinuingOperations": "-100000000", "comprehensiveIncomeNetOfTax": "-100000000", "ebit": "-103000000", "ebitda": "-51000000", "netIncome": "-103000000"}, {"fiscalDateEnding": "2018-12-31", "reportedCurrency": "USD", "grossProfit": "2559000000", "totalRevenue": "2559000000", "costOfRevenue": "476000000", "costofGoodsAndServicesSold": "476000000", "operatingIncome": "96000000", "sellingGeneralAndAdministrative": "1420000000", "researchAndDevelopment": "417000000", "operatingExpenses": "1555000000", "investmentIncomeNet": "10000000", "netInterestIncome": "-41000000", "interestIncome": "None", "interestExpense": "41000000", "nonInterestIncome": "2559000000", "otherNonOperatingIncome": "-9000000", "depreciation": "169000000", "depreciationAndAmortization": "68000000", "incomeBeforeTax": "48000000", "incomeTaxExpense": "31000000", "interestAndDebtExpense": "41000000", "netIncomeFromContinuingOperations": "96000000", "comprehensiveIncomeNetOfTax": "-1000000", "ebit": "89000000", "ebitda": "157000000", "netIncome": "17000000"}, {"fiscalDateEnding": "2018-09-30", "reportedCurrency": "USD", "grossProfit": "2725000000", "totalRevenue": "3229000000", "costOfRevenue": "504000000", "costofGoodsAndServicesSold": "504000000", "operatingIncome": "672000000", "sellingGeneralAndAdministrative": "1703000000", "researchAndDevelopment": "404000000", "operatingExpenses": "1774000000", "investmentIncomeNet": "34000000", "netInterestIncome": "-47000000", "interestIncome": "None", "interestExpense": "47000000", "nonInterestIncome": "3276000000", "otherNonOperatingIncome": "-47000000", "depreciation": "171000000", "depreciationAndAmortization": "71000000", "incomeBeforeTax": "606000000", "incomeTaxExpense": "81000000", "interestAndDebtExpense": "47000000", "netIncomeFromContinuingOperations": "531000000", "comprehensiveIncomeNetOfTax": "514000000", "ebit": "653000000", "ebitda": "724000000", "netIncome": "525000000"}, {"fiscalDateEnding": "2018-06-30", "reportedCurrency": "USD", "grossProfit": "2331000000", "totalRevenue": "2829000000", "costOfRevenue": "498000000", "costofGoodsAndServicesSold": "498000000", "operatingIncome": "111000000", "sellingGeneralAndAdministrative": "1737000000", "researchAndDevelopment": "400000000", "operatingExpenses": "1870000000", "investmentIncomeNet": "16000000", "netInterestIncome": "-51000000", "interestIncome": "None", "interestExpense": "51000000", "nonInterestIncome": "2880000000", "otherNonOperatingIncome": "-90000000", "depreciation": "169000000", "depreciationAndAmortization": "72000000", "incomeBeforeTax": "-4000000", "incomeTaxExpense": "-5000000", "interestAndDebtExpense": "51000000", "netIncomeFromContinuingOperations": "-9000000", "comprehensiveIncomeNetOfTax": "-65000000", "ebit": "47000000", "ebitda": "119000000", "netIncome": "1000000"}, {"fiscalDateEnding": "2018-03-31", "reportedCurrency": "USD", "grossProfit": "4486000000", "totalRevenue": "4973000000", "costOfRevenue": "487000000", "costofGoodsAndServicesSold": "487000000", "operatingIncome": "-165000000", "sellingGeneralAndAdministrative": "1715000000", "researchAndDevelopment": "396000000", "operatingExpenses": "1787000000", "investmentIncomeNet": "11000000", "netInterestIncome": "-51000000", "interestIncome": "None", "interestExpense": "51000000", "nonInterestIncome": "2516000000", "otherNonOperatingIncome": "36000000", "depreciation": "167000000", "depreciationAndAmortization": "72000000", "incomeBeforeTax": "-157000000", "incomeTaxExpense": "-20000000", "interestAndDebtExpense": "51000000", "netIncomeFromContinuingOperations": "-149000000", "comprehensiveIncomeNetOfTax": "-110000000", "ebit": "-106000000", "ebitda": "-34000000", "netIncome": "-137000000"}, {"fiscalDateEnding": "2017-12-31", "reportedCurrency": "USD", "grossProfit": "2319208000", "totalRevenue": "2319208000", "costOfRevenue": "437000000", "costofGoodsAndServicesSold": "437278000", "operatingIncome": "114000000", "sellingGeneralAndAdministrative": "1321216000", "researchAndDevelopment": "372156000", "operatingExpenses": "1393843000", "investmentIncomeNet": "9287000", "netInterestIncome": "-52073000", "interestIncome": "-73000", "interestExpense": "52000000", "nonInterestIncome": "2319000000", "otherNonOperatingIncome": "5000000", "depreciation": "165000000", "depreciationAndAmortization": "71479000", "incomeBeforeTax": "78000000", "incomeTaxExpense": "23000000", "interestAndDebtExpense": "52073000", "netIncomeFromContinuingOperations": "113475000", "comprehensiveIncomeNetOfTax": "29000000", "ebit": "130000000", "ebitda": "201479000", "netIncome": "55000000"}, {"fiscalDateEnding": "2017-09-30", "reportedCurrency": "USD", "grossProfit": "2463288000", "totalRevenue": "2921847000", "costOfRevenue": "459000000", "costofGoodsAndServicesSold": "458559000", "operatingIncome": "481000000", "sellingGeneralAndAdministrative": "1602005000", "researchAndDevelopment": "350061000", "operatingExpenses": "1676999000", "investmentIncomeNet": "9329000", "netInterestIncome": "-44001000", "interestIncome": "-1000", "interestExpense": "44000000", "nonInterestIncome": "2966000000", "otherNonOperatingIncome": "-31000000", "depreciation": "156000000", "depreciationAndAmortization": "71011000", "incomeBeforeTax": "418000000", "incomeTaxExpense": "66000000", "interestAndDebtExpense": "44001000", "netIncomeFromContinuingOperations": "349353000", "comprehensiveIncomeNetOfTax": "417000000", "ebit": "462000000", "ebitda": "533011000", "netIncome": "352000000"}, {"fiscalDateEnding": "2017-06-30", "reportedCurrency": "USD", "grossProfit": "2104384000", "totalRevenue": "2543391000", "costOfRevenue": "439000000", "costofGoodsAndServicesSold": "439007000", "operatingIncome": "103000000", "sellingGeneralAndAdministrative": "1622359000", "researchAndDevelopment": "342530000", "operatingExpenses": "1698346000", "investmentIncomeNet": "9262000", "netInterestIncome": "-42661000", "interestIncome": "339000", "interestExpense": "43000000", "nonInterestIncome": "2586000000", "otherNonOperatingIncome": "-13000000", "depreciation": "152000000", "depreciationAndAmortization": "66279000", "incomeBeforeTax": "60000000", "incomeTaxExpense": "3000000", "interestAndDebtExpense": "42661000", "netIncomeFromContinuingOperations": "53670000", "comprehensiveIncomeNetOfTax": "120000000", "ebit": "103000000", "ebitda": "169279000", "netIncome": "57000000"}, {"fiscalDateEnding": "2017-03-31", "reportedCurrency": "USD", "grossProfit": "1716905000", "totalRevenue": "2138592000", "costOfRevenue": "422000000", "costofGoodsAndServicesSold": "421687000", "operatingIncome": "-73000000", "sellingGeneralAndAdministrative": "1428213000", "researchAndDevelopment": "322040000", "operatingExpenses": "1496788000", "investmentIncomeNet": "6259000", "netInterestIncome": "-42977000", "interestIncome": "23000", "interestExpense": "43000000", "nonInterestIncome": "-7167000", "otherNonOperatingIncome": "-21000000", "depreciation": "141000000", "depreciationAndAmortization": "66676000", "incomeBeforeTax": "-133000000", "incomeTaxExpense": "-47000000", "interestAndDebtExpense": "42977000", "netIncomeFromContinuingOperations": "-84539000", "comprehensiveIncomeNetOfTax": "-57000000", "ebit": "-90000000", "ebitda": "-23324000", "netIncome": "-86000000"}, {"fiscalDateEnding": "2016-12-31", "reportedCurrency": "USD", "grossProfit": "2059829000", "totalRevenue": "2092829000", "costOfRevenue": "371143000", "costofGoodsAndServicesSold": "370841000", "operatingIncome": "147186000", "sellingGeneralAndAdministrative": "1142452000", "researchAndDevelopment": "324098000", "operatingExpenses": "33000000", "investmentIncomeNet": "5377000", "netInterestIncome": "-42875000", "interestIncome": "-148000", "interestExpense": "42727000", "nonInterestIncome": "-10374000", "otherNonOperatingIncome": "5118000", "depreciation": "132167000", "depreciationAndAmortization": "65881000", "incomeBeforeTax": "110386000", "incomeTaxExpense": "30929000", "interestAndDebtExpense": "42875000", "netIncomeFromContinuingOperations": "147186000", "comprehensiveIncomeNetOfTax": "99827000", "ebit": "153113000", "ebitda": "218994000", "netIncome": "79457000"}]}