{"symbol": "EXR", "annualReports": [{"fiscalDateEnding": "2020-12-31", "reportedCurrency": "USD", "grossProfit": "995597000", "totalRevenue": "1356212000", "costOfRevenue": "360615000", "costofGoodsAndServicesSold": "387109000", "operatingIncome": "666140000", "sellingGeneralAndAdministrative": "124930000", "researchAndDevelopment": "None", "operatingExpenses": "352032000", "investmentIncomeNet": "15192000", "netInterestIncome": "-17863000", "interestIncome": "15192000", "interestExpense": "17863000", "nonInterestIncome": "198690000", "otherNonOperatingIncome": "11517000", "depreciation": "None", "depreciationAndAmortization": "227102000", "incomeBeforeTax": "495589000", "incomeTaxExpense": "13810000", "interestAndDebtExpense": "17863000", "netIncomeFromContinuingOperations": "495221000", "comprehensiveIncomeNetOfTax": "411652000", "ebit": "666140000", "ebitda": "740554000", "netIncome": "481779000"}, {"fiscalDateEnding": "2019-12-31", "reportedCurrency": "USD", "grossProfit": "972404000", "totalRevenue": "1308454000", "costOfRevenue": "336050000", "costofGoodsAndServicesSold": "365426000", "operatingIncome": "634958000", "sellingGeneralAndAdministrative": "114524000", "researchAndDevelopment": "None", "operatingExpenses": "121306000", "investmentIncomeNet": "7467000", "netInterestIncome": "-23000000", "interestIncome": "7467000", "interestExpense": "23000000", "nonInterestIncome": "178277000", "otherNonOperatingIncome": "13999000", "depreciation": "None", "depreciationAndAmortization": "6782000", "incomeBeforeTax": "431275000", "incomeTaxExpense": "11308000", "interestAndDebtExpense": "23000000", "netIncomeFromContinuingOperations": "451123000", "comprehensiveIncomeNetOfTax": "356351000", "ebit": "634958000", "ebitda": "461057000", "netIncome": "419967000"}, {"fiscalDateEnding": "2018-12-31", "reportedCurrency": "USD", "grossProfit": "904909000", "totalRevenue": "1196604000", "costOfRevenue": "291695000", "costofGoodsAndServicesSold": "317402000", "operatingIncome": "619703000", "sellingGeneralAndAdministrative": "97409000", "researchAndDevelopment": "None", "operatingExpenses": "106459000", "investmentIncomeNet": "5292000", "netInterestIncome": "-178436000", "interestIncome": "5292000", "interestExpense": "178436000", "nonInterestIncome": "1196604000", "otherNonOperatingIncome": "15057000", "depreciation": "None", "depreciationAndAmortization": "9050000", "incomeBeforeTax": "424533000", "incomeTaxExpense": "9244000", "interestAndDebtExpense": "178436000", "netIncomeFromContinuingOperations": "447080000", "comprehensiveIncomeNetOfTax": "416649000", "ebit": "602969000", "ebitda": "612019000", "netIncome": "415289000"}, {"fiscalDateEnding": "2017-12-31", "reportedCurrency": "USD", "grossProfit": "833035000", "totalRevenue": "1105009000", "costOfRevenue": "271974000", "costofGoodsAndServicesSold": "291147000", "operatingIncome": "654394000", "sellingGeneralAndAdministrative": "93371000", "researchAndDevelopment": "None", "operatingExpenses": "113820000", "investmentIncomeNet": "3801000", "netInterestIncome": "-153511000", "interestIncome": "6736000", "interestExpense": "153511000", "nonInterestIncome": "1065630000", "otherNonOperatingIncome": "14029000", "depreciation": "None", "depreciationAndAmortization": "14349000", "incomeBeforeTax": "482638000", "incomeTaxExpense": "3625000", "interestAndDebtExpense": "153511000", "netIncomeFromContinuingOperations": "514222000", "comprehensiveIncomeNetOfTax": "495533000", "ebit": "636149000", "ebitda": "650498000", "netIncome": "479013000"}, {"fiscalDateEnding": "2016-12-31", "reportedCurrency": "USD", "grossProfit": "741870000", "totalRevenue": "991875000", "costOfRevenue": "250005000", "costofGoodsAndServicesSold": "265560000", "operatingIncome": "458303000", "sellingGeneralAndAdministrative": "94673000", "researchAndDevelopment": "None", "operatingExpenses": "115806000", "investmentIncomeNet": "6148000", "netInterestIncome": "-133479000", "interestIncome": "10998000", "interestExpense": "133479000", "nonInterestIncome": "952033000", "otherNonOperatingIncome": "14063000", "depreciation": "None", "depreciationAndAmortization": "21133000", "incomeBeforeTax": "381974000", "incomeTaxExpense": "15847000", "interestAndDebtExpense": "133479000", "netIncomeFromContinuingOperations": "327890000", "comprehensiveIncomeNetOfTax": "389249000", "ebit": "515453000", "ebitda": "536586000", "netIncome": "366127000"}], "quarterlyReports": [{"fiscalDateEnding": "2021-09-30", "reportedCurrency": "USD", "grossProfit": "319698000", "totalRevenue": "412492000", "costOfRevenue": "92794000", "costofGoodsAndServicesSold": "100303000", "operatingIncome": "226278000", "sellingGeneralAndAdministrative": "24395000", "researchAndDevelopment": "None", "operatingExpenses": "24395000", "investmentIncomeNet": "11729000", "netInterestIncome": "-39670000", "interestIncome": "11729000", "interestExpense": "39670000", "nonInterestIncome": "61137000", "otherNonOperatingIncome": "19984000", "depreciation": "None", "depreciationAndAmortization": "61516000", "incomeBeforeTax": "195048000", "incomeTaxExpense": "6772000", "interestAndDebtExpense": "39670000", "netIncomeFromContinuingOperations": "199820000", "comprehensiveIncomeNetOfTax": "195951000", "ebit": "234718000", "ebitda": "296234000", "netIncome": "188276000"}, {"fiscalDateEnding": "2021-06-30", "reportedCurrency": "USD", "grossProfit": "289475000", "totalRevenue": "378630000", "costOfRevenue": "89155000", "costofGoodsAndServicesSold": "95890000", "operatingIncome": "196829000", "sellingGeneralAndAdministrative": "26341000", "researchAndDevelopment": "None", "operatingExpenses": "26341000", "investmentIncomeNet": "12838000", "netInterestIncome": "-40240000", "interestIncome": "12838000", "interestExpense": "40240000", "nonInterestIncome": "57130000", "otherNonOperatingIncome": "21160000", "depreciation": "None", "depreciationAndAmortization": "59570000", "incomeBeforeTax": "173369000", "incomeTaxExpense": "5421000", "interestAndDebtExpense": "40240000", "netIncomeFromContinuingOperations": "172328000", "comprehensiveIncomeNetOfTax": "173298000", "ebit": "213609000", "ebitda": "273179000", "netIncome": "167948000"}, {"fiscalDateEnding": "2021-03-31", "reportedCurrency": "USD", "grossProfit": "266490000", "totalRevenue": "358857000", "costOfRevenue": "92367000", "costofGoodsAndServicesSold": "99528000", "operatingIncome": "241073000", "sellingGeneralAndAdministrative": "23540000", "researchAndDevelopment": "None", "operatingExpenses": "82139000", "investmentIncomeNet": "12304000", "netInterestIncome": "-40695000", "interestIncome": "12304000", "interestExpense": "40695000", "nonInterestIncome": "55264000", "otherNonOperatingIncome": "19260000", "depreciation": "None", "depreciationAndAmortization": "58599000", "incomeBeforeTax": "207135000", "incomeTaxExpense": "4137000", "interestAndDebtExpense": "40695000", "netIncomeFromContinuingOperations": "215501000", "comprehensiveIncomeNetOfTax": "224911000", "ebit": "247830000", "ebitda": "306429000", "netIncome": "202998000"}, {"fiscalDateEnding": "2020-12-31", "reportedCurrency": "USD", "grossProfit": "264534000", "totalRevenue": "353490000", "costOfRevenue": "88956000", "costofGoodsAndServicesSold": "94725000", "operatingIncome": "195749000", "sellingGeneralAndAdministrative": "52688000", "researchAndDevelopment": "None", "operatingExpenses": "112085000", "investmentIncomeNet": "8704000", "netInterestIncome": "109747000", "interestIncome": "8704000", "interestExpense": "-109747000", "nonInterestIncome": "52406000", "otherNonOperatingIncome": "-6988000", "depreciation": "None", "depreciationAndAmortization": "59397000", "incomeBeforeTax": "159853000", "incomeTaxExpense": "3797000", "interestAndDebtExpense": "-109747000", "netIncomeFromContinuingOperations": "143948000", "comprehensiveIncomeNetOfTax": "165671000", "ebit": "195749000", "ebitda": "109503000", "netIncome": "156056000"}, {"fiscalDateEnding": "2020-09-30", "reportedCurrency": "USD", "grossProfit": "250702000", "totalRevenue": "343024000", "costOfRevenue": "92322000", "costofGoodsAndServicesSold": "99511000", "operatingIncome": "163207000", "sellingGeneralAndAdministrative": "23894000", "researchAndDevelopment": "None", "operatingExpenses": "23894000", "investmentIncomeNet": "3145000", "netInterestIncome": "-42213000", "interestIncome": "-34696000", "interestExpense": "42213000", "nonInterestIncome": "52601000", "otherNonOperatingIncome": "7517000", "depreciation": "None", "depreciationAndAmortization": "56412000", "incomeBeforeTax": "119290000", "incomeTaxExpense": "4657000", "interestAndDebtExpense": "42213000", "netIncomeFromContinuingOperations": "123854000", "comprehensiveIncomeNetOfTax": "125181000", "ebit": "161503000", "ebitda": "217915000", "netIncome": "114633000"}, {"fiscalDateEnding": "2020-06-30", "reportedCurrency": "USD", "grossProfit": "238206000", "totalRevenue": "327246000", "costOfRevenue": "89040000", "costofGoodsAndServicesSold": "95898000", "operatingIncome": "149993000", "sellingGeneralAndAdministrative": "25337000", "researchAndDevelopment": "None", "operatingExpenses": "25337000", "investmentIncomeNet": "1669000", "netInterestIncome": "-41039000", "interestIncome": "1669000", "interestExpense": "41039000", "nonInterestIncome": "47934000", "otherNonOperatingIncome": "5480000", "depreciation": "None", "depreciationAndAmortization": "56018000", "incomeBeforeTax": "106088000", "incomeTaxExpense": "3177000", "interestAndDebtExpense": "41039000", "netIncomeFromContinuingOperations": "111257000", "comprehensiveIncomeNetOfTax": "97495000", "ebit": "147127000", "ebitda": "203145000", "netIncome": "102911000"}, {"fiscalDateEnding": "2020-03-31", "reportedCurrency": "USD", "grossProfit": "242155000", "totalRevenue": "332452000", "costOfRevenue": "90297000", "costofGoodsAndServicesSold": "96975000", "operatingIncome": "157191000", "sellingGeneralAndAdministrative": "23011000", "researchAndDevelopment": "None", "operatingExpenses": "23011000", "investmentIncomeNet": "1674000", "netInterestIncome": "-44358000", "interestIncome": "1674000", "interestExpense": "44358000", "nonInterestIncome": "45749000", "otherNonOperatingIncome": "5508000", "depreciation": "None", "depreciationAndAmortization": "55275000", "incomeBeforeTax": "110358000", "incomeTaxExpense": "2179000", "interestAndDebtExpense": "44358000", "netIncomeFromContinuingOperations": "116162000", "comprehensiveIncomeNetOfTax": "23305000", "ebit": "154716000", "ebitda": "209991000", "netIncome": "108179000"}, {"fiscalDateEnding": "2019-12-31", "reportedCurrency": "USD", "grossProfit": "248039000", "totalRevenue": "335801000", "costOfRevenue": "87762000", "costofGoodsAndServicesSold": "95545000", "operatingIncome": "164645000", "sellingGeneralAndAdministrative": "45976000", "researchAndDevelopment": "None", "operatingExpenses": "52632000", "investmentIncomeNet": "1562000", "netInterestIncome": "118716000", "interestIncome": "1562000", "interestExpense": "-118716000", "nonInterestIncome": "47128000", "otherNonOperatingIncome": "3172000", "depreciation": "None", "depreciationAndAmortization": "6656000", "incomeBeforeTax": "115010000", "incomeTaxExpense": "2728000", "interestAndDebtExpense": "-118716000", "netIncomeFromContinuingOperations": "164645000", "comprehensiveIncomeNetOfTax": "126755000", "ebit": "164645000", "ebitda": "2950000", "netIncome": "112282000"}, {"fiscalDateEnding": "2019-09-30", "reportedCurrency": "USD", "grossProfit": "248852000", "totalRevenue": "337505000", "costOfRevenue": "88653000", "costofGoodsAndServicesSold": "96297000", "operatingIncome": "162638000", "sellingGeneralAndAdministrative": "22519000", "researchAndDevelopment": "None", "operatingExpenses": "22561000", "investmentIncomeNet": "2799000", "netInterestIncome": "-46908000", "interestIncome": "2799000", "interestExpense": "46908000", "nonInterestIncome": "46588000", "otherNonOperatingIncome": "4317000", "depreciation": "None", "depreciationAndAmortization": "42000", "incomeBeforeTax": "112139000", "incomeTaxExpense": "4052000", "interestAndDebtExpense": "46908000", "netIncomeFromContinuingOperations": "115995000", "comprehensiveIncomeNetOfTax": "92124000", "ebit": "159047000", "ebitda": "159089000", "netIncome": "108087000"}, {"fiscalDateEnding": "2019-06-30", "reportedCurrency": "USD", "grossProfit": "242732000", "totalRevenue": "323602000", "costOfRevenue": "80870000", "costofGoodsAndServicesSold": "87852000", "operatingIncome": "159198000", "sellingGeneralAndAdministrative": "23351000", "researchAndDevelopment": "None", "operatingExpenses": "23393000", "investmentIncomeNet": "1718000", "netInterestIncome": "-47448000", "interestIncome": "1718000", "interestExpense": "47448000", "nonInterestIncome": "44018000", "otherNonOperatingIncome": "3654000", "depreciation": "None", "depreciationAndAmortization": "42000", "incomeBeforeTax": "107543000", "incomeTaxExpense": "2715000", "interestAndDebtExpense": "47448000", "netIncomeFromContinuingOperations": "112689000", "comprehensiveIncomeNetOfTax": "65545000", "ebit": "154991000", "ebitda": "155033000", "netIncome": "104828000"}, {"fiscalDateEnding": "2019-03-31", "reportedCurrency": "USD", "grossProfit": "232781000", "totalRevenue": "311546000", "costOfRevenue": "78765000", "costofGoodsAndServicesSold": "85732000", "operatingIncome": "148477000", "sellingGeneralAndAdministrative": "22678000", "researchAndDevelopment": "None", "operatingExpenses": "22678000", "investmentIncomeNet": "1388000", "netInterestIncome": "-47360000", "interestIncome": "-44504000", "interestExpense": "47360000", "nonInterestIncome": "40543000", "otherNonOperatingIncome": "2856000", "depreciation": "None", "depreciationAndAmortization": "42000", "incomeBeforeTax": "96583000", "incomeTaxExpense": "1813000", "interestAndDebtExpense": "47360000", "netIncomeFromContinuingOperations": "102160000", "comprehensiveIncomeNetOfTax": "71927000", "ebit": "143943000", "ebitda": "143985000", "netIncome": "94770000"}, {"fiscalDateEnding": "2018-12-31", "reportedCurrency": "USD", "grossProfit": "235146000", "totalRevenue": "307353000", "costOfRevenue": "72207000", "costofGoodsAndServicesSold": "79116000", "operatingIncome": "156677000", "sellingGeneralAndAdministrative": "34587000", "researchAndDevelopment": "None", "operatingExpenses": "43637000", "investmentIncomeNet": "1295000", "netInterestIncome": "-48197000", "interestIncome": "None", "interestExpense": "48197000", "nonInterestIncome": "338202000", "otherNonOperatingIncome": "3937000", "depreciation": "None", "depreciationAndAmortization": "53126000", "incomeBeforeTax": "104629000", "incomeTaxExpense": "3167000", "interestAndDebtExpense": "48197000", "netIncomeFromContinuingOperations": "156677000", "comprehensiveIncomeNetOfTax": "67750000", "ebit": "152826000", "ebitda": "207114000", "netIncome": "101462000"}, {"fiscalDateEnding": "2018-09-30", "reportedCurrency": "USD", "grossProfit": "233301000", "totalRevenue": "306953000", "costOfRevenue": "73652000", "costofGoodsAndServicesSold": "81372000", "operatingIncome": "153591000", "sellingGeneralAndAdministrative": "19707000", "researchAndDevelopment": "None", "operatingExpenses": "19707000", "investmentIncomeNet": "1371000", "netInterestIncome": "-45926000", "interestIncome": "None", "interestExpense": "45926000", "nonInterestIncome": "296833000", "otherNonOperatingIncome": "3853000", "depreciation": "None", "depreciationAndAmortization": "52283000", "incomeBeforeTax": "133056000", "incomeTaxExpense": "2638000", "interestAndDebtExpense": "45926000", "netIncomeFromContinuingOperations": "139687000", "comprehensiveIncomeNetOfTax": "135850000", "ebit": "178982000", "ebitda": "232405000", "netIncome": "130418000"}, {"fiscalDateEnding": "2018-06-30", "reportedCurrency": "USD", "grossProfit": "223730000", "totalRevenue": "296813000", "costOfRevenue": "73083000", "costofGoodsAndServicesSold": "78554000", "operatingIncome": "144716000", "sellingGeneralAndAdministrative": "21651000", "researchAndDevelopment": "None", "operatingExpenses": "21651000", "investmentIncomeNet": "1188000", "netInterestIncome": "-43347000", "interestIncome": "None", "interestExpense": "43347000", "nonInterestIncome": "286649000", "otherNonOperatingIncome": "3441000", "depreciation": "None", "depreciationAndAmortization": "51892000", "incomeBeforeTax": "97250000", "incomeTaxExpense": "2097000", "interestAndDebtExpense": "43347000", "netIncomeFromContinuingOperations": "102713000", "comprehensiveIncomeNetOfTax": "102812000", "ebit": "140597000", "ebitda": "193665000", "netIncome": "95153000"}, {"fiscalDateEnding": "2018-03-31", "reportedCurrency": "USD", "grossProfit": "212732000", "totalRevenue": "285485000", "costOfRevenue": "72753000", "costofGoodsAndServicesSold": "78360000", "operatingIncome": "133912000", "sellingGeneralAndAdministrative": "21464000", "researchAndDevelopment": "None", "operatingExpenses": "21464000", "investmentIncomeNet": "1438000", "netInterestIncome": "-40966000", "interestIncome": "None", "interestExpense": "40966000", "nonInterestIncome": "274920000", "otherNonOperatingIncome": "3826000", "depreciation": "None", "depreciationAndAmortization": "51749000", "incomeBeforeTax": "89598000", "incomeTaxExpense": "1342000", "interestAndDebtExpense": "40966000", "netIncomeFromContinuingOperations": "95430000", "comprehensiveIncomeNetOfTax": "110237000", "ebit": "130564000", "ebitda": "183522000", "netIncome": "88256000"}, {"fiscalDateEnding": "2017-12-31", "reportedCurrency": "USD", "grossProfit": "214238000", "totalRevenue": "281842000", "costOfRevenue": "67604000", "costofGoodsAndServicesSold": "72781000", "operatingIncome": "141114000", "sellingGeneralAndAdministrative": "33200000", "researchAndDevelopment": "None", "operatingExpenses": "47549000", "investmentIncomeNet": "1004000", "netInterestIncome": "-40319000", "interestIncome": "None", "interestExpense": "40319000", "nonInterestIncome": "271702000", "otherNonOperatingIncome": "3652000", "depreciation": "None", "depreciationAndAmortization": "49157000", "incomeBeforeTax": "210454000", "incomeTaxExpense": "-5529000", "interestAndDebtExpense": "40319000", "netIncomeFromContinuingOperations": "141114000", "comprehensiveIncomeNetOfTax": "231520000", "ebit": "250773000", "ebitda": "301184000", "netIncome": "215983000"}, {"fiscalDateEnding": "2017-09-30", "reportedCurrency": "USD", "grossProfit": "213726000", "totalRevenue": "284156000", "costOfRevenue": "70430000", "costofGoodsAndServicesSold": "76702000", "operatingIncome": "139881000", "sellingGeneralAndAdministrative": "19498000", "researchAndDevelopment": "None", "operatingExpenses": "17388000", "investmentIncomeNet": "869000", "netInterestIncome": "-39766000", "interestIncome": "None", "interestExpense": "39766000", "nonInterestIncome": "274471000", "otherNonOperatingIncome": "3591000", "depreciation": "None", "depreciationAndAmortization": "48075000", "incomeBeforeTax": "96905000", "incomeTaxExpense": "3163000", "interestAndDebtExpense": "39766000", "netIncomeFromContinuingOperations": "101075000", "comprehensiveIncomeNetOfTax": "94492000", "ebit": "136671000", "ebitda": "186036000", "netIncome": "93742000"}, {"fiscalDateEnding": "2017-06-30", "reportedCurrency": "USD", "grossProfit": "208708000", "totalRevenue": "276003000", "costOfRevenue": "67295000", "costofGoodsAndServicesSold": "71099000", "operatingIncome": "136407000", "sellingGeneralAndAdministrative": "21865000", "researchAndDevelopment": "None", "operatingExpenses": "21865000", "investmentIncomeNet": "826000", "netInterestIncome": "-37456000", "interestIncome": "None", "interestExpense": "37456000", "nonInterestIncome": "265109000", "otherNonOperatingIncome": "3374000", "depreciation": "None", "depreciationAndAmortization": "46632000", "incomeBeforeTax": "89873000", "incomeTaxExpense": "2867000", "interestAndDebtExpense": "37456000", "netIncomeFromContinuingOperations": "94098000", "comprehensiveIncomeNetOfTax": "81193000", "ebit": "127329000", "ebitda": "175251000", "netIncome": "87006000"}, {"fiscalDateEnding": "2017-03-31", "reportedCurrency": "USD", "grossProfit": "196363000", "totalRevenue": "263008000", "costOfRevenue": "66645000", "costofGoodsAndServicesSold": "70565000", "operatingIncome": "124203000", "sellingGeneralAndAdministrative": "18808000", "researchAndDevelopment": "None", "operatingExpenses": "18808000", "investmentIncomeNet": "1102000", "netInterestIncome": "-35970000", "interestIncome": "None", "interestExpense": "35970000", "nonInterestIncome": "254348000", "otherNonOperatingIncome": "3412000", "depreciation": "None", "depreciationAndAmortization": "49432000", "incomeBeforeTax": "85406000", "incomeTaxExpense": "3124000", "interestAndDebtExpense": "35970000", "netIncomeFromContinuingOperations": "89734000", "comprehensiveIncomeNetOfTax": "88328000", "ebit": "121376000", "ebitda": "172077000", "netIncome": "82282000"}, {"fiscalDateEnding": "2016-12-31", "reportedCurrency": "USD", "grossProfit": "232718000", "totalRevenue": "296840000", "costOfRevenue": "64122000", "costofGoodsAndServicesSold": "67332000", "operatingIncome": "123184000", "sellingGeneralAndAdministrative": "31222000", "researchAndDevelopment": "None", "operatingExpenses": "52355000", "investmentIncomeNet": "1451000", "netInterestIncome": "-35824000", "interestIncome": "None", "interestExpense": "35824000", "nonInterestIncome": "251367000", "otherNonOperatingIncome": "3269000", "depreciation": "None", "depreciationAndAmortization": "49158000", "incomeBeforeTax": "87246000", "incomeTaxExpense": "4843000", "interestAndDebtExpense": "35824000", "netIncomeFromContinuingOperations": "123184000", "comprehensiveIncomeNetOfTax": "140267000", "ebit": "123070000", "ebitda": "173492000", "netIncome": "82403000"}]}