{"symbol": "F", "annualReports": [{"fiscalDateEnding": "2020-12-31", "reportedCurrency": "USD", "grossProfit": "-800000000", "totalRevenue": "127144000000", "costOfRevenue": "127944000000", "costofGoodsAndServicesSold": "112752000000", "operatingIncome": "-4408000000", "sellingGeneralAndAdministrative": "10193000000", "researchAndDevelopment": "7100000000", "operatingExpenses": "17848000000", "investmentIncomeNet": "452000000", "netInterestIncome": "-5051000000", "interestIncome": "450000000", "interestExpense": "5051000000", "nonInterestIncome": "127168000000", "otherNonOperatingIncome": "117000000", "depreciation": "8751000000", "depreciationAndAmortization": "2819000000", "incomeBeforeTax": "-1119000000", "incomeTaxExpense": "160000000", "interestAndDebtExpense": "5052000000", "netIncomeFromContinuingOperations": "-1276000000", "comprehensiveIncomeNetOfTax": "-1845000000", "ebit": "-4408000000", "ebitda": "6751000000", "netIncome": "-1279000000"}, {"fiscalDateEnding": "2019-12-31", "reportedCurrency": "USD", "grossProfit": "3763000000", "totalRevenue": "155900000000", "costOfRevenue": "152137000000", "costofGoodsAndServicesSold": "134693000000", "operatingIncome": "574000000", "sellingGeneralAndAdministrative": "11161000000", "researchAndDevelopment": "7400000000", "operatingExpenses": "22800000000", "investmentIncomeNet": "809000000", "netInterestIncome": "-5409000000", "interestIncome": "809000000", "interestExpense": "5409000000", "nonInterestIncome": "155953000000", "otherNonOperatingIncome": "106000000", "depreciation": "9689000000", "depreciationAndAmortization": "3464000000", "incomeBeforeTax": "-677000000", "incomeTaxExpense": "-724000000", "interestAndDebtExpense": "5464000000", "netIncomeFromContinuingOperations": "84000000", "comprehensiveIncomeNetOfTax": "-315000000", "ebit": "574000000", "ebitda": "8196000000", "netIncome": "47000000"}, {"fiscalDateEnding": "2018-12-31", "reportedCurrency": "USD", "grossProfit": "12239000000", "totalRevenue": "160338000000", "costOfRevenue": "148099000000", "costofGoodsAndServicesSold": "136269000000", "operatingIncome": "3203000000", "sellingGeneralAndAdministrative": "11403000000", "researchAndDevelopment": "8200000000", "operatingExpenses": "19603000000", "investmentIncomeNet": "667000000", "netInterestIncome": "-5157000000", "interestIncome": "700000000", "interestExpense": "5157000000", "nonInterestIncome": "160217000000", "otherNonOperatingIncome": "113000000", "depreciation": "9385000000", "depreciationAndAmortization": "2504000000", "incomeBeforeTax": "4327000000", "incomeTaxExpense": "650000000", "interestAndDebtExpense": "5157000000", "netIncomeFromContinuingOperations": "3695000000", "comprehensiveIncomeNetOfTax": "3270000000", "ebit": "3203000000", "ebitda": "11988000000", "netIncome": "3677000000"}, {"fiscalDateEnding": "2017-12-31", "reportedCurrency": "USD", "grossProfit": "4813000000", "totalRevenue": "156776000000", "costOfRevenue": "151963000000", "costofGoodsAndServicesSold": "131321000000", "operatingIncome": "4881000000", "sellingGeneralAndAdministrative": "11527000000", "researchAndDevelopment": "8000000000", "operatingExpenses": "19527000000", "investmentIncomeNet": "459000000", "netInterestIncome": "-1133000000", "interestIncome": "3231000000", "interestExpense": "4364000000", "nonInterestIncome": "157083000000", "otherNonOperatingIncome": "380000000", "depreciation": "9241000000", "depreciationAndAmortization": "2292000000", "incomeBeforeTax": "8004000000", "incomeTaxExpense": "402000000", "interestAndDebtExpense": "1133000000", "netIncomeFromContinuingOperations": "7628000000", "comprehensiveIncomeNetOfTax": "7785000000", "ebit": "4881000000", "ebitda": "14660000000", "netIncome": "7602000000"}, {"fiscalDateEnding": "2016-12-31", "reportedCurrency": "USD", "grossProfit": "4116000000", "totalRevenue": "151800000000", "costOfRevenue": "147684000000", "costofGoodsAndServicesSold": "126195000000", "operatingIncome": "-15380000000", "sellingGeneralAndAdministrative": "10972000000", "researchAndDevelopment": "7300000000", "operatingExpenses": "19496000000", "investmentIncomeNet": "291000000", "netInterestIncome": "-894000000", "interestIncome": "294000000", "interestExpense": "894000000", "nonInterestIncome": "307000000", "otherNonOperatingIncome": "489000000", "depreciation": "2130000000", "depreciationAndAmortization": "8717000000", "incomeBeforeTax": "6780000000", "incomeTaxExpense": "2184000000", "interestAndDebtExpense": "894000000", "netIncomeFromContinuingOperations": "4607000000", "comprehensiveIncomeNetOfTax": "3833000000", "ebit": "7674000000", "ebitda": "25300000000", "netIncome": "4596000000"}], "quarterlyReports": [{"fiscalDateEnding": "2021-09-30", "reportedCurrency": "USD", "grossProfit": "3269000000", "totalRevenue": "35683000000", "costOfRevenue": "32414000000", "costofGoodsAndServicesSold": "30057000000", "operatingIncome": "1342000000", "sellingGeneralAndAdministrative": "2947000000", "researchAndDevelopment": "None", "operatingExpenses": "2947000000", "investmentIncomeNet": "60000000", "netInterestIncome": "-439000000", "interestIncome": "63000000", "interestExpense": "439000000", "nonInterestIncome": "35683000000", "otherNonOperatingIncome": "22000000", "depreciation": "1839000000", "depreciationAndAmortization": "1520000000", "incomeBeforeTax": "1895000000", "incomeTaxExpense": "63000000", "interestAndDebtExpense": "439000000", "netIncomeFromContinuingOperations": "1822000000", "comprehensiveIncomeNetOfTax": "1855000000", "ebit": "1342000000", "ebitda": "5191000000", "netIncome": "1832000000"}, {"fiscalDateEnding": "2021-06-30", "reportedCurrency": "USD", "grossProfit": "1739000000", "totalRevenue": "26752000000", "costOfRevenue": "25013000000", "costofGoodsAndServicesSold": "22904000000", "operatingIncome": "-22000000", "sellingGeneralAndAdministrative": "2877000000", "researchAndDevelopment": "None", "operatingExpenses": "2877000000", "investmentIncomeNet": "64000000", "netInterestIncome": "-1382000000", "interestIncome": "64000000", "interestExpense": "1446000000", "nonInterestIncome": "26752000000", "otherNonOperatingIncome": "26000000", "depreciation": "1536000000", "depreciationAndAmortization": "1182000000", "incomeBeforeTax": "743000000", "incomeTaxExpense": "182000000", "interestAndDebtExpense": "None", "netIncomeFromContinuingOperations": "553000000", "comprehensiveIncomeNetOfTax": "663000000", "ebit": "-22000000", "ebitda": "3371000000", "netIncome": "561000000"}, {"fiscalDateEnding": "2021-03-31", "reportedCurrency": "USD", "grossProfit": "4736000000", "totalRevenue": "36228000000", "costOfRevenue": "31492000000", "costofGoodsAndServicesSold": "29297000000", "operatingIncome": "2464000000", "sellingGeneralAndAdministrative": "2843000000", "researchAndDevelopment": "None", "operatingExpenses": "2677000000", "investmentIncomeNet": "72000000", "netInterestIncome": "-2028000000", "interestIncome": "72000000", "interestExpense": "2100000000", "nonInterestIncome": "35878000000", "otherNonOperatingIncome": "-45000000", "depreciation": "2103000000", "depreciationAndAmortization": "1742000000", "incomeBeforeTax": "3942000000", "incomeTaxExpense": "680000000", "interestAndDebtExpense": "None", "netIncomeFromContinuingOperations": "3262000000", "comprehensiveIncomeNetOfTax": "3186000000", "ebit": "2464000000", "ebitda": "7784000000", "netIncome": "3262000000"}, {"fiscalDateEnding": "2020-12-31", "reportedCurrency": "USD", "grossProfit": "35952000000", "totalRevenue": "35952000000", "costOfRevenue": "41989000000", "costofGoodsAndServicesSold": "33075000000", "operatingIncome": "-2442000000", "sellingGeneralAndAdministrative": "3530000000", "researchAndDevelopment": "None", "operatingExpenses": "14647000000", "investmentIncomeNet": "78000000", "netInterestIncome": "-3876000000", "interestIncome": "91000000", "interestExpense": "3876000000", "nonInterestIncome": "35761000000", "otherNonOperatingIncome": "21000000", "depreciation": "2081000000", "depreciationAndAmortization": "1725000000", "incomeBeforeTax": "-4829000000", "incomeTaxExpense": "-1019000000", "interestAndDebtExpense": "5051000000", "netIncomeFromContinuingOperations": "-3810000000", "comprehensiveIncomeNetOfTax": "-2469000000", "ebit": "-2442000000", "ebitda": "181000000", "netIncome": "-3810000000"}, {"fiscalDateEnding": "2020-09-30", "reportedCurrency": "USD", "grossProfit": "4289000000", "totalRevenue": "37501000000", "costOfRevenue": "33212000000", "costofGoodsAndServicesSold": "31223000000", "operatingIncome": "2351000000", "sellingGeneralAndAdministrative": "2266000000", "researchAndDevelopment": "None", "operatingExpenses": "2266000000", "investmentIncomeNet": "90000000", "netInterestIncome": "-498000000", "interestIncome": "-54000000", "interestExpense": "498000000", "nonInterestIncome": "37501000000", "otherNonOperatingIncome": "43000000", "depreciation": "1868000000", "depreciationAndAmortization": "1520000000", "incomeBeforeTax": "2751000000", "incomeTaxExpense": "366000000", "interestAndDebtExpense": "0", "netIncomeFromContinuingOperations": "2390000000", "comprehensiveIncomeNetOfTax": "2243000000", "ebit": "2351000000", "ebitda": "6430000000", "netIncome": "2385000000"}, {"fiscalDateEnding": "2020-06-30", "reportedCurrency": "USD", "grossProfit": "18000000", "totalRevenue": "19371000000", "costOfRevenue": "19353000000", "costofGoodsAndServicesSold": "17932000000", "operatingIncome": "-2759000000", "sellingGeneralAndAdministrative": "1965000000", "researchAndDevelopment": "None", "operatingExpenses": "1965000000", "investmentIncomeNet": "122000000", "netInterestIncome": "-316000000", "interestIncome": "134000000", "interestExpense": "2683000000", "nonInterestIncome": "19370000000", "otherNonOperatingIncome": "34000000", "depreciation": "2358000000", "depreciationAndAmortization": "2070000000", "incomeBeforeTax": "1083000000", "incomeTaxExpense": "-34000000", "interestAndDebtExpense": "1000000", "netIncomeFromContinuingOperations": "1118000000", "comprehensiveIncomeNetOfTax": "1107000000", "ebit": "-2759000000", "ebitda": "5836000000", "netIncome": "1117000000"}, {"fiscalDateEnding": "2020-03-31", "reportedCurrency": "USD", "grossProfit": "1216000000", "totalRevenue": "34320000000", "costOfRevenue": "33104000000", "costofGoodsAndServicesSold": "30522000000", "operatingIncome": "-1558000000", "sellingGeneralAndAdministrative": "2432000000", "researchAndDevelopment": "None", "operatingExpenses": "2420000000", "investmentIncomeNet": "162000000", "netInterestIncome": "-88000000", "interestIncome": "162000000", "interestExpense": "3174000000", "nonInterestIncome": "33982000000", "otherNonOperatingIncome": "18000000", "depreciation": "2444000000", "depreciationAndAmortization": "2142000000", "incomeBeforeTax": "-1146000000", "incomeTaxExpense": "847000000", "interestAndDebtExpense": "0", "netIncomeFromContinuingOperations": "-1993000000", "comprehensiveIncomeNetOfTax": "-2726000000", "ebit": "-1558000000", "ebitda": "4170000000", "netIncome": "-1993000000"}, {"fiscalDateEnding": "2019-12-31", "reportedCurrency": "USD", "grossProfit": "39715000000", "totalRevenue": "39715000000", "costOfRevenue": "43358000000", "costofGoodsAndServicesSold": "34812000000", "operatingIncome": "-457000000", "sellingGeneralAndAdministrative": "2992000000", "researchAndDevelopment": "None", "operatingExpenses": "13878000000", "investmentIncomeNet": "197000000", "netInterestIncome": "-61000000", "interestIncome": "197000000", "interestExpense": "2626000000", "nonInterestIncome": "39871000000", "otherNonOperatingIncome": "-26000000", "depreciation": "2379000000", "depreciationAndAmortization": "2071000000", "incomeBeforeTax": "-3200000000", "incomeTaxExpense": "-764000000", "interestAndDebtExpense": "5410000000", "netIncomeFromContinuingOperations": "-2436000000", "comprehensiveIncomeNetOfTax": "-1558000000", "ebit": "-457000000", "ebitda": "2261000000", "netIncome": "-2436000000"}, {"fiscalDateEnding": "2019-09-30", "reportedCurrency": "USD", "grossProfit": "2086000000", "totalRevenue": "36990000000", "costOfRevenue": "34904000000", "costofGoodsAndServicesSold": "32282000000", "operatingIncome": "-261000000", "sellingGeneralAndAdministrative": "2601000000", "researchAndDevelopment": "None", "operatingExpenses": "2601000000", "investmentIncomeNet": "202000000", "netInterestIncome": "-79000000", "interestIncome": "202000000", "interestExpense": "2649000000", "nonInterestIncome": "36989000000", "otherNonOperatingIncome": "25000000", "depreciation": "2322000000", "depreciationAndAmortization": "None", "incomeBeforeTax": "-17000000", "incomeTaxExpense": "-442000000", "interestAndDebtExpense": "1000000", "netIncomeFromContinuingOperations": "423000000", "comprehensiveIncomeNetOfTax": "19000000", "ebit": "-261000000", "ebitda": "2632000000", "netIncome": "425000000"}, {"fiscalDateEnding": "2019-06-30", "reportedCurrency": "USD", "grossProfit": "2471000000", "totalRevenue": "38853000000", "costOfRevenue": "36382000000", "costofGoodsAndServicesSold": "33657000000", "operatingIncome": "90000000", "sellingGeneralAndAdministrative": "2725000000", "researchAndDevelopment": "None", "operatingExpenses": "2725000000", "investmentIncomeNet": "207000000", "netInterestIncome": "-38000000", "interestIncome": "206000000", "interestExpense": "2625000000", "nonInterestIncome": "38800000000", "otherNonOperatingIncome": "88000000", "depreciation": "2559000000", "depreciationAndAmortization": "None", "incomeBeforeTax": "203000000", "incomeTaxExpense": "55000000", "interestAndDebtExpense": "53000000", "netIncomeFromContinuingOperations": "150000000", "comprehensiveIncomeNetOfTax": "213000000", "ebit": "90000000", "ebitda": "2828000000", "netIncome": "148000000"}, {"fiscalDateEnding": "2019-03-31", "reportedCurrency": "USD", "grossProfit": "3557000000", "totalRevenue": "40342000000", "costOfRevenue": "36785000000", "costofGoodsAndServicesSold": "33942000000", "operatingIncome": "1202000000", "sellingGeneralAndAdministrative": "2843000000", "researchAndDevelopment": "None", "operatingExpenses": "2843000000", "investmentIncomeNet": "203000000", "netInterestIncome": "-62000000", "interestIncome": "33000000", "interestExpense": "2600000000", "nonInterestIncome": "40342000000", "otherNonOperatingIncome": "19000000", "depreciation": "2429000000", "depreciationAndAmortization": "None", "incomeBeforeTax": "1573000000", "incomeTaxExpense": "427000000", "interestAndDebtExpense": "0", "netIncomeFromContinuingOperations": "1183000000", "comprehensiveIncomeNetOfTax": "1011000000", "ebit": "1202000000", "ebitda": "4173000000", "netIncome": "1146000000"}, {"fiscalDateEnding": "2018-12-31", "reportedCurrency": "USD", "grossProfit": "41793000000", "totalRevenue": "41793000000", "costOfRevenue": "32125000000", "costofGoodsAndServicesSold": "35754000000", "operatingIncome": "632000000", "sellingGeneralAndAdministrative": "2996000000", "researchAndDevelopment": "8200000000", "operatingExpenses": "11196000000", "investmentIncomeNet": "185000000", "netInterestIncome": "None", "interestIncome": "None", "interestExpense": "9758000000", "nonInterestIncome": "41672000000", "otherNonOperatingIncome": "2000000", "depreciation": "2455000000", "depreciationAndAmortization": "None", "incomeBeforeTax": "78000000", "incomeTaxExpense": "95000000", "interestAndDebtExpense": "5157000000", "netIncomeFromContinuingOperations": "-17000000", "comprehensiveIncomeNetOfTax": "-53000000", "ebit": "632000000", "ebitda": "9737000000", "netIncome": "-17000000"}, {"fiscalDateEnding": "2018-09-30", "reportedCurrency": "USD", "grossProfit": "864000000", "totalRevenue": "37666000000", "costOfRevenue": "36802000000", "costofGoodsAndServicesSold": "31568000000", "operatingIncome": "864000000", "sellingGeneralAndAdministrative": "2882000000", "researchAndDevelopment": "None", "operatingExpenses": "2882000000", "investmentIncomeNet": "169000000", "netInterestIncome": "None", "interestIncome": "None", "interestExpense": "343000000", "nonInterestIncome": "37666000000", "otherNonOperatingIncome": "38000000", "depreciation": "None", "depreciationAndAmortization": "None", "incomeBeforeTax": "1092000000", "incomeTaxExpense": "101000000", "interestAndDebtExpense": "0", "netIncomeFromContinuingOperations": "993000000", "comprehensiveIncomeNetOfTax": "766000000", "ebit": "864000000", "ebitda": "1435000000", "netIncome": "991000000"}, {"fiscalDateEnding": "2018-06-30", "reportedCurrency": "USD", "grossProfit": "586000000", "totalRevenue": "38920000000", "costOfRevenue": "38334000000", "costofGoodsAndServicesSold": "33194000000", "operatingIncome": "-2192000000", "sellingGeneralAndAdministrative": "2778000000", "researchAndDevelopment": "None", "operatingExpenses": "2778000000", "investmentIncomeNet": "167000000", "netInterestIncome": "-287000000", "interestIncome": "None", "interestExpense": "287000000", "nonInterestIncome": "38920000000", "otherNonOperatingIncome": "30000000", "depreciation": "None", "depreciationAndAmortization": "None", "incomeBeforeTax": "1346000000", "incomeTaxExpense": "280000000", "interestAndDebtExpense": "287000000", "netIncomeFromContinuingOperations": "1069000000", "comprehensiveIncomeNetOfTax": "531000000", "ebit": "1633000000", "ebitda": "1647000000", "netIncome": "1066000000"}, {"fiscalDateEnding": "2018-03-31", "reportedCurrency": "USD", "grossProfit": "1121000000", "totalRevenue": "41959000000", "costOfRevenue": "40838000000", "costofGoodsAndServicesSold": "35753000000", "operatingIncome": "-1626000000", "sellingGeneralAndAdministrative": "2747000000", "researchAndDevelopment": "None", "operatingExpenses": "2747000000", "investmentIncomeNet": "146000000", "netInterestIncome": "None", "interestIncome": "None", "interestExpense": "2627000000", "nonInterestIncome": "41959000000", "otherNonOperatingIncome": "43000000", "depreciation": "None", "depreciationAndAmortization": "None", "incomeBeforeTax": "1910000000", "incomeTaxExpense": "174000000", "interestAndDebtExpense": "-287000000", "netIncomeFromContinuingOperations": "1745000000", "comprehensiveIncomeNetOfTax": "2026000000", "ebit": "-1626000000", "ebitda": "4537000000", "netIncome": "1736000000"}, {"fiscalDateEnding": "2017-12-31", "reportedCurrency": "USD", "grossProfit": "41326000000", "totalRevenue": "41326000000", "costOfRevenue": "40457000000", "costofGoodsAndServicesSold": "35004000000", "operatingIncome": "9376000000", "sellingGeneralAndAdministrative": "3088000000", "researchAndDevelopment": "8000000000", "operatingExpenses": "11088000000", "investmentIncomeNet": "134000000", "netInterestIncome": "-293000000", "interestIncome": "3231000000", "interestExpense": "3524000000", "nonInterestIncome": "41633000000", "otherNonOperatingIncome": "94000000", "depreciation": "None", "depreciationAndAmortization": "None", "incomeBeforeTax": "1237000000", "incomeTaxExpense": "-652000000", "interestAndDebtExpense": "293000000", "netIncomeFromContinuingOperations": "1889000000", "comprehensiveIncomeNetOfTax": "2320000000", "ebit": "4761000000", "ebitda": "4560000000", "netIncome": "1889000000"}, {"fiscalDateEnding": "2017-09-30", "reportedCurrency": "USD", "grossProfit": "971000000", "totalRevenue": "36451000000", "costOfRevenue": "35480000000", "costofGoodsAndServicesSold": "30275000000", "operatingIncome": "-1948000000", "sellingGeneralAndAdministrative": "2919000000", "researchAndDevelopment": "None", "operatingExpenses": "2919000000", "investmentIncomeNet": "124000000", "netInterestIncome": "-284000000", "interestIncome": "None", "interestExpense": "284000000", "nonInterestIncome": "36451000000", "otherNonOperatingIncome": "130000000", "depreciation": "None", "depreciationAndAmortization": "None", "incomeBeforeTax": "1755000000", "incomeTaxExpense": "191000000", "interestAndDebtExpense": "284000000", "netIncomeFromContinuingOperations": "1571000000", "comprehensiveIncomeNetOfTax": "1529000000", "ebit": "2039000000", "ebitda": "4307000000", "netIncome": "1564000000"}, {"fiscalDateEnding": "2017-06-30", "reportedCurrency": "USD", "grossProfit": "1531000000", "totalRevenue": "39853000000", "costOfRevenue": "38322000000", "costofGoodsAndServicesSold": "33342000000", "operatingIncome": "-1225000000", "sellingGeneralAndAdministrative": "2756000000", "researchAndDevelopment": "None", "operatingExpenses": "2756000000", "investmentIncomeNet": "109000000", "netInterestIncome": "-277000000", "interestIncome": "None", "interestExpense": "277000000", "nonInterestIncome": "39853000000", "otherNonOperatingIncome": "109000000", "depreciation": "None", "depreciationAndAmortization": "None", "incomeBeforeTax": "2253000000", "incomeTaxExpense": "211000000", "interestAndDebtExpense": "277000000", "netIncomeFromContinuingOperations": "2050000000", "comprehensiveIncomeNetOfTax": "2260000000", "ebit": "2530000000", "ebitda": "4745000000", "netIncome": "2042000000"}, {"fiscalDateEnding": "2017-03-31", "reportedCurrency": "USD", "grossProfit": "1442000000", "totalRevenue": "39146000000", "costOfRevenue": "37704000000", "costofGoodsAndServicesSold": "32700000000", "operatingIncome": "-1322000000", "sellingGeneralAndAdministrative": "2764000000", "researchAndDevelopment": "None", "operatingExpenses": "2764000000", "investmentIncomeNet": "92000000", "netInterestIncome": "-279000000", "interestIncome": "None", "interestExpense": "279000000", "nonInterestIncome": "39146000000", "otherNonOperatingIncome": "47000000", "depreciation": "None", "depreciationAndAmortization": "None", "incomeBeforeTax": "2239000000", "incomeTaxExpense": "652000000", "interestAndDebtExpense": "279000000", "netIncomeFromContinuingOperations": "1594000000", "comprehensiveIncomeNetOfTax": "1676000000", "ebit": "2518000000", "ebitda": "4747000000", "netIncome": "1587000000"}, {"fiscalDateEnding": "2016-12-31", "reportedCurrency": "USD", "grossProfit": "38654000000", "totalRevenue": "38654000000", "costOfRevenue": "40333000000", "costofGoodsAndServicesSold": "32488000000", "operatingIncome": "38654000000", "sellingGeneralAndAdministrative": "2841000000", "researchAndDevelopment": "7300000000", "operatingExpenses": "11738000000", "investmentIncomeNet": "None", "netInterestIncome": "-244000000", "interestIncome": "None", "interestExpense": "244000000", "nonInterestIncome": "None", "otherNonOperatingIncome": "438000000", "depreciation": "None", "depreciationAndAmortization": "None", "incomeBeforeTax": "-1458000000", "incomeTaxExpense": "-341000000", "interestAndDebtExpense": "244000000", "netIncomeFromContinuingOperations": "-1117000000", "comprehensiveIncomeNetOfTax": "-1757000000", "ebit": "-1214000000", "ebitda": "1511000000", "netIncome": "-1117000000"}]}