{"symbol": "FAST", "annualReports": [{"fiscalDateEnding": "2020-12-31", "reportedCurrency": "USD", "grossProfit": "2567800000", "totalRevenue": "5639000000", "costOfRevenue": "4516000000", "costofGoodsAndServicesSold": "3079500000", "operatingIncome": "1141800000", "sellingGeneralAndAdministrative": "1427400000", "researchAndDevelopment": "None", "operatingExpenses": "1442600000", "investmentIncomeNet": "None", "netInterestIncome": "-9700000", "interestIncome": "600000", "interestExpense": "9700000", "nonInterestIncome": "5648700000", "otherNonOperatingIncome": "600000", "depreciation": "153300000", "depreciationAndAmortization": "9100000", "incomeBeforeTax": "1132700000", "incomeTaxExpense": "273600000", "interestAndDebtExpense": "9700000", "netIncomeFromContinuingOperations": "859100000", "comprehensiveIncomeNetOfTax": "876300000", "ebit": "1142400000", "ebitda": "1151500000", "netIncome": "859100000"}, {"fiscalDateEnding": "2019-12-31", "reportedCurrency": "USD", "grossProfit": "2515400000", "totalRevenue": "5321000000", "costOfRevenue": "4281800000", "costofGoodsAndServicesSold": "2818300000", "operatingIncome": "1057200000", "sellingGeneralAndAdministrative": "1459400000", "researchAndDevelopment": "None", "operatingExpenses": "1467800000", "investmentIncomeNet": "None", "netInterestIncome": "-13900000", "interestIncome": "400000", "interestExpense": "13900000", "nonInterestIncome": "5334900000", "otherNonOperatingIncome": "400000", "depreciation": "144600000", "depreciationAndAmortization": "4100000", "incomeBeforeTax": "1043700000", "incomeTaxExpense": "252800000", "interestAndDebtExpense": "13900000", "netIncomeFromContinuingOperations": "790900000", "comprehensiveIncomeNetOfTax": "797300000", "ebit": "1057600000", "ebitda": "1061700000", "netIncome": "790900000"}, {"fiscalDateEnding": "2018-12-31", "reportedCurrency": "USD", "grossProfit": "2398900000", "totalRevenue": "4953000000", "costOfRevenue": "3970500000", "costofGoodsAndServicesSold": "2566200000", "operatingIncome": "999200000", "sellingGeneralAndAdministrative": "1400200000", "researchAndDevelopment": "None", "operatingExpenses": "1411900000", "investmentIncomeNet": "None", "netInterestIncome": "-12600000", "interestIncome": "400000", "interestExpense": "12600000", "nonInterestIncome": "4965600000", "otherNonOperatingIncome": "400000", "depreciation": "134100000", "depreciationAndAmortization": "4100000", "incomeBeforeTax": "987000000", "incomeTaxExpense": "235100000", "interestAndDebtExpense": "12600000", "netIncomeFromContinuingOperations": "751900000", "comprehensiveIncomeNetOfTax": "732200000", "ebit": "999600000", "ebitda": "1003700000", "netIncome": "751900000"}, {"fiscalDateEnding": "2017-12-31", "reportedCurrency": "USD", "grossProfit": "2163600000", "totalRevenue": "4382400000", "costOfRevenue": "3513500000", "costofGoodsAndServicesSold": "2226900000", "operatingIncome": "881800000", "sellingGeneralAndAdministrative": "1282800000", "researchAndDevelopment": "None", "operatingExpenses": "1293800000", "investmentIncomeNet": "None", "netInterestIncome": "-9100000", "interestIncome": "400000", "interestExpense": "9100000", "nonInterestIncome": "1000000", "otherNonOperatingIncome": "400000", "depreciation": "123600000", "depreciationAndAmortization": "3800000", "incomeBeforeTax": "873100000", "incomeTaxExpense": "294500000", "interestAndDebtExpense": "9100000", "netIncomeFromContinuingOperations": "578600000", "comprehensiveIncomeNetOfTax": "600800000", "ebit": "882200000", "ebitda": "886000000", "netIncome": "578600000"}, {"fiscalDateEnding": "2016-12-31", "reportedCurrency": "USD", "grossProfit": "1964800000", "totalRevenue": "3956064000", "costOfRevenue": "3167256000", "costofGoodsAndServicesSold": "1997200000", "operatingIncome": "795800000", "sellingGeneralAndAdministrative": "1169500000", "researchAndDevelopment": "None", "operatingExpenses": "1178015000", "investmentIncomeNet": "None", "netInterestIncome": "-6504000", "interestIncome": "-4000", "interestExpense": "6500000", "nonInterestIncome": "532000", "otherNonOperatingIncome": "394000", "depreciation": "103500000", "depreciationAndAmortization": "527000", "incomeBeforeTax": "789700000", "incomeTaxExpense": "290300000", "interestAndDebtExpense": "6504000", "netIncomeFromContinuingOperations": "499478000", "comprehensiveIncomeNetOfTax": "498500000", "ebit": "796200000", "ebitda": "796727000", "netIncome": "499400000"}], "quarterlyReports": [{"fiscalDateEnding": "2021-09-30", "reportedCurrency": "USD", "grossProfit": "720200000", "totalRevenue": "1551800000", "costOfRevenue": "1235800000", "costofGoodsAndServicesSold": "834000000", "operatingIncome": "318400000", "sellingGeneralAndAdministrative": "401800000", "researchAndDevelopment": "None", "operatingExpenses": "401800000", "investmentIncomeNet": "None", "netInterestIncome": "-2400000", "interestIncome": "100000", "interestExpense": "2400000", "nonInterestIncome": "1554200000", "otherNonOperatingIncome": "100000", "depreciation": "40100000", "depreciationAndAmortization": "2700000", "incomeBeforeTax": "316100000", "incomeTaxExpense": "72600000", "interestAndDebtExpense": "2400000", "netIncomeFromContinuingOperations": "243500000", "comprehensiveIncomeNetOfTax": "232700000", "ebit": "318500000", "ebitda": "321200000", "netIncome": "243500000"}, {"fiscalDateEnding": "2021-06-30", "reportedCurrency": "USD", "grossProfit": "700700000", "totalRevenue": "1505100000", "costOfRevenue": "1189900000", "costofGoodsAndServicesSold": "807000000", "operatingIncome": "317800000", "sellingGeneralAndAdministrative": "382900000", "researchAndDevelopment": "None", "operatingExpenses": "382900000", "investmentIncomeNet": "None", "netInterestIncome": "-2600000", "interestIncome": "None", "interestExpense": "2600000", "nonInterestIncome": "1507700000", "otherNonOperatingIncome": "None", "depreciation": "39600000", "depreciationAndAmortization": "2700000", "incomeBeforeTax": "315200000", "incomeTaxExpense": "75500000", "interestAndDebtExpense": "2600000", "netIncomeFromContinuingOperations": "239700000", "comprehensiveIncomeNetOfTax": "246500000", "ebit": "317800000", "ebitda": "320500000", "netIncome": "239700000"}, {"fiscalDateEnding": "2021-03-31", "reportedCurrency": "USD", "grossProfit": "643400000", "totalRevenue": "1415200000", "costOfRevenue": "1139400000", "costofGoodsAndServicesSold": "773600000", "operatingIncome": "280300000", "sellingGeneralAndAdministrative": "363100000", "researchAndDevelopment": "None", "operatingExpenses": "365100000", "investmentIncomeNet": "None", "netInterestIncome": "-2400000", "interestIncome": "None", "interestExpense": "2400000", "nonInterestIncome": "1417600000", "otherNonOperatingIncome": "None", "depreciation": "39300000", "depreciationAndAmortization": "2700000", "incomeBeforeTax": "277900000", "incomeTaxExpense": "67300000", "interestAndDebtExpense": "2400000", "netIncomeFromContinuingOperations": "210600000", "comprehensiveIncomeNetOfTax": "206200000", "ebit": "280300000", "ebitda": "283000000", "netIncome": "210600000"}, {"fiscalDateEnding": "2020-12-31", "reportedCurrency": "USD", "grossProfit": "618800000", "totalRevenue": "1358000000", "costOfRevenue": "1096600000", "costofGoodsAndServicesSold": "739200000", "operatingIncome": "264400000", "sellingGeneralAndAdministrative": "354700000", "researchAndDevelopment": "None", "operatingExpenses": "358800000", "investmentIncomeNet": "None", "netInterestIncome": "-2500000", "interestIncome": "300000", "interestExpense": "2500000", "nonInterestIncome": "1358000000", "otherNonOperatingIncome": "300000", "depreciation": "39300000", "depreciationAndAmortization": "2700000", "incomeBeforeTax": "262200000", "incomeTaxExpense": "66100000", "interestAndDebtExpense": "2500000", "netIncomeFromContinuingOperations": "262200000", "comprehensiveIncomeNetOfTax": "216700000", "ebit": "264700000", "ebitda": "267400000", "netIncome": "196100000"}, {"fiscalDateEnding": "2020-09-30", "reportedCurrency": "USD", "grossProfit": "640600000", "totalRevenue": "1411700000", "costOfRevenue": "1124200000", "costofGoodsAndServicesSold": "772700000", "operatingIncome": "290100000", "sellingGeneralAndAdministrative": "350500000", "researchAndDevelopment": "None", "operatingExpenses": "350500000", "investmentIncomeNet": "None", "netInterestIncome": "-2600000", "interestIncome": "100000", "interestExpense": "2600000", "nonInterestIncome": "1414300000", "otherNonOperatingIncome": "100000", "depreciation": "38400000", "depreciationAndAmortization": "2700000", "incomeBeforeTax": "287600000", "incomeTaxExpense": "66100000", "interestAndDebtExpense": "2600000", "netIncomeFromContinuingOperations": "221500000", "comprehensiveIncomeNetOfTax": "232600000", "ebit": "290200000", "ebitda": "292900000", "netIncome": "221500000"}, {"fiscalDateEnding": "2020-06-30", "reportedCurrency": "USD", "grossProfit": "671600000", "totalRevenue": "1506300000", "costOfRevenue": "1192700000", "costofGoodsAndServicesSold": "837400000", "operatingIncome": "316000000", "sellingGeneralAndAdministrative": "355600000", "researchAndDevelopment": "None", "operatingExpenses": "355600000", "investmentIncomeNet": "None", "netInterestIncome": "-2400000", "interestIncome": "100000", "interestExpense": "2400000", "nonInterestIncome": "1508700000", "otherNonOperatingIncome": "100000", "depreciation": "38000000", "depreciationAndAmortization": "2700000", "incomeBeforeTax": "313700000", "incomeTaxExpense": "74800000", "interestAndDebtExpense": "2400000", "netIncomeFromContinuingOperations": "238900000", "comprehensiveIncomeNetOfTax": "249400000", "ebit": "316100000", "ebitda": "318800000", "netIncome": "238900000"}, {"fiscalDateEnding": "2020-03-31", "reportedCurrency": "USD", "grossProfit": "636800000", "totalRevenue": "1365200000", "costOfRevenue": "1097100000", "costofGoodsAndServicesSold": "730200000", "operatingIncome": "271300000", "sellingGeneralAndAdministrative": "365500000", "researchAndDevelopment": "None", "operatingExpenses": "368400000", "investmentIncomeNet": "None", "netInterestIncome": "-2200000", "interestIncome": "100000", "interestExpense": "2200000", "nonInterestIncome": "1367400000", "otherNonOperatingIncome": "100000", "depreciation": "37600000", "depreciationAndAmortization": "1000000", "incomeBeforeTax": "269200000", "incomeTaxExpense": "66600000", "interestAndDebtExpense": "2200000", "netIncomeFromContinuingOperations": "202600000", "comprehensiveIncomeNetOfTax": "177600000", "ebit": "271400000", "ebitda": "272400000", "netIncome": "202600000"}, {"fiscalDateEnding": "2019-12-31", "reportedCurrency": "USD", "grossProfit": "598400000", "totalRevenue": "1276900000", "costOfRevenue": "1039500000", "costofGoodsAndServicesSold": "678500000", "operatingIncome": "238900000", "sellingGeneralAndAdministrative": "359900000", "researchAndDevelopment": "None", "operatingExpenses": "361200000", "investmentIncomeNet": "None", "netInterestIncome": "-2600000", "interestIncome": "100000", "interestExpense": "2600000", "nonInterestIncome": "1276900000", "otherNonOperatingIncome": "100000", "depreciation": "36800000", "depreciationAndAmortization": "1100000", "incomeBeforeTax": "236400000", "incomeTaxExpense": "57700000", "interestAndDebtExpense": "2600000", "netIncomeFromContinuingOperations": "236400000", "comprehensiveIncomeNetOfTax": "189300000", "ebit": "239000000", "ebitda": "240100000", "netIncome": "178700000"}, {"fiscalDateEnding": "2019-09-30", "reportedCurrency": "USD", "grossProfit": "651100000", "totalRevenue": "1375500000", "costOfRevenue": "1097200000", "costofGoodsAndServicesSold": "728000000", "operatingIncome": "281900000", "sellingGeneralAndAdministrative": "369200000", "researchAndDevelopment": "None", "operatingExpenses": "369200000", "investmentIncomeNet": "None", "netInterestIncome": "-3600000", "interestIncome": "100000", "interestExpense": "3600000", "nonInterestIncome": "1379100000", "otherNonOperatingIncome": "100000", "depreciation": "36300000", "depreciationAndAmortization": "1000000", "incomeBeforeTax": "278400000", "incomeTaxExpense": "64900000", "interestAndDebtExpense": "3600000", "netIncomeFromContinuingOperations": "213500000", "comprehensiveIncomeNetOfTax": "203900000", "ebit": "282000000", "ebitda": "283000000", "netIncome": "213500000"}, {"fiscalDateEnding": "2019-06-30", "reportedCurrency": "USD", "grossProfit": "641200000", "totalRevenue": "1365200000", "costOfRevenue": "1093900000", "costofGoodsAndServicesSold": "727200000", "operatingIncome": "275000000", "sellingGeneralAndAdministrative": "366700000", "researchAndDevelopment": "None", "operatingExpenses": "366200000", "investmentIncomeNet": "None", "netInterestIncome": "-3700000", "interestIncome": "100000", "interestExpense": "3700000", "nonInterestIncome": "1368900000", "otherNonOperatingIncome": "100000", "depreciation": "36100000", "depreciationAndAmortization": "1000000", "incomeBeforeTax": "271400000", "incomeTaxExpense": "66800000", "interestAndDebtExpense": "3700000", "netIncomeFromContinuingOperations": "204600000", "comprehensiveIncomeNetOfTax": "206300000", "ebit": "275100000", "ebitda": "276100000", "netIncome": "204600000"}, {"fiscalDateEnding": "2019-03-31", "reportedCurrency": "USD", "grossProfit": "624700000", "totalRevenue": "1305600000", "costOfRevenue": "1049200000", "costofGoodsAndServicesSold": "684600000", "operatingIncome": "261400000", "sellingGeneralAndAdministrative": "363600000", "researchAndDevelopment": "None", "operatingExpenses": "366300000", "investmentIncomeNet": "None", "netInterestIncome": "-4000000", "interestIncome": "100000", "interestExpense": "4000000", "nonInterestIncome": "1309600000", "otherNonOperatingIncome": "100000", "depreciation": "35400000", "depreciationAndAmortization": "1000000", "incomeBeforeTax": "257500000", "incomeTaxExpense": "63400000", "interestAndDebtExpense": "4000000", "netIncomeFromContinuingOperations": "194100000", "comprehensiveIncomeNetOfTax": "197800000", "ebit": "261500000", "ebitda": "262500000", "netIncome": "194100000"}, {"fiscalDateEnding": "2018-12-31", "reportedCurrency": "USD", "grossProfit": "587800000", "totalRevenue": "1231600000", "costOfRevenue": "999300000", "costofGoodsAndServicesSold": "643800000", "operatingIncome": "233400000", "sellingGeneralAndAdministrative": "354400000", "researchAndDevelopment": "None", "operatingExpenses": "358500000", "investmentIncomeNet": "None", "netInterestIncome": "-3700000", "interestIncome": "None", "interestExpense": "3700000", "nonInterestIncome": "1231600000", "otherNonOperatingIncome": "100000", "depreciation": "34800000", "depreciationAndAmortization": "1100000", "incomeBeforeTax": "229800000", "incomeTaxExpense": "61000000", "interestAndDebtExpense": "3700000", "netIncomeFromContinuingOperations": "229800000", "comprehensiveIncomeNetOfTax": "160700000", "ebit": "233500000", "ebitda": "234600000", "netIncome": "168800000"}, {"fiscalDateEnding": "2018-09-30", "reportedCurrency": "USD", "grossProfit": "615800000", "totalRevenue": "1277100000", "costOfRevenue": "1017800000", "costofGoodsAndServicesSold": "664000000", "operatingIncome": "262300000", "sellingGeneralAndAdministrative": "353800000", "researchAndDevelopment": "None", "operatingExpenses": "353500000", "investmentIncomeNet": "None", "netInterestIncome": "-3000000", "interestIncome": "None", "interestExpense": "3000000", "nonInterestIncome": "1280100000", "otherNonOperatingIncome": "100000", "depreciation": "33800000", "depreciationAndAmortization": "1000000", "incomeBeforeTax": "259400000", "incomeTaxExpense": "61800000", "interestAndDebtExpense": "3000000", "netIncomeFromContinuingOperations": "197600000", "comprehensiveIncomeNetOfTax": "196800000", "ebit": "262400000", "ebitda": "263400000", "netIncome": "197600000"}, {"fiscalDateEnding": "2018-06-30", "reportedCurrency": "USD", "grossProfit": "617700000", "totalRevenue": "2533200000", "costOfRevenue": "999500000", "costofGoodsAndServicesSold": "650200000", "operatingIncome": "269000000", "sellingGeneralAndAdministrative": "349300000", "researchAndDevelopment": "None", "operatingExpenses": "348700000", "investmentIncomeNet": "None", "netInterestIncome": "-3200000", "interestIncome": "None", "interestExpense": "3200000", "nonInterestIncome": "1268500000", "otherNonOperatingIncome": "100000", "depreciation": "33100000", "depreciationAndAmortization": "1000000", "incomeBeforeTax": "265900000", "incomeTaxExpense": "54700000", "interestAndDebtExpense": "3200000", "netIncomeFromContinuingOperations": "211200000", "comprehensiveIncomeNetOfTax": "198400000", "ebit": "269100000", "ebitda": "270100000", "netIncome": "211200000"}, {"fiscalDateEnding": "2018-03-31", "reportedCurrency": "USD", "grossProfit": "577600000", "totalRevenue": "2368500000", "costOfRevenue": "951900000", "costofGoodsAndServicesSold": "608200000", "operatingIncome": "234500000", "sellingGeneralAndAdministrative": "342700000", "researchAndDevelopment": "None", "operatingExpenses": "345400000", "investmentIncomeNet": "None", "netInterestIncome": "-2700000", "interestIncome": "None", "interestExpense": "2700000", "nonInterestIncome": "1185400000", "otherNonOperatingIncome": "100000", "depreciation": "32400000", "depreciationAndAmortization": "1000000", "incomeBeforeTax": "231900000", "incomeTaxExpense": "57600000", "interestAndDebtExpense": "2700000", "netIncomeFromContinuingOperations": "174300000", "comprehensiveIncomeNetOfTax": "176300000", "ebit": "234600000", "ebitda": "235600000", "netIncome": "174300000"}, {"fiscalDateEnding": "2017-12-31", "reportedCurrency": "USD", "grossProfit": "531200000", "totalRevenue": "1088500000", "costOfRevenue": "886100000", "costofGoodsAndServicesSold": "557300000", "operatingIncome": "203300000", "sellingGeneralAndAdministrative": "327800000", "researchAndDevelopment": "None", "operatingExpenses": "330900000", "investmentIncomeNet": "None", "netInterestIncome": "-2600000", "interestIncome": "None", "interestExpense": "2600000", "nonInterestIncome": "1088500000", "otherNonOperatingIncome": "100000", "depreciation": "31300000", "depreciationAndAmortization": "1000000", "incomeBeforeTax": "200800000", "incomeTaxExpense": "48400000", "interestAndDebtExpense": "2600000", "netIncomeFromContinuingOperations": "200800000", "comprehensiveIncomeNetOfTax": "155400000", "ebit": "203400000", "ebitda": "204400000", "netIncome": "152400000"}, {"fiscalDateEnding": "2017-09-30", "reportedCurrency": "USD", "grossProfit": "555900000", "totalRevenue": "1130300000", "costOfRevenue": "904400000", "costofGoodsAndServicesSold": "576900000", "operatingIncome": "228500000", "sellingGeneralAndAdministrative": "327500000", "researchAndDevelopment": "None", "operatingExpenses": "327400000", "investmentIncomeNet": "None", "netInterestIncome": "-2600000", "interestIncome": "None", "interestExpense": "2600000", "nonInterestIncome": "100000", "otherNonOperatingIncome": "100000", "depreciation": "31500000", "depreciationAndAmortization": "1000000", "incomeBeforeTax": "226000000", "incomeTaxExpense": "82900000", "interestAndDebtExpense": "2600000", "netIncomeFromContinuingOperations": "143100000", "comprehensiveIncomeNetOfTax": "151300000", "ebit": "228600000", "ebitda": "229600000", "netIncome": "143100000"}, {"fiscalDateEnding": "2017-06-30", "reportedCurrency": "USD", "grossProfit": "558500000", "totalRevenue": "1119900000", "costOfRevenue": "884600000", "costofGoodsAndServicesSold": "563000000", "operatingIncome": "237500000", "sellingGeneralAndAdministrative": "321600000", "researchAndDevelopment": "None", "operatingExpenses": "321000000", "investmentIncomeNet": "None", "netInterestIncome": "-2200000", "interestIncome": "None", "interestExpense": "2200000", "nonInterestIncome": "600000", "otherNonOperatingIncome": "100000", "depreciation": "30900000", "depreciationAndAmortization": "1000000", "incomeBeforeTax": "235400000", "incomeTaxExpense": "86500000", "interestAndDebtExpense": "2200000", "netIncomeFromContinuingOperations": "148900000", "comprehensiveIncomeNetOfTax": "157000000", "ebit": "237600000", "ebitda": "238600000", "netIncome": "148900000"}, {"fiscalDateEnding": "2017-03-31", "reportedCurrency": "USD", "grossProfit": "518000000", "totalRevenue": "1046400000", "costOfRevenue": "836400000", "costofGoodsAndServicesSold": "529700000", "operatingIncome": "212500000", "sellingGeneralAndAdministrative": "305900000", "researchAndDevelopment": "None", "operatingExpenses": "308500000", "investmentIncomeNet": "None", "netInterestIncome": "-1700000", "interestIncome": "None", "interestExpense": "1700000", "nonInterestIncome": "400000", "otherNonOperatingIncome": "100000", "depreciation": "29900000", "depreciationAndAmortization": "800000", "incomeBeforeTax": "210900000", "incomeTaxExpense": "76700000", "interestAndDebtExpense": "1700000", "netIncomeFromContinuingOperations": "134200000", "comprehensiveIncomeNetOfTax": "137100000", "ebit": "212600000", "ebitda": "213400000", "netIncome": "134200000"}, {"fiscalDateEnding": "2016-12-31", "reportedCurrency": "USD", "grossProfit": "471900000", "totalRevenue": "947947000", "costOfRevenue": "765811000", "costofGoodsAndServicesSold": "476000000", "operatingIncome": "182500000", "sellingGeneralAndAdministrative": "289600000", "researchAndDevelopment": "None", "operatingExpenses": "291459000", "investmentIncomeNet": "None", "netInterestIncome": "-1802000", "interestIncome": "-2000", "interestExpense": "1800000", "nonInterestIncome": "220000", "otherNonOperatingIncome": "136000", "depreciation": "29000000", "depreciationAndAmortization": "132000", "incomeBeforeTax": "180800000", "incomeTaxExpense": "66000000", "interestAndDebtExpense": "1802000", "netIncomeFromContinuingOperations": "180822000", "comprehensiveIncomeNetOfTax": "104600000", "ebit": "182600000", "ebitda": "182732000", "netIncome": "114800000"}]}