{"symbol": "FBHS", "annualReports": [{"fiscalDateEnding": "2020-12-31", "reportedCurrency": "USD", "grossProfit": "2164400000", "totalRevenue": "6090300000", "costOfRevenue": "3925900000", "costofGoodsAndServicesSold": "3925900000", "operatingIncome": "801400000", "sellingGeneralAndAdministrative": "1282600000", "researchAndDevelopment": "None", "operatingExpenses": "1365400000", "investmentIncomeNet": "None", "netInterestIncome": "-83900000", "interestIncome": "None", "interestExpense": "83900000", "nonInterestIncome": "6087900000", "otherNonOperatingIncome": "13300000", "depreciation": "121500000", "depreciationAndAmortization": "42000000", "incomeBeforeTax": "721900000", "incomeTaxExpense": "168800000", "interestAndDebtExpense": "83900000", "netIncomeFromContinuingOperations": "553100000", "comprehensiveIncomeNetOfTax": "570600000", "ebit": "805800000", "ebitda": "847800000", "netIncome": "553100000"}, {"fiscalDateEnding": "2019-12-31", "reportedCurrency": "USD", "grossProfit": "2052400000", "totalRevenue": "5764600000", "costOfRevenue": "3712200000", "costofGoodsAndServicesSold": "3712200000", "operatingIncome": "698500000", "sellingGeneralAndAdministrative": "1256300000", "researchAndDevelopment": "48200000", "operatingExpenses": "1401700000", "investmentIncomeNet": "None", "netInterestIncome": "-94200000", "interestIncome": "-93900000", "interestExpense": "94200000", "nonInterestIncome": "5765000000", "otherNonOperatingIncome": "-29000000", "depreciation": "111300000", "depreciationAndAmortization": "41400000", "incomeBeforeTax": "575900000", "incomeTaxExpense": "144000000", "interestAndDebtExpense": "94200000", "netIncomeFromContinuingOperations": "431900000", "comprehensiveIncomeNetOfTax": "434900000", "ebit": "670100000", "ebitda": "711500000", "netIncome": "431900000"}, {"fiscalDateEnding": "2018-12-31", "reportedCurrency": "USD", "grossProfit": "1959400000", "totalRevenue": "5485100000", "costOfRevenue": "3525700000", "costofGoodsAndServicesSold": "3525700000", "operatingIncome": "595200000", "sellingGeneralAndAdministrative": "1241400000", "researchAndDevelopment": "50300000", "operatingExpenses": "1415700000", "investmentIncomeNet": "None", "netInterestIncome": "-74500000", "interestIncome": "-65000000", "interestExpense": "74500000", "nonInterestIncome": "5483900000", "otherNonOperatingIncome": "16300000", "depreciation": "113500000", "depreciationAndAmortization": "36100000", "incomeBeforeTax": "536600000", "incomeTaxExpense": "147000000", "interestAndDebtExpense": "74500000", "netIncomeFromContinuingOperations": "389800000", "comprehensiveIncomeNetOfTax": "361800000", "ebit": "611100000", "ebitda": "647200000", "netIncome": "389600000"}, {"fiscalDateEnding": "2017-12-31", "reportedCurrency": "USD", "grossProfit": "1925000000", "totalRevenue": "5283300000", "costOfRevenue": "3358300000", "costofGoodsAndServicesSold": "3358300000", "operatingIncome": "682500000", "sellingGeneralAndAdministrative": "1196900000", "researchAndDevelopment": "50700000", "operatingExpenses": "1292000000", "investmentIncomeNet": "None", "netInterestIncome": "-49400000", "interestIncome": "-48300000", "interestExpense": "49400000", "nonInterestIncome": "-3300000", "otherNonOperatingIncome": "1700000", "depreciation": "98600000", "depreciationAndAmortization": "31700000", "incomeBeforeTax": "632100000", "incomeTaxExpense": "159500000", "interestAndDebtExpense": "49400000", "netIncomeFromContinuingOperations": "475200000", "comprehensiveIncomeNetOfTax": "505400000", "ebit": "681500000", "ebitda": "713200000", "netIncome": "472600000"}, {"fiscalDateEnding": "2016-12-31", "reportedCurrency": "USD", "grossProfit": "1804600000", "totalRevenue": "4984900000", "costOfRevenue": "3180300000", "costofGoodsAndServicesSold": "3188800000", "operatingIncome": "618600000", "sellingGeneralAndAdministrative": "1135500000", "researchAndDevelopment": "53100000", "operatingExpenses": "1226200000", "investmentIncomeNet": "None", "netInterestIncome": "-49100000", "interestIncome": "-49900000", "interestExpense": "49100000", "nonInterestIncome": "-1200000", "otherNonOperatingIncome": "12600000", "depreciation": "94600000", "depreciationAndAmortization": "28100000", "incomeBeforeTax": "582900000", "incomeTaxExpense": "169700000", "interestAndDebtExpense": "49100000", "netIncomeFromContinuingOperations": "412400000", "comprehensiveIncomeNetOfTax": "393800000", "ebit": "632000000", "ebitda": "660100000", "netIncome": "413200000"}], "quarterlyReports": [{"fiscalDateEnding": "2021-09-30", "reportedCurrency": "USD", "grossProfit": "286600000", "totalRevenue": "1986300000", "costOfRevenue": "1699700000", "costofGoodsAndServicesSold": "1280000000", "operatingIncome": "286600000", "sellingGeneralAndAdministrative": "400200000", "researchAndDevelopment": "None", "operatingExpenses": "419700000", "investmentIncomeNet": "None", "netInterestIncome": "-20600000", "interestIncome": "None", "interestExpense": "20600000", "nonInterestIncome": "1986300000", "otherNonOperatingIncome": "1300000", "depreciation": "30300000", "depreciationAndAmortization": "15900000", "incomeBeforeTax": "267300000", "incomeTaxExpense": "65200000", "interestAndDebtExpense": "20600000", "netIncomeFromContinuingOperations": "202100000", "comprehensiveIncomeNetOfTax": "186700000", "ebit": "287900000", "ebitda": "303800000", "netIncome": "202100000"}, {"fiscalDateEnding": "2021-06-30", "reportedCurrency": "USD", "grossProfit": "294900000", "totalRevenue": "1936100000", "costOfRevenue": "1641200000", "costofGoodsAndServicesSold": "1230300000", "operatingIncome": "294900000", "sellingGeneralAndAdministrative": "394600000", "researchAndDevelopment": "None", "operatingExpenses": "410900000", "investmentIncomeNet": "None", "netInterestIncome": "-21200000", "interestIncome": "None", "interestExpense": "21200000", "nonInterestIncome": "1936100000", "otherNonOperatingIncome": "1300000", "depreciation": "31500000", "depreciationAndAmortization": "16000000", "incomeBeforeTax": "275000000", "incomeTaxExpense": "57800000", "interestAndDebtExpense": "21200000", "netIncomeFromContinuingOperations": "217200000", "comprehensiveIncomeNetOfTax": "229800000", "ebit": "296200000", "ebitda": "312200000", "netIncome": "217200000"}, {"fiscalDateEnding": "2021-03-31", "reportedCurrency": "USD", "grossProfit": "248400000", "totalRevenue": "1771000000", "costOfRevenue": "1522600000", "costofGoodsAndServicesSold": "1126900000", "operatingIncome": "248400000", "sellingGeneralAndAdministrative": "371500000", "researchAndDevelopment": "None", "operatingExpenses": "395900000", "investmentIncomeNet": "None", "netInterestIncome": "-21400000", "interestIncome": "None", "interestExpense": "21400000", "nonInterestIncome": "1770800000", "otherNonOperatingIncome": "-3300000", "depreciation": "31100000", "depreciationAndAmortization": "16600000", "incomeBeforeTax": "223700000", "incomeTaxExpense": "45900000", "interestAndDebtExpense": "21400000", "netIncomeFromContinuingOperations": "177800000", "comprehensiveIncomeNetOfTax": "181900000", "ebit": "245100000", "ebitda": "261700000", "netIncome": "177800000"}, {"fiscalDateEnding": "2020-12-31", "reportedCurrency": "USD", "grossProfit": "607700000", "totalRevenue": "1659700000", "costOfRevenue": "1052000000", "costofGoodsAndServicesSold": "1052000000", "operatingIncome": "233200000", "sellingGeneralAndAdministrative": "364200000", "researchAndDevelopment": "None", "operatingExpenses": "375600000", "investmentIncomeNet": "None", "netInterestIncome": "-19500000", "interestIncome": "None", "interestExpense": "19500000", "nonInterestIncome": "1658600000", "otherNonOperatingIncome": "-100000", "depreciation": "35700000", "depreciationAndAmortization": "10900000", "incomeBeforeTax": "210700000", "incomeTaxExpense": "47100000", "interestAndDebtExpense": "19500000", "netIncomeFromContinuingOperations": "157600000", "comprehensiveIncomeNetOfTax": "200000000", "ebit": "230200000", "ebitda": "241100000", "netIncome": "163600000"}, {"fiscalDateEnding": "2020-09-30", "reportedCurrency": "USD", "grossProfit": "580600000", "totalRevenue": "1652100000", "costOfRevenue": "1071500000", "costofGoodsAndServicesSold": "1071500000", "operatingIncome": "240200000", "sellingGeneralAndAdministrative": "328300000", "researchAndDevelopment": "None", "operatingExpenses": "340400000", "investmentIncomeNet": "None", "netInterestIncome": "-20100000", "interestIncome": "None", "interestExpense": "20100000", "nonInterestIncome": "1652100000", "otherNonOperatingIncome": "2100000", "depreciation": "28800000", "depreciationAndAmortization": "10500000", "incomeBeforeTax": "218600000", "incomeTaxExpense": "54000000", "interestAndDebtExpense": "20100000", "netIncomeFromContinuingOperations": "168200000", "comprehensiveIncomeNetOfTax": "183400000", "ebit": "238700000", "ebitda": "249200000", "netIncome": "164600000"}, {"fiscalDateEnding": "2020-06-30", "reportedCurrency": "USD", "grossProfit": "482900000", "totalRevenue": "1375800000", "costOfRevenue": "892900000", "costofGoodsAndServicesSold": "892900000", "operatingIncome": "173000000", "sellingGeneralAndAdministrative": "276200000", "researchAndDevelopment": "None", "operatingExpenses": "309900000", "investmentIncomeNet": "None", "netInterestIncome": "-22200000", "interestIncome": "None", "interestExpense": "22200000", "nonInterestIncome": "1375800000", "otherNonOperatingIncome": "5200000", "depreciation": "29800000", "depreciationAndAmortization": "10300000", "incomeBeforeTax": "153600000", "incomeTaxExpense": "37800000", "interestAndDebtExpense": "22200000", "netIncomeFromContinuingOperations": "118200000", "comprehensiveIncomeNetOfTax": "128700000", "ebit": "175800000", "ebitda": "186100000", "netIncome": "115800000"}, {"fiscalDateEnding": "2020-03-31", "reportedCurrency": "USD", "grossProfit": "493200000", "totalRevenue": "1402700000", "costOfRevenue": "909500000", "costofGoodsAndServicesSold": "909500000", "operatingIncome": "155000000", "sellingGeneralAndAdministrative": "313900000", "researchAndDevelopment": "None", "operatingExpenses": "338100000", "investmentIncomeNet": "None", "netInterestIncome": "-22100000", "interestIncome": "-22600000", "interestExpense": "22100000", "nonInterestIncome": "1402800000", "otherNonOperatingIncome": "6100000", "depreciation": "27200000", "depreciationAndAmortization": "10300000", "incomeBeforeTax": "139000000", "incomeTaxExpense": "29900000", "interestAndDebtExpense": "22100000", "netIncomeFromContinuingOperations": "109100000", "comprehensiveIncomeNetOfTax": "58500000", "ebit": "161100000", "ebitda": "171400000", "netIncome": "109100000"}, {"fiscalDateEnding": "2019-12-31", "reportedCurrency": "USD", "grossProfit": "531800000", "totalRevenue": "1470500000", "costOfRevenue": "938700000", "costofGoodsAndServicesSold": "938700000", "operatingIncome": "192500000", "sellingGeneralAndAdministrative": "312400000", "researchAndDevelopment": "None", "operatingExpenses": "388100000", "investmentIncomeNet": "None", "netInterestIncome": "-22400000", "interestIncome": "-22100000", "interestExpense": "22400000", "nonInterestIncome": "1469900000", "otherNonOperatingIncome": "-31200000", "depreciation": "28600000", "depreciationAndAmortization": "11400000", "incomeBeforeTax": "139000000", "incomeTaxExpense": "34900000", "interestAndDebtExpense": "22400000", "netIncomeFromContinuingOperations": "104100000", "comprehensiveIncomeNetOfTax": "107000000", "ebit": "161400000", "ebitda": "172800000", "netIncome": "104100000"}, {"fiscalDateEnding": "2019-09-30", "reportedCurrency": "USD", "grossProfit": "524200000", "totalRevenue": "1459000000", "costOfRevenue": "934800000", "costofGoodsAndServicesSold": "934800000", "operatingIncome": "168000000", "sellingGeneralAndAdministrative": "311300000", "researchAndDevelopment": "None", "operatingExpenses": "356200000", "investmentIncomeNet": "None", "netInterestIncome": "-23600000", "interestIncome": "-23400000", "interestExpense": "23600000", "nonInterestIncome": "1459000000", "otherNonOperatingIncome": "300000", "depreciation": "26700000", "depreciationAndAmortization": "9900000", "incomeBeforeTax": "144600000", "incomeTaxExpense": "39000000", "interestAndDebtExpense": "23600000", "netIncomeFromContinuingOperations": "105600000", "comprehensiveIncomeNetOfTax": "94200000", "ebit": "168200000", "ebitda": "178100000", "netIncome": "105600000"}, {"fiscalDateEnding": "2019-06-30", "reportedCurrency": "USD", "grossProfit": "537600000", "totalRevenue": "1507200000", "costOfRevenue": "969600000", "costofGoodsAndServicesSold": "969600000", "operatingIncome": "202400000", "sellingGeneralAndAdministrative": "320600000", "researchAndDevelopment": "None", "operatingExpenses": "335200000", "investmentIncomeNet": "None", "netInterestIncome": "-24500000", "interestIncome": "-24300000", "interestExpense": "24500000", "nonInterestIncome": "1507200000", "otherNonOperatingIncome": "700000", "depreciation": "28200000", "depreciationAndAmortization": "10100000", "incomeBeforeTax": "179000000", "incomeTaxExpense": "41500000", "interestAndDebtExpense": "24500000", "netIncomeFromContinuingOperations": "137500000", "comprehensiveIncomeNetOfTax": "140700000", "ebit": "203500000", "ebitda": "213600000", "netIncome": "137500000"}, {"fiscalDateEnding": "2019-03-31", "reportedCurrency": "USD", "grossProfit": "458800000", "totalRevenue": "1327900000", "costOfRevenue": "869100000", "costofGoodsAndServicesSold": "869100000", "operatingIncome": "135600000", "sellingGeneralAndAdministrative": "312000000", "researchAndDevelopment": "None", "operatingExpenses": "322300000", "investmentIncomeNet": "None", "netInterestIncome": "-23700000", "interestIncome": "-23700000", "interestExpense": "23700000", "nonInterestIncome": "1328800000", "otherNonOperatingIncome": "1200000", "depreciation": "27800000", "depreciationAndAmortization": "10000000", "incomeBeforeTax": "113300000", "incomeTaxExpense": "28600000", "interestAndDebtExpense": "23700000", "netIncomeFromContinuingOperations": "84700000", "comprehensiveIncomeNetOfTax": "93000000", "ebit": "137000000", "ebitda": "147000000", "netIncome": "84700000"}, {"fiscalDateEnding": "2018-12-31", "reportedCurrency": "USD", "grossProfit": "501800000", "totalRevenue": "1420700000", "costOfRevenue": "918900000", "costofGoodsAndServicesSold": "918900000", "operatingIncome": "140100000", "sellingGeneralAndAdministrative": "308600000", "researchAndDevelopment": "None", "operatingExpenses": "411300000", "investmentIncomeNet": "None", "netInterestIncome": "-23400000", "interestIncome": "None", "interestExpense": "23400000", "nonInterestIncome": "5485800000", "otherNonOperatingIncome": "500000", "depreciation": "29900000", "depreciationAndAmortization": "10800000", "incomeBeforeTax": "117100000", "incomeTaxExpense": "31900000", "interestAndDebtExpense": "23400000", "netIncomeFromContinuingOperations": "85200000", "comprehensiveIncomeNetOfTax": "63800000", "ebit": "140500000", "ebitda": "151300000", "netIncome": "85200000"}, {"fiscalDateEnding": "2018-09-30", "reportedCurrency": "USD", "grossProfit": "493900000", "totalRevenue": "1380800000", "costOfRevenue": "886900000", "costofGoodsAndServicesSold": "886900000", "operatingIncome": "147100000", "sellingGeneralAndAdministrative": "305100000", "researchAndDevelopment": "None", "operatingExpenses": "346800000", "investmentIncomeNet": "None", "netInterestIncome": "-19000000", "interestIncome": "None", "interestExpense": "19000000", "nonInterestIncome": "1380800000", "otherNonOperatingIncome": "9600000", "depreciation": "28600000", "depreciationAndAmortization": "8900000", "incomeBeforeTax": "137600000", "incomeTaxExpense": "37800000", "interestAndDebtExpense": "19000000", "netIncomeFromContinuingOperations": "99800000", "comprehensiveIncomeNetOfTax": "107400000", "ebit": "156600000", "ebitda": "165500000", "netIncome": "99800000"}, {"fiscalDateEnding": "2018-06-30", "reportedCurrency": "USD", "grossProfit": "524100000", "totalRevenue": "1429000000", "costOfRevenue": "904900000", "costofGoodsAndServicesSold": "904900000", "operatingIncome": "188600000", "sellingGeneralAndAdministrative": "316500000", "researchAndDevelopment": "None", "operatingExpenses": "335500000", "investmentIncomeNet": "None", "netInterestIncome": "-17400000", "interestIncome": "None", "interestExpense": "17400000", "nonInterestIncome": "1429000000", "otherNonOperatingIncome": "3400000", "depreciation": "29700000", "depreciationAndAmortization": "8200000", "incomeBeforeTax": "174500000", "incomeTaxExpense": "44900000", "interestAndDebtExpense": "17400000", "netIncomeFromContinuingOperations": "129600000", "comprehensiveIncomeNetOfTax": "112400000", "ebit": "191900000", "ebitda": "200100000", "netIncome": "129600000"}, {"fiscalDateEnding": "2018-03-31", "reportedCurrency": "USD", "grossProfit": "439600000", "totalRevenue": "1254600000", "costOfRevenue": "815000000", "costofGoodsAndServicesSold": "815000000", "operatingIncome": "119400000", "sellingGeneralAndAdministrative": "311200000", "researchAndDevelopment": "None", "operatingExpenses": "320400000", "investmentIncomeNet": "None", "netInterestIncome": "-14700000", "interestIncome": "None", "interestExpense": "14700000", "nonInterestIncome": "-200000", "otherNonOperatingIncome": "2800000", "depreciation": "25300000", "depreciationAndAmortization": "8200000", "incomeBeforeTax": "107400000", "incomeTaxExpense": "32400000", "interestAndDebtExpense": "14700000", "netIncomeFromContinuingOperations": "75200000", "comprehensiveIncomeNetOfTax": "78200000", "ebit": "122100000", "ebitda": "130300000", "netIncome": "75000000"}, {"fiscalDateEnding": "2017-12-31", "reportedCurrency": "USD", "grossProfit": "492300000", "totalRevenue": "1382500000", "costOfRevenue": "890200000", "costofGoodsAndServicesSold": "897000000", "operatingIncome": "162800000", "sellingGeneralAndAdministrative": "316600000", "researchAndDevelopment": "50700000", "operatingExpenses": "381300000", "investmentIncomeNet": "None", "netInterestIncome": "-12900000", "interestIncome": "None", "interestExpense": "12900000", "nonInterestIncome": "-600000", "otherNonOperatingIncome": "-7500000", "depreciation": "25900000", "depreciationAndAmortization": "8100000", "incomeBeforeTax": "142400000", "incomeTaxExpense": "14400000", "interestAndDebtExpense": "12900000", "netIncomeFromContinuingOperations": "128000000", "comprehensiveIncomeNetOfTax": "114300000", "ebit": "155300000", "ebitda": "163400000", "netIncome": "128000000"}, {"fiscalDateEnding": "2017-09-30", "reportedCurrency": "USD", "grossProfit": "505300000", "totalRevenue": "1348600000", "costOfRevenue": "843300000", "costofGoodsAndServicesSold": "841600000", "operatingIncome": "199500000", "sellingGeneralAndAdministrative": "297900000", "researchAndDevelopment": "None", "operatingExpenses": "305200000", "investmentIncomeNet": "None", "netInterestIncome": "-12300000", "interestIncome": "None", "interestExpense": "12300000", "nonInterestIncome": "-300000", "otherNonOperatingIncome": "2200000", "depreciation": "24800000", "depreciationAndAmortization": "7500000", "incomeBeforeTax": "189300000", "incomeTaxExpense": "59800000", "interestAndDebtExpense": "12300000", "netIncomeFromContinuingOperations": "129500000", "comprehensiveIncomeNetOfTax": "158700000", "ebit": "201600000", "ebitda": "209100000", "netIncome": "129500000"}, {"fiscalDateEnding": "2017-06-30", "reportedCurrency": "USD", "grossProfit": "513300000", "totalRevenue": "1365400000", "costOfRevenue": "852100000", "costofGoodsAndServicesSold": "849900000", "operatingIncome": "209200000", "sellingGeneralAndAdministrative": "292800000", "researchAndDevelopment": "None", "operatingExpenses": "303100000", "investmentIncomeNet": "None", "netInterestIncome": "-12300000", "interestIncome": "None", "interestExpense": "12300000", "nonInterestIncome": "-2400000", "otherNonOperatingIncome": "2300000", "depreciation": "24200000", "depreciationAndAmortization": "8000000", "incomeBeforeTax": "196600000", "incomeTaxExpense": "58900000", "interestAndDebtExpense": "12300000", "netIncomeFromContinuingOperations": "140300000", "comprehensiveIncomeNetOfTax": "147800000", "ebit": "208900000", "ebitda": "216900000", "netIncome": "137700000"}, {"fiscalDateEnding": "2017-03-31", "reportedCurrency": "USD", "grossProfit": "414100000", "totalRevenue": "1186800000", "costOfRevenue": "772700000", "costofGoodsAndServicesSold": "769800000", "operatingIncome": "111000000", "sellingGeneralAndAdministrative": "289600000", "researchAndDevelopment": "None", "operatingExpenses": "302100000", "investmentIncomeNet": "None", "netInterestIncome": "-11900000", "interestIncome": "None", "interestExpense": "11900000", "nonInterestIncome": "0", "otherNonOperatingIncome": "4700000", "depreciation": "23700000", "depreciationAndAmortization": "8100000", "incomeBeforeTax": "103800000", "incomeTaxExpense": "26400000", "interestAndDebtExpense": "11900000", "netIncomeFromContinuingOperations": "77400000", "comprehensiveIncomeNetOfTax": "84600000", "ebit": "115700000", "ebitda": "123800000", "netIncome": "77400000"}, {"fiscalDateEnding": "2016-12-31", "reportedCurrency": "USD", "grossProfit": "474100000", "totalRevenue": "1340300000", "costOfRevenue": "1135200000", "costofGoodsAndServicesSold": "836000000", "operatingIncome": "166400000", "sellingGeneralAndAdministrative": "304100000", "researchAndDevelopment": "53100000", "operatingExpenses": "360800000", "investmentIncomeNet": "None", "netInterestIncome": "-11600000", "interestIncome": "None", "interestExpense": "11600000", "nonInterestIncome": "0", "otherNonOperatingIncome": "12500000", "depreciation": "25300000", "depreciationAndAmortization": "7700000", "incomeBeforeTax": "152400000", "incomeTaxExpense": "48800000", "interestAndDebtExpense": "11600000", "netIncomeFromContinuingOperations": "104300000", "comprehensiveIncomeNetOfTax": "84000000", "ebit": "164000000", "ebitda": "171700000", "netIncome": "103600000"}]}