{"symbol": "FE", "annualReports": [{"fiscalDateEnding": "2020-12-31", "reportedCurrency": "USD", "grossProfit": "9306000000", "totalRevenue": "10790000000", "costOfRevenue": "1484000000", "costofGoodsAndServicesSold": "369000000", "operatingIncome": "2162000000", "sellingGeneralAndAdministrative": "1046000000", "researchAndDevelopment": "None", "operatingExpenses": "3747000000", "investmentIncomeNet": "432000000", "netInterestIncome": "-1065000000", "interestIncome": "-988000000", "interestExpense": "1065000000", "nonInterestIncome": "10701000000", "otherNonOperatingIncome": "-45000000", "depreciation": "1274000000", "depreciationAndAmortization": "22000000", "incomeBeforeTax": "1205000000", "incomeTaxExpense": "126000000", "interestAndDebtExpense": "1065000000", "netIncomeFromContinuingOperations": "1003000000", "comprehensiveIncomeNetOfTax": "1054000000", "ebit": "2270000000", "ebitda": "2292000000", "netIncome": "1079000000"}, {"fiscalDateEnding": "2019-12-31", "reportedCurrency": "USD", "grossProfit": "9459000000", "totalRevenue": "11035000000", "costOfRevenue": "1576000000", "costofGoodsAndServicesSold": "497000000", "operatingIncome": "2510000000", "sellingGeneralAndAdministrative": "1008000000", "researchAndDevelopment": "None", "operatingExpenses": "3935000000", "investmentIncomeNet": "243000000", "netInterestIncome": "-1033000000", "interestIncome": "-962000000", "interestExpense": "1033000000", "nonInterestIncome": "10805000000", "otherNonOperatingIncome": "-431000000", "depreciation": "1220000000", "depreciationAndAmortization": "25000000", "incomeBeforeTax": "1125000000", "incomeTaxExpense": "213000000", "interestAndDebtExpense": "1033000000", "netIncomeFromContinuingOperations": "904000000", "comprehensiveIncomeNetOfTax": "891000000", "ebit": "2158000000", "ebitda": "2183000000", "netIncome": "912000000"}, {"fiscalDateEnding": "2018-12-31", "reportedCurrency": "USD", "grossProfit": "9634000000", "totalRevenue": "11261000000", "costOfRevenue": "1627000000", "costofGoodsAndServicesSold": "538000000", "operatingIncome": "2502000000", "sellingGeneralAndAdministrative": "1041000000", "researchAndDevelopment": "None", "operatingExpenses": "4150000000", "investmentIncomeNet": "205000000", "netInterestIncome": "-1116000000", "interestIncome": "-1051000000", "interestExpense": "1116000000", "nonInterestIncome": "10944000000", "otherNonOperatingIncome": "61000000", "depreciation": "1136000000", "depreciationAndAmortization": "8000000", "incomeBeforeTax": "1838000000", "incomeTaxExpense": "490000000", "interestAndDebtExpense": "1116000000", "netIncomeFromContinuingOperations": "1022000000", "comprehensiveIncomeNetOfTax": "1247000000", "ebit": "2954000000", "ebitda": "2962000000", "netIncome": "1348000000"}, {"fiscalDateEnding": "2017-12-31", "reportedCurrency": "USD", "grossProfit": "5360000000", "totalRevenue": "10928000000", "costOfRevenue": "8657000000", "costofGoodsAndServicesSold": "4577000000", "operatingIncome": "2428000000", "sellingGeneralAndAdministrative": "1201000000", "researchAndDevelopment": "None", "operatingExpenses": "8312000000", "investmentIncomeNet": "53000000", "netInterestIncome": "-1178000000", "interestIncome": "-173000000", "interestExpense": "1005000000", "nonInterestIncome": "None", "otherNonOperatingIncome": "98000000", "depreciation": "1027000000", "depreciationAndAmortization": "372000000", "incomeBeforeTax": "-9000000", "incomeTaxExpense": "1715000000", "interestAndDebtExpense": "1005000000", "netIncomeFromContinuingOperations": "-1724000000", "comprehensiveIncomeNetOfTax": "-1756000000", "ebit": "996000000", "ebitda": "1368000000", "netIncome": "-1724000000"}, {"fiscalDateEnding": "2016-12-31", "reportedCurrency": "USD", "grossProfit": "-3370000000", "totalRevenue": "10700000000", "costOfRevenue": "17932000000", "costofGoodsAndServicesSold": "5479000000", "operatingIncome": "2054000000", "sellingGeneralAndAdministrative": "1210000000", "researchAndDevelopment": "None", "operatingExpenses": "16311000000", "investmentIncomeNet": "44000000", "netInterestIncome": "-1157000000", "interestIncome": "-184000000", "interestExpense": "973000000", "nonInterestIncome": "None", "otherNonOperatingIncome": "84000000", "depreciation": "933000000", "depreciationAndAmortization": "483000000", "incomeBeforeTax": "-5650000000", "incomeTaxExpense": "527000000", "interestAndDebtExpense": "973000000", "netIncomeFromContinuingOperations": "-6177000000", "comprehensiveIncomeNetOfTax": "-6174000000", "ebit": "-4677000000", "ebitda": "-4194000000", "netIncome": "-6177000000"}], "quarterlyReports": [{"fiscalDateEnding": "2021-09-30", "reportedCurrency": "USD", "grossProfit": "2992000000", "totalRevenue": "3124000000", "costOfRevenue": "132000000", "costofGoodsAndServicesSold": "132000000", "operatingIncome": "631000000", "sellingGeneralAndAdministrative": "1131000000", "researchAndDevelopment": "None", "operatingExpenses": "856000000", "investmentIncomeNet": "None", "netInterestIncome": "-283000000", "interestIncome": "-263000000", "interestExpense": "283000000", "nonInterestIncome": "3113000000", "otherNonOperatingIncome": "136000000", "depreciation": "326000000", "depreciationAndAmortization": "331000000", "incomeBeforeTax": "551000000", "incomeTaxExpense": "88000000", "interestAndDebtExpense": "283000000", "netIncomeFromContinuingOperations": "416000000", "comprehensiveIncomeNetOfTax": "461000000", "ebit": "834000000", "ebitda": "1145000000", "netIncome": "463000000"}, {"fiscalDateEnding": "2021-06-30", "reportedCurrency": "USD", "grossProfit": "2510000000", "totalRevenue": "2622000000", "costOfRevenue": "112000000", "costofGoodsAndServicesSold": "112000000", "operatingIncome": "312000000", "sellingGeneralAndAdministrative": "982000000", "researchAndDevelopment": "None", "operatingExpenses": "948000000", "investmentIncomeNet": "None", "netInterestIncome": "-287000000", "interestIncome": "-266000000", "interestExpense": "287000000", "nonInterestIncome": "2610000000", "otherNonOperatingIncome": "108000000", "depreciation": "323000000", "depreciationAndAmortization": "377000000", "incomeBeforeTax": "154000000", "incomeTaxExpense": "96000000", "interestAndDebtExpense": "287000000", "netIncomeFromContinuingOperations": "58000000", "comprehensiveIncomeNetOfTax": "56000000", "ebit": "441000000", "ebitda": "797000000", "netIncome": "58000000"}, {"fiscalDateEnding": "2021-03-31", "reportedCurrency": "USD", "grossProfit": "2608000000", "totalRevenue": "2726000000", "costOfRevenue": "118000000", "costofGoodsAndServicesSold": "118000000", "operatingIncome": "559000000", "sellingGeneralAndAdministrative": "1025000000", "researchAndDevelopment": "None", "operatingExpenses": "648000000", "investmentIncomeNet": "None", "netInterestIncome": "-285000000", "interestIncome": "-272000000", "interestExpense": "285000000", "nonInterestIncome": "2852000000", "otherNonOperatingIncome": "135000000", "depreciation": "323000000", "depreciationAndAmortization": "454000000", "incomeBeforeTax": "422000000", "incomeTaxExpense": "87000000", "interestAndDebtExpense": "285000000", "netIncomeFromContinuingOperations": "335000000", "comprehensiveIncomeNetOfTax": "333000000", "ebit": "707000000", "ebitda": "1148000000", "netIncome": "335000000"}, {"fiscalDateEnding": "2020-12-31", "reportedCurrency": "USD", "grossProfit": "1329000000", "totalRevenue": "2537000000", "costOfRevenue": "1208000000", "costofGoodsAndServicesSold": "93000000", "operatingIncome": "394000000", "sellingGeneralAndAdministrative": "54000000", "researchAndDevelopment": "None", "operatingExpenses": "1219000000", "investmentIncomeNet": "None", "netInterestIncome": "-273000000", "interestIncome": "-253000000", "interestExpense": "273000000", "nonInterestIncome": "2596000000", "otherNonOperatingIncome": "75000000", "depreciation": "320000000", "depreciationAndAmortization": "395000000", "incomeBeforeTax": "246000000", "incomeTaxExpense": "4000000", "interestAndDebtExpense": "273000000", "netIncomeFromContinuingOperations": "212000000", "comprehensiveIncomeNetOfTax": "239000000", "ebit": "519000000", "ebitda": "894000000", "netIncome": "242000000"}, {"fiscalDateEnding": "2020-09-30", "reportedCurrency": "USD", "grossProfit": "2921000000", "totalRevenue": "3022000000", "costOfRevenue": "101000000", "costofGoodsAndServicesSold": "101000000", "operatingIncome": "721000000", "sellingGeneralAndAdministrative": "1209000000", "researchAndDevelopment": "None", "operatingExpenses": "937000000", "investmentIncomeNet": "None", "netInterestIncome": "-266000000", "interestIncome": "-245000000", "interestExpense": "266000000", "nonInterestIncome": "2983000000", "otherNonOperatingIncome": "100000000", "depreciation": "316000000", "depreciationAndAmortization": "202000000", "incomeBeforeTax": "570000000", "incomeTaxExpense": "116000000", "interestAndDebtExpense": "266000000", "netIncomeFromContinuingOperations": "460000000", "comprehensiveIncomeNetOfTax": "452000000", "ebit": "836000000", "ebitda": "1017000000", "netIncome": "454000000"}, {"fiscalDateEnding": "2020-06-30", "reportedCurrency": "USD", "grossProfit": "2445000000", "totalRevenue": "2522000000", "costOfRevenue": "77000000", "costofGoodsAndServicesSold": "77000000", "operatingIncome": "515000000", "sellingGeneralAndAdministrative": "983000000", "researchAndDevelopment": "None", "operatingExpenses": "730000000", "investmentIncomeNet": "None", "netInterestIncome": "-263000000", "interestIncome": "-245000000", "interestExpense": "263000000", "nonInterestIncome": "2493000000", "otherNonOperatingIncome": "103000000", "depreciation": "321000000", "depreciationAndAmortization": "307000000", "incomeBeforeTax": "375000000", "incomeTaxExpense": "66000000", "interestAndDebtExpense": "263000000", "netIncomeFromContinuingOperations": "307000000", "comprehensiveIncomeNetOfTax": "307000000", "ebit": "638000000", "ebitda": "927000000", "netIncome": "309000000"}, {"fiscalDateEnding": "2020-03-31", "reportedCurrency": "USD", "grossProfit": "2611000000", "totalRevenue": "2709000000", "costOfRevenue": "98000000", "costofGoodsAndServicesSold": "98000000", "operatingIncome": "532000000", "sellingGeneralAndAdministrative": "423000000", "researchAndDevelopment": "None", "operatingExpenses": "768000000", "investmentIncomeNet": "None", "netInterestIncome": "-263000000", "interestIncome": "-245000000", "interestExpense": "263000000", "nonInterestIncome": "2629000000", "otherNonOperatingIncome": "100000000", "depreciation": "317000000", "depreciationAndAmortization": "295000000", "incomeBeforeTax": "14000000", "incomeTaxExpense": "-60000000", "interestAndDebtExpense": "263000000", "netIncomeFromContinuingOperations": "24000000", "comprehensiveIncomeNetOfTax": "56000000", "ebit": "277000000", "ebitda": "554000000", "netIncome": "74000000"}, {"fiscalDateEnding": "2019-12-31", "reportedCurrency": "USD", "grossProfit": "2673000000", "totalRevenue": "2673000000", "costOfRevenue": "1181000000", "costofGoodsAndServicesSold": "115000000", "operatingIncome": "615000000", "sellingGeneralAndAdministrative": "1060000000", "researchAndDevelopment": "None", "operatingExpenses": "809000000", "investmentIncomeNet": "None", "netInterestIncome": "-260000000", "interestIncome": "-242000000", "interestExpense": "260000000", "nonInterestIncome": "2625000000", "otherNonOperatingIncome": "-622000000", "depreciation": "310000000", "depreciationAndAmortization": "12000000", "incomeBeforeTax": "-179000000", "incomeTaxExpense": "-68000000", "interestAndDebtExpense": "260000000", "netIncomeFromContinuingOperations": "-181000000", "comprehensiveIncomeNetOfTax": "-118000000", "ebit": "81000000", "ebitda": "93000000", "netIncome": "-111000000"}, {"fiscalDateEnding": "2019-09-30", "reportedCurrency": "USD", "grossProfit": "2837000000", "totalRevenue": "2963000000", "costOfRevenue": "126000000", "costofGoodsAndServicesSold": "122000000", "operatingIncome": "681000000", "sellingGeneralAndAdministrative": "1015000000", "researchAndDevelopment": "None", "operatingExpenses": "762000000", "investmentIncomeNet": "None", "netInterestIncome": "-261000000", "interestIncome": "-242000000", "interestExpense": "261000000", "nonInterestIncome": "2926000000", "otherNonOperatingIncome": "57000000", "depreciation": "304000000", "depreciationAndAmortization": "4000000", "incomeBeforeTax": "498000000", "incomeTaxExpense": "107000000", "interestAndDebtExpense": "261000000", "netIncomeFromContinuingOperations": "389000000", "comprehensiveIncomeNetOfTax": "387000000", "ebit": "759000000", "ebitda": "763000000", "netIncome": "391000000"}, {"fiscalDateEnding": "2019-06-30", "reportedCurrency": "USD", "grossProfit": "2383000000", "totalRevenue": "2516000000", "costOfRevenue": "133000000", "costofGoodsAndServicesSold": "129000000", "operatingIncome": "585000000", "sellingGeneralAndAdministrative": "845000000", "researchAndDevelopment": "None", "operatingExpenses": "610000000", "investmentIncomeNet": "None", "netInterestIncome": "-259000000", "interestIncome": "-243000000", "interestExpense": "259000000", "nonInterestIncome": "2448000000", "otherNonOperatingIncome": "80000000", "depreciation": "309000000", "depreciationAndAmortization": "4000000", "incomeBeforeTax": "393000000", "incomeTaxExpense": "81000000", "interestAndDebtExpense": "259000000", "netIncomeFromContinuingOperations": "341000000", "comprehensiveIncomeNetOfTax": "307000000", "ebit": "652000000", "ebitda": "656000000", "netIncome": "312000000"}, {"fiscalDateEnding": "2019-03-31", "reportedCurrency": "USD", "grossProfit": "2747000000", "totalRevenue": "2883000000", "costOfRevenue": "136000000", "costofGoodsAndServicesSold": "131000000", "operatingIncome": "629000000", "sellingGeneralAndAdministrative": "1040000000", "researchAndDevelopment": "None", "operatingExpenses": "784000000", "investmentIncomeNet": "None", "netInterestIncome": "-253000000", "interestIncome": "None", "interestExpense": "253000000", "nonInterestIncome": "2806000000", "otherNonOperatingIncome": "54000000", "depreciation": "297000000", "depreciationAndAmortization": "5000000", "incomeBeforeTax": "413000000", "incomeTaxExpense": "93000000", "interestAndDebtExpense": "253000000", "netIncomeFromContinuingOperations": "355000000", "comprehensiveIncomeNetOfTax": "315000000", "ebit": "666000000", "ebitda": "671000000", "netIncome": "320000000"}, {"fiscalDateEnding": "2018-12-31", "reportedCurrency": "USD", "grossProfit": "2710000000", "totalRevenue": "2710000000", "costOfRevenue": "1411000000", "costofGoodsAndServicesSold": "134000000", "operatingIncome": "512000000", "sellingGeneralAndAdministrative": "144000000", "researchAndDevelopment": "None", "operatingExpenses": "770000000", "investmentIncomeNet": "None", "netInterestIncome": "-258000000", "interestIncome": "None", "interestExpense": "258000000", "nonInterestIncome": "2631000000", "otherNonOperatingIncome": "-103000000", "depreciation": "293000000", "depreciationAndAmortization": "196000000", "incomeBeforeTax": "173000000", "incomeTaxExpense": "35000000", "interestAndDebtExpense": "258000000", "netIncomeFromContinuingOperations": "182000000", "comprehensiveIncomeNetOfTax": "118000000", "ebit": "431000000", "ebitda": "627000000", "netIncome": "138000000"}, {"fiscalDateEnding": "2018-09-30", "reportedCurrency": "USD", "grossProfit": "2860000000", "totalRevenue": "3064000000", "costOfRevenue": "204000000", "costofGoodsAndServicesSold": "137000000", "operatingIncome": "710000000", "sellingGeneralAndAdministrative": "991000000", "researchAndDevelopment": "None", "operatingExpenses": "806000000", "investmentIncomeNet": "None", "netInterestIncome": "-255000000", "interestIncome": "None", "interestExpense": "255000000", "nonInterestIncome": "2986000000", "otherNonOperatingIncome": "49000000", "depreciation": "283000000", "depreciationAndAmortization": "67000000", "incomeBeforeTax": "-337000000", "incomeTaxExpense": "121000000", "interestAndDebtExpense": "255000000", "netIncomeFromContinuingOperations": "387000000", "comprehensiveIncomeNetOfTax": "-470000000", "ebit": "-82000000", "ebitda": "-15000000", "netIncome": "-458000000"}, {"fiscalDateEnding": "2018-06-30", "reportedCurrency": "USD", "grossProfit": "4196000000", "totalRevenue": "2625000000", "costOfRevenue": "768000000", "costofGoodsAndServicesSold": "875000000", "operatingIncome": "700000000", "sellingGeneralAndAdministrative": "950000000", "researchAndDevelopment": "None", "operatingExpenses": "598000000", "investmentIncomeNet": "None", "netInterestIncome": "-369000000", "interestIncome": "-14000000", "interestExpense": "355000000", "nonInterestIncome": "2629000000", "otherNonOperatingIncome": "48000000", "depreciation": "283000000", "depreciationAndAmortization": "-107000000", "incomeBeforeTax": "400000000", "incomeTaxExpense": "101000000", "interestAndDebtExpense": "355000000", "netIncomeFromContinuingOperations": "267000000", "comprehensiveIncomeNetOfTax": "286000000", "ebit": "755000000", "ebitda": "648000000", "netIncome": "299000000"}, {"fiscalDateEnding": "2018-03-31", "reportedCurrency": "USD", "grossProfit": "4754000000", "totalRevenue": "2862000000", "costOfRevenue": "864000000", "costofGoodsAndServicesSold": "1012000000", "operatingIncome": "580000000", "sellingGeneralAndAdministrative": "1221000000", "researchAndDevelopment": "None", "operatingExpenses": "814000000", "investmentIncomeNet": "None", "netInterestIncome": "-250000000", "interestIncome": "-2000000", "interestExpense": "248000000", "nonInterestIncome": "2892000000", "otherNonOperatingIncome": "67000000", "depreciation": "277000000", "depreciationAndAmortization": "-148000000", "incomeBeforeTax": "1602000000", "incomeTaxExpense": "233000000", "interestAndDebtExpense": "248000000", "netIncomeFromContinuingOperations": "177000000", "comprehensiveIncomeNetOfTax": "1313000000", "ebit": "1850000000", "ebitda": "1702000000", "netIncome": "1369000000"}, {"fiscalDateEnding": "2017-12-31", "reportedCurrency": "USD", "grossProfit": "3442000000", "totalRevenue": "2681000000", "costOfRevenue": "4747000000", "costofGoodsAndServicesSold": "1044000000", "operatingIncome": "505000000", "sellingGeneralAndAdministrative": "141000000", "researchAndDevelopment": "None", "operatingExpenses": "1195000000", "investmentIncomeNet": "None", "netInterestIncome": "-296000000", "interestIncome": "-42000000", "interestExpense": "254000000", "nonInterestIncome": "None", "otherNonOperatingIncome": "843000000", "depreciation": "262000000", "depreciationAndAmortization": "157000000", "incomeBeforeTax": "-1267000000", "incomeTaxExpense": "1232000000", "interestAndDebtExpense": "254000000", "netIncomeFromContinuingOperations": "-2499000000", "comprehensiveIncomeNetOfTax": "-2508000000", "ebit": "-1013000000", "ebitda": "-856000000", "netIncome": "-2499000000"}, {"fiscalDateEnding": "2017-09-30", "reportedCurrency": "USD", "grossProfit": "2368000000", "totalRevenue": "2910000000", "costOfRevenue": "1346000000", "costofGoodsAndServicesSold": "1224000000", "operatingIncome": "733000000", "sellingGeneralAndAdministrative": "1195000000", "researchAndDevelopment": "None", "operatingExpenses": "1064000000", "investmentIncomeNet": "None", "netInterestIncome": "-305000000", "interestIncome": "-43000000", "interestExpense": "262000000", "nonInterestIncome": "None", "otherNonOperatingIncome": "19000000", "depreciation": "261000000", "depreciationAndAmortization": "91000000", "incomeBeforeTax": "598000000", "incomeTaxExpense": "202000000", "interestAndDebtExpense": "262000000", "netIncomeFromContinuingOperations": "396000000", "comprehensiveIncomeNetOfTax": "384000000", "ebit": "860000000", "ebitda": "951000000", "netIncome": "396000000"}, {"fiscalDateEnding": "2017-06-30", "reportedCurrency": "USD", "grossProfit": "2035000000", "totalRevenue": "2561000000", "costOfRevenue": "1274000000", "costofGoodsAndServicesSold": "1078000000", "operatingIncome": "574000000", "sellingGeneralAndAdministrative": "1210000000", "researchAndDevelopment": "None", "operatingExpenses": "1153000000", "investmentIncomeNet": "None", "netInterestIncome": "-290000000", "interestIncome": "-42000000", "interestExpense": "248000000", "nonInterestIncome": "None", "otherNonOperatingIncome": "11000000", "depreciation": "254000000", "depreciationAndAmortization": "65000000", "incomeBeforeTax": "306000000", "incomeTaxExpense": "132000000", "interestAndDebtExpense": "248000000", "netIncomeFromContinuingOperations": "174000000", "comprehensiveIncomeNetOfTax": "162000000", "ebit": "554000000", "ebitda": "619000000", "netIncome": "174000000"}, {"fiscalDateEnding": "2017-03-31", "reportedCurrency": "USD", "grossProfit": "2252000000", "totalRevenue": "2776000000", "costOfRevenue": "1300000000", "costofGoodsAndServicesSold": "1231000000", "operatingIncome": "616000000", "sellingGeneralAndAdministrative": "10000000", "researchAndDevelopment": "None", "operatingExpenses": "1211000000", "investmentIncomeNet": "None", "netInterestIncome": "-287000000", "interestIncome": "-42000000", "interestExpense": "245000000", "nonInterestIncome": "None", "otherNonOperatingIncome": "14000000", "depreciation": "250000000", "depreciationAndAmortization": "59000000", "incomeBeforeTax": "354000000", "incomeTaxExpense": "149000000", "interestAndDebtExpense": "245000000", "netIncomeFromContinuingOperations": "205000000", "comprehensiveIncomeNetOfTax": "206000000", "ebit": "599000000", "ebitda": "658000000", "netIncome": "205000000"}, {"fiscalDateEnding": "2016-12-31", "reportedCurrency": "USD", "grossProfit": "-5843000000", "totalRevenue": "3485000000", "costOfRevenue": "9218000000", "costofGoodsAndServicesSold": "1218000000", "operatingIncome": "-8924000000", "sellingGeneralAndAdministrative": "1165000000", "researchAndDevelopment": "None", "operatingExpenses": "10241000000", "investmentIncomeNet": "None", "netInterestIncome": "-294000000", "interestIncome": "-184000000", "interestExpense": "110000000", "nonInterestIncome": "None", "otherNonOperatingIncome": "793000000", "depreciation": "339000000", "depreciationAndAmortization": "261000000", "incomeBeforeTax": "-9185000000", "incomeTaxExpense": "-3389000000", "interestAndDebtExpense": "110000000", "netIncomeFromContinuingOperations": "-5796000000", "comprehensiveIncomeNetOfTax": "-5806000000", "ebit": "-9075000000", "ebitda": "-8814000000", "netIncome": "-5796000000"}]}