{"symbol": "FIS", "annualReports": [{"fiscalDateEnding": "2020-12-31", "reportedCurrency": "USD", "grossProfit": "4204000000", "totalRevenue": "12213000000", "costOfRevenue": "14400000000", "costofGoodsAndServicesSold": "8348000000", "operatingIncome": "552000000", "sellingGeneralAndAdministrative": "3516000000", "researchAndDevelopment": "None", "operatingExpenses": "6061000000", "investmentIncomeNet": "5000000", "netInterestIncome": "-339000000", "interestIncome": "-334000000", "interestExpense": "339000000", "nonInterestIncome": "12552000000", "otherNonOperatingIncome": "48000000", "depreciation": "None", "depreciationAndAmortization": "2400000000", "incomeBeforeTax": "254000000", "incomeTaxExpense": "96000000", "interestAndDebtExpense": "339000000", "netIncomeFromContinuingOperations": "164000000", "comprehensiveIncomeNetOfTax": "248000000", "ebit": "593000000", "ebitda": "2993000000", "netIncome": "158000000"}, {"fiscalDateEnding": "2019-12-31", "reportedCurrency": "USD", "grossProfit": "3723000000", "totalRevenue": "9727000000", "costOfRevenue": "10808000000", "costofGoodsAndServicesSold": "6610000000", "operatingIncome": "969000000", "sellingGeneralAndAdministrative": "2667000000", "researchAndDevelopment": "None", "operatingExpenses": "4269000000", "investmentIncomeNet": "52000000", "netInterestIncome": "-389000000", "interestIncome": "52000000", "interestExpense": "389000000", "nonInterestIncome": "10116000000", "otherNonOperatingIncome": "-219000000", "depreciation": "None", "depreciationAndAmortization": "1444000000", "incomeBeforeTax": "398000000", "incomeTaxExpense": "100000000", "interestAndDebtExpense": "606000000", "netIncomeFromContinuingOperations": "303000000", "comprehensiveIncomeNetOfTax": "695000000", "ebit": "787000000", "ebitda": "2231000000", "netIncome": "298000000"}, {"fiscalDateEnding": "2018-12-31", "reportedCurrency": "USD", "grossProfit": "2854000000", "totalRevenue": "8058000000", "costOfRevenue": "7624000000", "costofGoodsAndServicesSold": "5569000000", "operatingIncome": "1458000000", "sellingGeneralAndAdministrative": "1301000000", "researchAndDevelopment": "None", "operatingExpenses": "2118000000", "investmentIncomeNet": "17000000", "netInterestIncome": "-314000000", "interestIncome": "17000000", "interestExpense": "314000000", "nonInterestIncome": "8372000000", "otherNonOperatingIncome": "-57000000", "depreciation": "None", "depreciationAndAmortization": "659000000", "incomeBeforeTax": "1054000000", "incomeTaxExpense": "208000000", "interestAndDebtExpense": "315000000", "netIncomeFromContinuingOperations": "846000000", "comprehensiveIncomeNetOfTax": "748000000", "ebit": "1368000000", "ebitda": "2027000000", "netIncome": "846000000"}, {"fiscalDateEnding": "2017-12-31", "reportedCurrency": "USD", "grossProfit": "2874000000", "totalRevenue": "8630000000", "costOfRevenue": "7749000000", "costofGoodsAndServicesSold": "5794000000", "operatingIncome": "1432000000", "sellingGeneralAndAdministrative": "1442000000", "researchAndDevelopment": "None", "operatingExpenses": "1532000000", "investmentIncomeNet": "22000000", "netInterestIncome": "-359000000", "interestIncome": "22000000", "interestExpense": "359000000", "nonInterestIncome": "-134000000", "otherNonOperatingIncome": "-119000000", "depreciation": "None", "depreciationAndAmortization": "118000000", "incomeBeforeTax": "940000000", "incomeTaxExpense": "-321000000", "interestAndDebtExpense": "555000000", "netIncomeFromContinuingOperations": "1261000000", "comprehensiveIncomeNetOfTax": "1260000000", "ebit": "1299000000", "ebitda": "1417000000", "netIncome": "1261000000"}, {"fiscalDateEnding": "2016-12-31", "reportedCurrency": "USD", "grossProfit": "2936000000", "totalRevenue": "8858000000", "costOfRevenue": "8311000000", "costofGoodsAndServicesSold": "5895000000", "operatingIncome": "1229000000", "sellingGeneralAndAdministrative": "1707000000", "researchAndDevelopment": "None", "operatingExpenses": "2107000000", "investmentIncomeNet": "20000000", "netInterestIncome": "-383000000", "interestIncome": "20000000", "interestExpense": "403000000", "nonInterestIncome": "0", "otherNonOperatingIncome": "-9000000", "depreciation": "None", "depreciationAndAmortization": "87000000", "incomeBeforeTax": "816000000", "incomeTaxExpense": "291000000", "interestAndDebtExpense": "403000000", "netIncomeFromContinuingOperations": "524000000", "comprehensiveIncomeNetOfTax": "472000000", "ebit": "1219000000", "ebitda": "1306000000", "netIncome": "525000000"}], "quarterlyReports": [{"fiscalDateEnding": "2021-09-30", "reportedCurrency": "USD", "grossProfit": "1329000000", "totalRevenue": "3461000000", "costOfRevenue": "3556000000", "costofGoodsAndServicesSold": "2178000000", "operatingIncome": "138000000", "sellingGeneralAndAdministrative": "989000000", "researchAndDevelopment": "None", "operatingExpenses": "1378000000", "investmentIncomeNet": "None", "netInterestIncome": "-46000000", "interestIncome": "-39000000", "interestExpense": "7000000", "nonInterestIncome": "3507000000", "otherNonOperatingIncome": "110000000", "depreciation": "None", "depreciationAndAmortization": "1057000000", "incomeBeforeTax": "199000000", "incomeTaxExpense": "41000000", "interestAndDebtExpense": "7000000", "netIncomeFromContinuingOperations": "161000000", "comprehensiveIncomeNetOfTax": "65000000", "ebit": "138000000", "ebitda": "1302000000", "netIncome": "158000000"}, {"fiscalDateEnding": "2021-06-30", "reportedCurrency": "USD", "grossProfit": "1340000000", "totalRevenue": "3427000000", "costOfRevenue": "3297000000", "costofGoodsAndServicesSold": "2135000000", "operatingIncome": "363000000", "sellingGeneralAndAdministrative": "977000000", "researchAndDevelopment": "None", "operatingExpenses": "1162000000", "investmentIncomeNet": "None", "netInterestIncome": "-48000000", "interestIncome": "-40000000", "interestExpense": "8000000", "nonInterestIncome": "3475000000", "otherNonOperatingIncome": "324000000", "depreciation": "None", "depreciationAndAmortization": "971000000", "incomeBeforeTax": "643000000", "incomeTaxExpense": "302000000", "interestAndDebtExpense": "8000000", "netIncomeFromContinuingOperations": "342000000", "comprehensiveIncomeNetOfTax": "466000000", "ebit": "363000000", "ebitda": "1662000000", "netIncome": "341000000"}, {"fiscalDateEnding": "2021-03-31", "reportedCurrency": "USD", "grossProfit": "1105000000", "totalRevenue": "2622000000", "costOfRevenue": "3380000000", "costofGoodsAndServicesSold": "2118000000", "operatingIncome": "99000000", "sellingGeneralAndAdministrative": "1006000000", "researchAndDevelopment": "None", "operatingExpenses": "1261000000", "investmentIncomeNet": "None", "netInterestIncome": "-74000000", "interestIncome": "-67000000", "interestExpense": "7000000", "nonInterestIncome": "2696000000", "otherNonOperatingIncome": "-493000000", "depreciation": "None", "depreciationAndAmortization": "953000000", "incomeBeforeTax": "-470000000", "incomeTaxExpense": "-97000000", "interestAndDebtExpense": "535000000", "netIncomeFromContinuingOperations": "-370000000", "comprehensiveIncomeNetOfTax": "-306000000", "ebit": "99000000", "ebitda": "557000000", "netIncome": "-373000000"}, {"fiscalDateEnding": "2020-12-31", "reportedCurrency": "USD", "grossProfit": "1206000000", "totalRevenue": "3232000000", "costOfRevenue": "3139000000", "costofGoodsAndServicesSold": "2110000000", "operatingIncome": "167000000", "sellingGeneralAndAdministrative": "903000000", "researchAndDevelopment": "None", "operatingExpenses": "1035000000", "investmentIncomeNet": "None", "netInterestIncome": "-87000000", "interestIncome": "228000000", "interestExpense": "315000000", "nonInterestIncome": "3319000000", "otherNonOperatingIncome": "17000000", "depreciation": "None", "depreciationAndAmortization": "606000000", "incomeBeforeTax": "106000000", "incomeTaxExpense": "2000000", "interestAndDebtExpense": "315000000", "netIncomeFromContinuingOperations": "103000000", "comprehensiveIncomeNetOfTax": "373000000", "ebit": "167000000", "ebitda": "1027000000", "netIncome": "104000000"}, {"fiscalDateEnding": "2020-09-30", "reportedCurrency": "USD", "grossProfit": "1093000000", "totalRevenue": "3113000000", "costOfRevenue": "3763000000", "costofGoodsAndServicesSold": "2104000000", "operatingIncome": "231000000", "sellingGeneralAndAdministrative": "862000000", "researchAndDevelopment": "None", "operatingExpenses": "1659000000", "investmentIncomeNet": "None", "netInterestIncome": "-84000000", "interestIncome": "-76000000", "interestExpense": "8000000", "nonInterestIncome": "3197000000", "otherNonOperatingIncome": "-4000000", "depreciation": "None", "depreciationAndAmortization": "602000000", "incomeBeforeTax": "141000000", "incomeTaxExpense": "121000000", "interestAndDebtExpense": "8000000", "netIncomeFromContinuingOperations": "22000000", "comprehensiveIncomeNetOfTax": "166000000", "ebit": "231000000", "ebitda": "751000000", "netIncome": "20000000"}, {"fiscalDateEnding": "2020-06-30", "reportedCurrency": "USD", "grossProfit": "916000000", "totalRevenue": "2874000000", "costOfRevenue": "3510000000", "costofGoodsAndServicesSold": "2046000000", "operatingIncome": "46000000", "sellingGeneralAndAdministrative": "870000000", "researchAndDevelopment": "None", "operatingExpenses": "1464000000", "investmentIncomeNet": "None", "netInterestIncome": "-88000000", "interestIncome": "-80000000", "interestExpense": "8000000", "nonInterestIncome": "2962000000", "otherNonOperatingIncome": "74000000", "depreciation": "None", "depreciationAndAmortization": "594000000", "incomeBeforeTax": "23000000", "incomeTaxExpense": "4000000", "interestAndDebtExpense": "8000000", "netIncomeFromContinuingOperations": "21000000", "comprehensiveIncomeNetOfTax": "-91000000", "ebit": "46000000", "ebitda": "625000000", "netIncome": "19000000"}, {"fiscalDateEnding": "2020-03-31", "reportedCurrency": "USD", "grossProfit": "989000000", "totalRevenue": "2996000000", "costOfRevenue": "3568000000", "costofGoodsAndServicesSold": "2089000000", "operatingIncome": "108000000", "sellingGeneralAndAdministrative": "881000000", "researchAndDevelopment": "None", "operatingExpenses": "1481000000", "investmentIncomeNet": "None", "netInterestIncome": "-80000000", "interestIncome": "-72000000", "interestExpense": "8000000", "nonInterestIncome": "3076000000", "otherNonOperatingIncome": "-39000000", "depreciation": "None", "depreciationAndAmortization": "598000000", "incomeBeforeTax": "-15000000", "incomeTaxExpense": "-30000000", "interestAndDebtExpense": "8000000", "netIncomeFromContinuingOperations": "18000000", "comprehensiveIncomeNetOfTax": "-200000000", "ebit": "108000000", "ebitda": "591000000", "netIncome": "15000000"}, {"fiscalDateEnding": "2019-12-31", "reportedCurrency": "USD", "grossProfit": "1355000000", "totalRevenue": "2996000000", "costOfRevenue": "3869000000", "costofGoodsAndServicesSold": "1987000000", "operatingIncome": "123000000", "sellingGeneralAndAdministrative": "1232000000", "researchAndDevelopment": "None", "operatingExpenses": "1935000000", "investmentIncomeNet": "None", "netInterestIncome": "-147000000", "interestIncome": "225000000", "interestExpense": "372000000", "nonInterestIncome": "3143000000", "otherNonOperatingIncome": "-211000000", "depreciation": "None", "depreciationAndAmortization": "650000000", "incomeBeforeTax": "-177000000", "incomeTaxExpense": "-19000000", "interestAndDebtExpense": "589000000", "netIncomeFromContinuingOperations": "-156000000", "comprehensiveIncomeNetOfTax": "200000000", "ebit": "123000000", "ebitda": "845000000", "netIncome": "-158000000"}, {"fiscalDateEnding": "2019-09-30", "reportedCurrency": "USD", "grossProfit": "984000000", "totalRevenue": "2727000000", "costOfRevenue": "3163000000", "costofGoodsAndServicesSold": "1838000000", "operatingIncome": "140000000", "sellingGeneralAndAdministrative": "757000000", "researchAndDevelopment": "None", "operatingExpenses": "1325000000", "investmentIncomeNet": "None", "netInterestIncome": "-95000000", "interestIncome": "-88000000", "interestExpense": "7000000", "nonInterestIncome": "2822000000", "otherNonOperatingIncome": "164000000", "depreciation": "None", "depreciationAndAmortization": "481000000", "incomeBeforeTax": "202000000", "incomeTaxExpense": "48000000", "interestAndDebtExpense": "7000000", "netIncomeFromContinuingOperations": "156000000", "comprehensiveIncomeNetOfTax": "201000000", "ebit": "140000000", "ebitda": "690000000", "netIncome": "154000000"}, {"fiscalDateEnding": "2019-06-30", "reportedCurrency": "USD", "grossProfit": "708000000", "totalRevenue": "2025000000", "costOfRevenue": "1879000000", "costofGoodsAndServicesSold": "1404000000", "operatingIncome": "391000000", "sellingGeneralAndAdministrative": "317000000", "researchAndDevelopment": "None", "operatingExpenses": "475000000", "investmentIncomeNet": "None", "netInterestIncome": "-72000000", "interestIncome": "-66000000", "interestExpense": "6000000", "nonInterestIncome": "2097000000", "otherNonOperatingIncome": "-120000000", "depreciation": "None", "depreciationAndAmortization": "158000000", "incomeBeforeTax": "194000000", "incomeTaxExpense": "40000000", "interestAndDebtExpense": "6000000", "netIncomeFromContinuingOperations": "155000000", "comprehensiveIncomeNetOfTax": "143000000", "ebit": "391000000", "ebitda": "358000000", "netIncome": "154000000"}, {"fiscalDateEnding": "2019-03-31", "reportedCurrency": "USD", "grossProfit": "676000000", "totalRevenue": "1976000000", "costOfRevenue": "1898000000", "costofGoodsAndServicesSold": "1381000000", "operatingIncome": "315000000", "sellingGeneralAndAdministrative": "361000000", "researchAndDevelopment": "None", "operatingExpenses": "523000000", "investmentIncomeNet": "None", "netInterestIncome": "-75000000", "interestIncome": "-71000000", "interestExpense": "4000000", "nonInterestIncome": "2051000000", "otherNonOperatingIncome": "-52000000", "depreciation": "None", "depreciationAndAmortization": "156000000", "incomeBeforeTax": "180000000", "incomeTaxExpense": "32000000", "interestAndDebtExpense": "4000000", "netIncomeFromContinuingOperations": "149000000", "comprehensiveIncomeNetOfTax": "151000000", "ebit": "315000000", "ebitda": "340000000", "netIncome": "148000000"}, {"fiscalDateEnding": "2018-12-31", "reportedCurrency": "USD", "grossProfit": "790000000", "totalRevenue": "2076000000", "costOfRevenue": "1859000000", "costofGoodsAndServicesSold": "1377000000", "operatingIncome": "469000000", "sellingGeneralAndAdministrative": "321000000", "researchAndDevelopment": "None", "operatingExpenses": "497000000", "investmentIncomeNet": "None", "netInterestIncome": "-89000000", "interestIncome": "212000000", "interestExpense": "301000000", "nonInterestIncome": "2165000000", "otherNonOperatingIncome": "3000000", "depreciation": "None", "depreciationAndAmortization": "161000000", "incomeBeforeTax": "384000000", "incomeTaxExpense": "86000000", "interestAndDebtExpense": "301000000", "netIncomeFromContinuingOperations": "275000000", "comprehensiveIncomeNetOfTax": "301000000", "ebit": "469000000", "ebitda": "846000000", "netIncome": "298000000"}, {"fiscalDateEnding": "2018-09-30", "reportedCurrency": "USD", "grossProfit": "720000000", "totalRevenue": "2004000000", "costOfRevenue": "1904000000", "costofGoodsAndServicesSold": "1364000000", "operatingIncome": "342000000", "sellingGeneralAndAdministrative": "283000000", "researchAndDevelopment": "None", "operatingExpenses": "540000000", "investmentIncomeNet": "None", "netInterestIncome": "-80000000", "interestIncome": "-76000000", "interestExpense": "4000000", "nonInterestIncome": "2084000000", "otherNonOperatingIncome": "-58000000", "depreciation": "None", "depreciationAndAmortization": "162000000", "incomeBeforeTax": "191000000", "incomeTaxExpense": "37000000", "interestAndDebtExpense": "4000000", "netIncomeFromContinuingOperations": "163000000", "comprehensiveIncomeNetOfTax": "124000000", "ebit": "342000000", "ebitda": "357000000", "netIncome": "154000000"}, {"fiscalDateEnding": "2018-06-30", "reportedCurrency": "USD", "grossProfit": "692000000", "totalRevenue": "4139000000", "costOfRevenue": "1922000000", "costofGoodsAndServicesSold": "1414000000", "operatingIncome": "353000000", "sellingGeneralAndAdministrative": "339000000", "researchAndDevelopment": "None", "operatingExpenses": "508000000", "investmentIncomeNet": "None", "netInterestIncome": "-73000000", "interestIncome": "-69000000", "interestExpense": "4000000", "nonInterestIncome": "2106000000", "otherNonOperatingIncome": "-4000000", "depreciation": "None", "depreciationAndAmortization": "169000000", "incomeBeforeTax": "263000000", "incomeTaxExpense": "51000000", "interestAndDebtExpense": "5000000", "netIncomeFromContinuingOperations": "218000000", "comprehensiveIncomeNetOfTax": "127000000", "ebit": "353000000", "ebitda": "436000000", "netIncome": "212000000"}, {"fiscalDateEnding": "2018-03-31", "reportedCurrency": "USD", "grossProfit": "652000000", "totalRevenue": "4067000000", "costOfRevenue": "1939000000", "costofGoodsAndServicesSold": "1414000000", "operatingIncome": "294000000", "sellingGeneralAndAdministrative": "358000000", "researchAndDevelopment": "None", "operatingExpenses": "518000000", "investmentIncomeNet": "None", "netInterestIncome": "-72000000", "interestIncome": "-67000000", "interestExpense": "5000000", "nonInterestIncome": "2073000000", "otherNonOperatingIncome": "3000000", "depreciation": "None", "depreciationAndAmortization": "167000000", "incomeBeforeTax": "216000000", "incomeTaxExpense": "34000000", "interestAndDebtExpense": "5000000", "netIncomeFromContinuingOperations": "190000000", "comprehensiveIncomeNetOfTax": "196000000", "ebit": "294000000", "ebitda": "388000000", "netIncome": "182000000"}, {"fiscalDateEnding": "2017-12-31", "reportedCurrency": "USD", "grossProfit": "769000000", "totalRevenue": "2240000000", "costOfRevenue": "1821000000", "costofGoodsAndServicesSold": "1397000000", "operatingIncome": "431000000", "sellingGeneralAndAdministrative": "338000000", "researchAndDevelopment": "None", "operatingExpenses": "336000000", "investmentIncomeNet": "None", "netInterestIncome": "-92000000", "interestIncome": "252000000", "interestExpense": "344000000", "nonInterestIncome": "3000000", "otherNonOperatingIncome": "4000000", "depreciation": "None", "depreciationAndAmortization": "-384000000", "incomeBeforeTax": "353000000", "incomeTaxExpense": "-581000000", "interestAndDebtExpense": "348000000", "netIncomeFromContinuingOperations": "930000000", "comprehensiveIncomeNetOfTax": "942000000", "ebit": "431000000", "ebitda": "313000000", "netIncome": "934000000"}, {"fiscalDateEnding": "2017-09-30", "reportedCurrency": "USD", "grossProfit": "710000000", "totalRevenue": "2114000000", "costOfRevenue": "2001000000", "costofGoodsAndServicesSold": "1386000000", "operatingIncome": "385000000", "sellingGeneralAndAdministrative": "325000000", "researchAndDevelopment": "None", "operatingExpenses": "518000000", "investmentIncomeNet": "None", "netInterestIncome": "-84000000", "interestIncome": "-86000000", "interestExpense": "-2000000", "nonInterestIncome": "2096000000", "otherNonOperatingIncome": "-182000000", "depreciation": "None", "depreciationAndAmortization": "169000000", "incomeBeforeTax": "109000000", "incomeTaxExpense": "50000000", "interestAndDebtExpense": "190000000", "netIncomeFromContinuingOperations": "61000000", "comprehensiveIncomeNetOfTax": "104000000", "ebit": "385000000", "ebitda": "276000000", "netIncome": "59000000"}, {"fiscalDateEnding": "2017-06-30", "reportedCurrency": "USD", "grossProfit": "738000000", "totalRevenue": "2250000000", "costOfRevenue": "2187000000", "costofGoodsAndServicesSold": "1612000000", "operatingIncome": "370000000", "sellingGeneralAndAdministrative": "368000000", "researchAndDevelopment": "None", "operatingExpenses": "575000000", "investmentIncomeNet": "None", "netInterestIncome": "-91000000", "interestIncome": "-86000000", "interestExpense": "5000000", "nonInterestIncome": "2258000000", "otherNonOperatingIncome": "4000000", "depreciation": "None", "depreciationAndAmortization": "166000000", "incomeBeforeTax": "275000000", "incomeTaxExpense": "136000000", "interestAndDebtExpense": "5000000", "netIncomeFromContinuingOperations": "132000000", "comprehensiveIncomeNetOfTax": "52000000", "ebit": "370000000", "ebitda": "446000000", "netIncome": "139000000"}, {"fiscalDateEnding": "2017-03-31", "reportedCurrency": "USD", "grossProfit": "657000000", "totalRevenue": "2247000000", "costOfRevenue": "2249000000", "costofGoodsAndServicesSold": "1582000000", "operatingIncome": "246000000", "sellingGeneralAndAdministrative": "411000000", "researchAndDevelopment": "None", "operatingExpenses": "582000000", "investmentIncomeNet": "None", "netInterestIncome": "-93000000", "interestIncome": "-81000000", "interestExpense": "12000000", "nonInterestIncome": "85000000", "otherNonOperatingIncome": "56000000", "depreciation": "None", "depreciationAndAmortization": "174000000", "incomeBeforeTax": "203000000", "incomeTaxExpense": "74000000", "interestAndDebtExpense": "12000000", "netIncomeFromContinuingOperations": "138000000", "comprehensiveIncomeNetOfTax": "162000000", "ebit": "246000000", "ebitda": "389000000", "netIncome": "129000000"}, {"fiscalDateEnding": "2016-12-31", "reportedCurrency": "USD", "grossProfit": "821000000", "totalRevenue": "2347000000", "costOfRevenue": "2200000000", "costofGoodsAndServicesSold": "1215000000", "operatingIncome": "364000000", "sellingGeneralAndAdministrative": "457000000", "researchAndDevelopment": "None", "operatingExpenses": "676000000", "investmentIncomeNet": "None", "netInterestIncome": "-99000000", "interestIncome": "290000000", "interestExpense": "389000000", "nonInterestIncome": "0", "otherNonOperatingIncome": "-1000000", "depreciation": "None", "depreciationAndAmortization": "298000000", "incomeBeforeTax": "255000000", "incomeTaxExpense": "91000000", "interestAndDebtExpense": "389000000", "netIncomeFromContinuingOperations": "164000000", "comprehensiveIncomeNetOfTax": "73000000", "ebit": "364000000", "ebitda": "741000000", "netIncome": "164000000"}]}