{"symbol": "FMC", "annualReports": [{"fiscalDateEnding": "2020-12-31", "reportedCurrency": "USD", "grossProfit": "2052000000", "totalRevenue": "4642100000", "costOfRevenue": "2590100000", "costofGoodsAndServicesSold": "2590100000", "operatingIncome": "902200000", "sellingGeneralAndAdministrative": "729700000", "researchAndDevelopment": "287900000", "operatingExpenses": "1178500000", "investmentIncomeNet": "100000", "netInterestIncome": "-151300000", "interestIncome": "100000", "interestExpense": "151300000", "nonInterestIncome": "4642100000", "otherNonOperatingIncome": "100000", "depreciation": "71500000", "depreciationAndAmortization": "61900000", "incomeBeforeTax": "702400000", "incomeTaxExpense": "150900000", "interestAndDebtExpense": "151300000", "netIncomeFromContinuingOperations": "579800000", "comprehensiveIncomeNetOfTax": "681300000", "ebit": "853700000", "ebitda": "915600000", "netIncome": "551500000"}, {"fiscalDateEnding": "2019-12-31", "reportedCurrency": "USD", "grossProfit": "2083600000", "totalRevenue": "4609800000", "costOfRevenue": "2526200000", "costofGoodsAndServicesSold": "2526200000", "operatingIncome": "821600000", "sellingGeneralAndAdministrative": "792900000", "researchAndDevelopment": "298100000", "operatingExpenses": "1392000000", "investmentIncomeNet": "1900000", "netInterestIncome": "-160400000", "interestIncome": "1900000", "interestExpense": "160400000", "nonInterestIncome": "4609700000", "otherNonOperatingIncome": "1900000", "depreciation": "69700000", "depreciationAndAmortization": "62600000", "incomeBeforeTax": "588900000", "incomeTaxExpense": "111500000", "interestAndDebtExpense": "160400000", "netIncomeFromContinuingOperations": "540700000", "comprehensiveIncomeNetOfTax": "388400000", "ebit": "749300000", "ebitda": "811900000", "netIncome": "477400000"}, {"fiscalDateEnding": "2018-12-31", "reportedCurrency": "USD", "grossProfit": "1879800000", "totalRevenue": "4727800000", "costOfRevenue": "2405500000", "costofGoodsAndServicesSold": "2640900000", "operatingIncome": "740900000", "sellingGeneralAndAdministrative": "790000000", "researchAndDevelopment": "291500000", "operatingExpenses": "1381800000", "investmentIncomeNet": "1400000", "netInterestIncome": "-134500000", "interestIncome": "1400000", "interestExpense": "134500000", "nonInterestIncome": "4815000000", "otherNonOperatingIncome": "1500000", "depreciation": "73900000", "depreciationAndAmortization": "62900000", "incomeBeforeTax": "572900000", "incomeTaxExpense": "70800000", "interestAndDebtExpense": "134500000", "netIncomeFromContinuingOperations": "531400000", "comprehensiveIncomeNetOfTax": "433500000", "ebit": "707400000", "ebitda": "770300000", "netIncome": "502100000"}, {"fiscalDateEnding": "2017-12-31", "reportedCurrency": "USD", "grossProfit": "951800000", "totalRevenue": "2878600000", "costOfRevenue": "1579400000", "costofGoodsAndServicesSold": "1777300000", "operatingIncome": "158500000", "sellingGeneralAndAdministrative": "581700000", "researchAndDevelopment": "141500000", "operatingExpenses": "1047600000", "investmentIncomeNet": "900000", "netInterestIncome": "-80000000", "interestIncome": "900000", "interestExpense": "80000000", "nonInterestIncome": "2878600000", "otherNonOperatingIncome": "1000000", "depreciation": "51300000", "depreciationAndAmortization": "27400000", "incomeBeforeTax": "764700000", "incomeTaxExpense": "228900000", "interestAndDebtExpense": "80000000", "netIncomeFromContinuingOperations": "-135700000", "comprehensiveIncomeNetOfTax": "773900000", "ebit": "844700000", "ebitda": "872100000", "netIncome": "535800000"}, {"fiscalDateEnding": "2016-12-31", "reportedCurrency": "USD", "grossProfit": "931200000", "totalRevenue": "2538900000", "costOfRevenue": "1607700000", "costofGoodsAndServicesSold": "2082600000", "operatingIncome": "266600000", "sellingGeneralAndAdministrative": "435100000", "researchAndDevelopment": "141500000", "operatingExpenses": "829800000", "investmentIncomeNet": "600000", "netInterestIncome": "-83300000", "interestIncome": "-19800000", "interestExpense": "63500000", "nonInterestIncome": "2538900000", "otherNonOperatingIncome": "1100000", "depreciation": "55500000", "depreciationAndAmortization": "28300000", "incomeBeforeTax": "259200000", "incomeTaxExpense": "50100000", "interestAndDebtExpense": "83300000", "netIncomeFromContinuingOperations": "128400000", "comprehensiveIncomeNetOfTax": "188000000", "ebit": "322700000", "ebitda": "351000000", "netIncome": "209100000"}], "quarterlyReports": [{"fiscalDateEnding": "2021-09-30", "reportedCurrency": "USD", "grossProfit": "512800000", "totalRevenue": "1194000000", "costOfRevenue": "681200000", "costofGoodsAndServicesSold": "681200000", "operatingIncome": "217000000", "sellingGeneralAndAdministrative": "183500000", "researchAndDevelopment": "79500000", "operatingExpenses": "284500000", "investmentIncomeNet": "None", "netInterestIncome": "-33100000", "interestIncome": "-33100000", "interestExpense": "33100000", "nonInterestIncome": "1194000000", "otherNonOperatingIncome": "None", "depreciation": "None", "depreciationAndAmortization": "15700000", "incomeBeforeTax": "166600000", "incomeTaxExpense": "8700000", "interestAndDebtExpense": "None", "netIncomeFromContinuingOperations": "167600000", "comprehensiveIncomeNetOfTax": "178200000", "ebit": "217000000", "ebitda": "232700000", "netIncome": "157900000"}, {"fiscalDateEnding": "2021-06-30", "reportedCurrency": "USD", "grossProfit": "531800000", "totalRevenue": "1242000000", "costOfRevenue": "710200000", "costofGoodsAndServicesSold": "710200000", "operatingIncome": "288600000", "sellingGeneralAndAdministrative": "161000000", "researchAndDevelopment": "65900000", "operatingExpenses": "256900000", "investmentIncomeNet": "None", "netInterestIncome": "-32600000", "interestIncome": "-32600000", "interestExpense": "32600000", "nonInterestIncome": "1242000000", "otherNonOperatingIncome": "None", "depreciation": "None", "depreciationAndAmortization": "15700000", "incomeBeforeTax": "236300000", "incomeTaxExpense": "33400000", "interestAndDebtExpense": "None", "netIncomeFromContinuingOperations": "217500000", "comprehensiveIncomeNetOfTax": "181200000", "ebit": "288600000", "ebitda": "304300000", "netIncome": "202900000"}, {"fiscalDateEnding": "2021-03-31", "reportedCurrency": "USD", "grossProfit": "512400000", "totalRevenue": "1195600000", "costOfRevenue": "683200000", "costofGoodsAndServicesSold": "683200000", "operatingIncome": "260700000", "sellingGeneralAndAdministrative": "174500000", "researchAndDevelopment": "74000000", "operatingExpenses": "267500000", "investmentIncomeNet": "None", "netInterestIncome": "-32400000", "interestIncome": "-32400000", "interestExpense": "32400000", "nonInterestIncome": "1195600000", "otherNonOperatingIncome": "None", "depreciation": "None", "depreciationAndAmortization": "15800000", "incomeBeforeTax": "214800000", "incomeTaxExpense": "32200000", "interestAndDebtExpense": "None", "netIncomeFromContinuingOperations": "190700000", "comprehensiveIncomeNetOfTax": "182000000", "ebit": "260700000", "ebitda": "276500000", "netIncome": "182600000"}, {"fiscalDateEnding": "2020-12-31", "reportedCurrency": "USD", "grossProfit": "501400000", "totalRevenue": "1152200000", "costOfRevenue": "650800000", "costofGoodsAndServicesSold": "650800000", "operatingIncome": "146900000", "sellingGeneralAndAdministrative": "181600000", "researchAndDevelopment": "84600000", "operatingExpenses": "320600000", "investmentIncomeNet": "None", "netInterestIncome": "-34200000", "interestIncome": "-34200000", "interestExpense": "34300000", "nonInterestIncome": "1152200000", "otherNonOperatingIncome": "100000", "depreciation": "None", "depreciationAndAmortization": "15500000", "incomeBeforeTax": "118100000", "incomeTaxExpense": "68600000", "interestAndDebtExpense": "None", "netIncomeFromContinuingOperations": "41100000", "comprehensiveIncomeNetOfTax": "125200000", "ebit": "146900000", "ebitda": "162400000", "netIncome": "49500000"}, {"fiscalDateEnding": "2020-09-30", "reportedCurrency": "USD", "grossProfit": "466400000", "totalRevenue": "1084600000", "costOfRevenue": "618200000", "costofGoodsAndServicesSold": "618200000", "operatingIncome": "196000000", "sellingGeneralAndAdministrative": "187700000", "researchAndDevelopment": "71700000", "operatingExpenses": "290100000", "investmentIncomeNet": "None", "netInterestIncome": "-35500000", "interestIncome": "-35500000", "interestExpense": "35500000", "nonInterestIncome": "1084600000", "otherNonOperatingIncome": "None", "depreciation": "None", "depreciationAndAmortization": "15800000", "incomeBeforeTax": "129800000", "incomeTaxExpense": "18400000", "interestAndDebtExpense": "None", "netIncomeFromContinuingOperations": "129800000", "comprehensiveIncomeNetOfTax": "168700000", "ebit": "196000000", "ebitda": "211800000", "netIncome": "111400000"}, {"fiscalDateEnding": "2020-06-30", "reportedCurrency": "USD", "grossProfit": "522700000", "totalRevenue": "1155300000", "costOfRevenue": "632600000", "costofGoodsAndServicesSold": "632600000", "operatingIncome": "267900000", "sellingGeneralAndAdministrative": "171000000", "researchAndDevelopment": "64300000", "operatingExpenses": "282100000", "investmentIncomeNet": "None", "netInterestIncome": "-40700000", "interestIncome": "-40700000", "interestExpense": "40700000", "nonInterestIncome": "1155300000", "otherNonOperatingIncome": "None", "depreciation": "None", "depreciationAndAmortization": "15300000", "incomeBeforeTax": "213600000", "incomeTaxExpense": "29200000", "interestAndDebtExpense": "None", "netIncomeFromContinuingOperations": "195200000", "comprehensiveIncomeNetOfTax": "196000000", "ebit": "267900000", "ebitda": "283200000", "netIncome": "184400000"}, {"fiscalDateEnding": "2020-03-31", "reportedCurrency": "USD", "grossProfit": "561500000", "totalRevenue": "1250000000", "costOfRevenue": "688500000", "costofGoodsAndServicesSold": "688500000", "operatingIncome": "291400000", "sellingGeneralAndAdministrative": "189400000", "researchAndDevelopment": "67300000", "operatingExpenses": "307500000", "investmentIncomeNet": "None", "netInterestIncome": "-40800000", "interestIncome": "-40800000", "interestExpense": "40800000", "nonInterestIncome": "1250000000", "otherNonOperatingIncome": "None", "depreciation": "None", "depreciationAndAmortization": "15300000", "incomeBeforeTax": "240900000", "incomeTaxExpense": "34700000", "interestAndDebtExpense": "None", "netIncomeFromContinuingOperations": "213700000", "comprehensiveIncomeNetOfTax": "191400000", "ebit": "291400000", "ebitda": "306700000", "netIncome": "206200000"}, {"fiscalDateEnding": "2019-12-31", "reportedCurrency": "USD", "grossProfit": "556000000", "totalRevenue": "1197300000", "costOfRevenue": "641300000", "costofGoodsAndServicesSold": "641300000", "operatingIncome": "112100000", "sellingGeneralAndAdministrative": "223800000", "researchAndDevelopment": "76400000", "operatingExpenses": "72800000", "investmentIncomeNet": "None", "netInterestIncome": "-42900000", "interestIncome": "-42900000", "interestExpense": "44800000", "nonInterestIncome": "1197300000", "otherNonOperatingIncome": "1900000", "depreciation": "None", "depreciationAndAmortization": "15400000", "incomeBeforeTax": "32700000", "incomeTaxExpense": "35900000", "interestAndDebtExpense": "None", "netIncomeFromContinuingOperations": "30300000", "comprehensiveIncomeNetOfTax": "11600000", "ebit": "112100000", "ebitda": "127500000", "netIncome": "-3200000"}, {"fiscalDateEnding": "2019-09-30", "reportedCurrency": "USD", "grossProfit": "432400000", "totalRevenue": "1014300000", "costOfRevenue": "581900000", "costofGoodsAndServicesSold": "581900000", "operatingIncome": "159900000", "sellingGeneralAndAdministrative": "188300000", "researchAndDevelopment": "77400000", "operatingExpenses": "289000000", "investmentIncomeNet": "None", "netInterestIncome": "-41600000", "interestIncome": "-41600000", "interestExpense": "41600000", "nonInterestIncome": "1014200000", "otherNonOperatingIncome": "None", "depreciation": "None", "depreciationAndAmortization": "16100000", "incomeBeforeTax": "99100000", "incomeTaxExpense": "8700000", "interestAndDebtExpense": "None", "netIncomeFromContinuingOperations": "111700000", "comprehensiveIncomeNetOfTax": "17100000", "ebit": "159900000", "ebitda": "176000000", "netIncome": "90400000"}, {"fiscalDateEnding": "2019-06-30", "reportedCurrency": "USD", "grossProfit": "550500000", "totalRevenue": "1206100000", "costOfRevenue": "655600000", "costofGoodsAndServicesSold": "655600000", "operatingIncome": "267800000", "sellingGeneralAndAdministrative": "196900000", "researchAndDevelopment": "73100000", "operatingExpenses": "300800000", "investmentIncomeNet": "None", "netInterestIncome": "-39500000", "interestIncome": "-39500000", "interestExpense": "39500000", "nonInterestIncome": "1206100000", "otherNonOperatingIncome": "None", "depreciation": "None", "depreciationAndAmortization": "15500000", "incomeBeforeTax": "205100000", "incomeTaxExpense": "30600000", "interestAndDebtExpense": "None", "netIncomeFromContinuingOperations": "192600000", "comprehensiveIncomeNetOfTax": "145400000", "ebit": "267800000", "ebitda": "283300000", "netIncome": "174500000"}, {"fiscalDateEnding": "2019-03-31", "reportedCurrency": "USD", "grossProfit": "544700000", "totalRevenue": "1192100000", "costOfRevenue": "647400000", "costofGoodsAndServicesSold": "647400000", "operatingIncome": "281800000", "sellingGeneralAndAdministrative": "183900000", "researchAndDevelopment": "71200000", "operatingExpenses": "283000000", "investmentIncomeNet": "None", "netInterestIncome": "-34500000", "interestIncome": "-34500000", "interestExpense": "34500000", "nonInterestIncome": "1192100000", "otherNonOperatingIncome": "None", "depreciation": "None", "depreciationAndAmortization": "15600000", "incomeBeforeTax": "252000000", "incomeTaxExpense": "36300000", "interestAndDebtExpense": "None", "netIncomeFromContinuingOperations": "206100000", "comprehensiveIncomeNetOfTax": "214300000", "ebit": "281800000", "ebitda": "297400000", "netIncome": "215700000"}, {"fiscalDateEnding": "2018-12-31", "reportedCurrency": "USD", "grossProfit": "491700000", "totalRevenue": "1541900000", "costOfRevenue": "607700000", "costofGoodsAndServicesSold": "677300000", "operatingIncome": "177500000", "sellingGeneralAndAdministrative": "202600000", "researchAndDevelopment": "77700000", "operatingExpenses": "238500000", "investmentIncomeNet": "None", "netInterestIncome": "None", "interestIncome": "None", "interestExpense": "32800000", "nonInterestIncome": "1219200000", "otherNonOperatingIncome": "1400000", "depreciation": "None", "depreciationAndAmortization": "15900000", "incomeBeforeTax": "21800000", "incomeTaxExpense": "-10600000", "interestAndDebtExpense": "None", "netIncomeFromContinuingOperations": "157700000", "comprehensiveIncomeNetOfTax": "23000000", "ebit": "177500000", "ebitda": "193400000", "netIncome": "32400000"}, {"fiscalDateEnding": "2018-09-30", "reportedCurrency": "USD", "grossProfit": "395200000", "totalRevenue": "923600000", "costOfRevenue": "528400000", "costofGoodsAndServicesSold": "589400000", "operatingIncome": "105100000", "sellingGeneralAndAdministrative": "194600000", "researchAndDevelopment": "70900000", "operatingExpenses": "353300000", "investmentIncomeNet": "None", "netInterestIncome": "None", "interestIncome": "None", "interestExpense": "33400000", "nonInterestIncome": "1037800000", "otherNonOperatingIncome": "None", "depreciation": "None", "depreciationAndAmortization": "15900000", "incomeBeforeTax": "94800000", "incomeTaxExpense": "22000000", "interestAndDebtExpense": "None", "netIncomeFromContinuingOperations": "48900000", "comprehensiveIncomeNetOfTax": "66500000", "ebit": "105100000", "ebitda": "121000000", "netIncome": "72800000"}, {"fiscalDateEnding": "2018-06-30", "reportedCurrency": "USD", "grossProfit": "490400000", "totalRevenue": "1154400000", "costOfRevenue": "664000000", "costofGoodsAndServicesSold": "718200000", "operatingIncome": "133300000", "sellingGeneralAndAdministrative": "200300000", "researchAndDevelopment": "77000000", "operatingExpenses": "521500000", "investmentIncomeNet": "None", "netInterestIncome": "None", "interestIncome": "None", "interestExpense": "34400000", "nonInterestIncome": "1262300000", "otherNonOperatingIncome": "None", "depreciation": "None", "depreciationAndAmortization": "17600000", "incomeBeforeTax": "128600000", "incomeTaxExpense": "-1100000", "interestAndDebtExpense": "None", "netIncomeFromContinuingOperations": "97000000", "comprehensiveIncomeNetOfTax": "22000000", "ebit": "133300000", "ebitda": "150900000", "netIncome": "129700000"}, {"fiscalDateEnding": "2018-03-31", "reportedCurrency": "USD", "grossProfit": "502500000", "totalRevenue": "1107900000", "costOfRevenue": "605400000", "costofGoodsAndServicesSold": "656000000", "operatingIncome": "325000000", "sellingGeneralAndAdministrative": "192500000", "researchAndDevelopment": "65900000", "operatingExpenses": "261600000", "investmentIncomeNet": "None", "netInterestIncome": "None", "interestIncome": "None", "interestExpense": "33900000", "nonInterestIncome": "1295700000", "otherNonOperatingIncome": "100000", "depreciation": "None", "depreciationAndAmortization": "13500000", "incomeBeforeTax": "327700000", "incomeTaxExpense": "60500000", "interestAndDebtExpense": "None", "netIncomeFromContinuingOperations": "227800000", "comprehensiveIncomeNetOfTax": "322000000", "ebit": "325000000", "ebitda": "338500000", "netIncome": "267200000"}, {"fiscalDateEnding": "2017-12-31", "reportedCurrency": "USD", "grossProfit": "384800000", "totalRevenue": "979600000", "costOfRevenue": "396900000", "costofGoodsAndServicesSold": "594800000", "operatingIncome": "73500000", "sellingGeneralAndAdministrative": "182400000", "researchAndDevelopment": "51100000", "operatingExpenses": "42000000", "investmentIncomeNet": "None", "netInterestIncome": "None", "interestIncome": "None", "interestExpense": "28700000", "nonInterestIncome": "979600000", "otherNonOperatingIncome": "800000", "depreciation": "None", "depreciationAndAmortization": "11500000", "incomeBeforeTax": "757900000", "incomeTaxExpense": "227800000", "interestAndDebtExpense": "None", "netIncomeFromContinuingOperations": "-249000000", "comprehensiveIncomeNetOfTax": "578400000", "ebit": "73500000", "ebitda": "85000000", "netIncome": "530100000"}, {"fiscalDateEnding": "2017-09-30", "reportedCurrency": "USD", "grossProfit": "265900000", "totalRevenue": "646200000", "costOfRevenue": "380300000", "costofGoodsAndServicesSold": "380000000", "operatingIncome": "74100000", "sellingGeneralAndAdministrative": "154500000", "researchAndDevelopment": "30200000", "operatingExpenses": "247000000", "investmentIncomeNet": "None", "netInterestIncome": "None", "interestIncome": "None", "interestExpense": "18400000", "nonInterestIncome": "0", "otherNonOperatingIncome": "None", "depreciation": "None", "depreciationAndAmortization": "5600000", "incomeBeforeTax": "43600000", "incomeTaxExpense": "-11600000", "interestAndDebtExpense": "None", "netIncomeFromContinuingOperations": "70400000", "comprehensiveIncomeNetOfTax": "120000000", "ebit": "74100000", "ebitda": "79700000", "netIncome": "55200000"}, {"fiscalDateEnding": "2017-06-30", "reportedCurrency": "USD", "grossProfit": "234400000", "totalRevenue": "656800000", "costOfRevenue": "422400000", "costofGoodsAndServicesSold": "422400000", "operatingIncome": "65000000", "sellingGeneralAndAdministrative": "130500000", "researchAndDevelopment": "32000000", "operatingExpenses": "193000000", "investmentIncomeNet": "None", "netInterestIncome": "None", "interestIncome": "None", "interestExpense": "17200000", "nonInterestIncome": "0", "otherNonOperatingIncome": "100000", "depreciation": "None", "depreciationAndAmortization": "5200000", "incomeBeforeTax": "78000000", "incomeTaxExpense": "3300000", "interestAndDebtExpense": "None", "netIncomeFromContinuingOperations": "48200000", "comprehensiveIncomeNetOfTax": "146800000", "ebit": "65000000", "ebitda": "70200000", "netIncome": "74700000"}, {"fiscalDateEnding": "2017-03-31", "reportedCurrency": "USD", "grossProfit": "216200000", "totalRevenue": "596000000", "costOfRevenue": "379800000", "costofGoodsAndServicesSold": "379800000", "operatingIncome": "65400000", "sellingGeneralAndAdministrative": "114300000", "researchAndDevelopment": "28200000", "operatingExpenses": "156300000", "investmentIncomeNet": "None", "netInterestIncome": "None", "interestIncome": "None", "interestExpense": "15700000", "nonInterestIncome": "0", "otherNonOperatingIncome": "100000", "depreciation": "None", "depreciationAndAmortization": "5100000", "incomeBeforeTax": "-114800000", "incomeTaxExpense": "9400000", "interestAndDebtExpense": "None", "netIncomeFromContinuingOperations": "44500000", "comprehensiveIncomeNetOfTax": "-71300000", "ebit": "65400000", "ebitda": "70500000", "netIncome": "-124200000"}, {"fiscalDateEnding": "2016-12-31", "reportedCurrency": "USD", "grossProfit": "265200000", "totalRevenue": "688400000", "costOfRevenue": "423200000", "costofGoodsAndServicesSold": "528000000", "operatingIncome": "28500000", "sellingGeneralAndAdministrative": "114500000", "researchAndDevelopment": "38200000", "operatingExpenses": "282700000", "investmentIncomeNet": "None", "netInterestIncome": "None", "interestIncome": "None", "interestExpense": "22200000", "nonInterestIncome": "None", "otherNonOperatingIncome": "700000", "depreciation": "None", "depreciationAndAmortization": "6200000", "incomeBeforeTax": "18600000", "incomeTaxExpense": "2700000", "interestAndDebtExpense": "None", "netIncomeFromContinuingOperations": "8900000", "comprehensiveIncomeNetOfTax": "-81100000", "ebit": "28500000", "ebitda": "34700000", "netIncome": "15900000"}]}