{"symbol": "FOX", "annualReports": [{"fiscalDateEnding": "2021-06-30", "reportedCurrency": "USD", "grossProfit": "10767000000", "totalRevenue": "12909000000", "costOfRevenue": "2142000000", "costofGoodsAndServicesSold": "8037000000", "operatingIncome": "923000000", "sellingGeneralAndAdministrative": "1807000000", "researchAndDevelopment": "None", "operatingExpenses": "9844000000", "investmentIncomeNet": "4000000", "netInterestIncome": "-395000000", "interestIncome": "4000000", "interestExpense": "395000000", "nonInterestIncome": "None", "otherNonOperatingIncome": "579000000", "depreciation": "None", "depreciationAndAmortization": "300000000", "incomeBeforeTax": "2867000000", "incomeTaxExpense": "717000000", "interestAndDebtExpense": "395000000", "netIncomeFromContinuingOperations": "2201000000", "comprehensiveIncomeNetOfTax": "2249000000", "ebit": "3262000000", "ebitda": "3562000000", "netIncome": "2150000000"}, {"fiscalDateEnding": "2020-06-30", "reportedCurrency": "USD", "grossProfit": "9853000000", "totalRevenue": "12303000000", "costOfRevenue": "2450000000", "costofGoodsAndServicesSold": "None", "operatingIncome": "305000000", "sellingGeneralAndAdministrative": "1741000000", "researchAndDevelopment": "None", "operatingExpenses": "9548000000", "investmentIncomeNet": "35000000", "netInterestIncome": "-369000000", "interestIncome": "35000000", "interestExpense": "369000000", "nonInterestIncome": "None", "otherNonOperatingIncome": "-248000000", "depreciation": "None", "depreciationAndAmortization": "258000000", "incomeBeforeTax": "1401000000", "incomeTaxExpense": "402000000", "interestAndDebtExpense": "369000000", "netIncomeFromContinuingOperations": "1062000000", "comprehensiveIncomeNetOfTax": "890000000", "ebit": "1770000000", "ebitda": "2028000000", "netIncome": "999000000"}, {"fiscalDateEnding": "2019-06-30", "reportedCurrency": "USD", "grossProfit": "9732000000", "totalRevenue": "11389000000", "costOfRevenue": "1657000000", "costofGoodsAndServicesSold": "7327000000", "operatingIncome": "986000000", "sellingGeneralAndAdministrative": "1419000000", "researchAndDevelopment": "None", "operatingExpenses": "8746000000", "investmentIncomeNet": "41000000", "netInterestIncome": "-203000000", "interestIncome": "41000000", "interestExpense": "203000000", "nonInterestIncome": "None", "otherNonOperatingIncome": "-19000000", "depreciation": "None", "depreciationAndAmortization": "212000000", "incomeBeforeTax": "2176000000", "incomeTaxExpense": "581000000", "interestAndDebtExpense": "203000000", "netIncomeFromContinuingOperations": "1643000000", "comprehensiveIncomeNetOfTax": "1506000000", "ebit": "2379000000", "ebitda": "2591000000", "netIncome": "1595000000"}], "quarterlyReports": [{"fiscalDateEnding": "2021-09-30", "reportedCurrency": "USD", "grossProfit": "2454000000", "totalRevenue": "2948000000", "costOfRevenue": "494000000", "costofGoodsAndServicesSold": "1571000000", "operatingIncome": "468000000", "sellingGeneralAndAdministrative": "415000000", "researchAndDevelopment": "None", "operatingExpenses": "1986000000", "investmentIncomeNet": "None", "netInterestIncome": "-97000000", "interestIncome": "None", "interestExpense": "97000000", "nonInterestIncome": "3045000000", "otherNonOperatingIncome": "69000000", "depreciation": "None", "depreciationAndAmortization": "79000000", "incomeBeforeTax": "945000000", "incomeTaxExpense": "244000000", "interestAndDebtExpense": "None", "netIncomeFromContinuingOperations": "708000000", "comprehensiveIncomeNetOfTax": "707000000", "ebit": "468000000", "ebitda": "547000000", "netIncome": "701000000"}, {"fiscalDateEnding": "2021-06-30", "reportedCurrency": "USD", "grossProfit": "2890000000", "totalRevenue": "2890000000", "costOfRevenue": "624000000", "costofGoodsAndServicesSold": "1638000000", "operatingIncome": "2890000000", "sellingGeneralAndAdministrative": "540000000", "researchAndDevelopment": "None", "operatingExpenses": "2178000000", "investmentIncomeNet": "1000000", "netInterestIncome": "-99000000", "interestIncome": "1000000", "interestExpense": "99000000", "nonInterestIncome": "None", "otherNonOperatingIncome": "-173000000", "depreciation": "None", "depreciationAndAmortization": "84000000", "incomeBeforeTax": "2975000000", "incomeTaxExpense": "85000000", "interestAndDebtExpense": "99000000", "netIncomeFromContinuingOperations": "2890000000", "comprehensiveIncomeNetOfTax": "327000000", "ebit": "3074000000", "ebitda": "3158000000", "netIncome": "2890000000"}, {"fiscalDateEnding": "2021-03-31", "reportedCurrency": "USD", "grossProfit": "2700000000", "totalRevenue": "3215000000", "costOfRevenue": "515000000", "costofGoodsAndServicesSold": "1885000000", "operatingIncome": "378000000", "sellingGeneralAndAdministrative": "437000000", "researchAndDevelopment": "None", "operatingExpenses": "2322000000", "investmentIncomeNet": "0", "netInterestIncome": "-98000000", "interestIncome": "None", "interestExpense": "98000000", "nonInterestIncome": "None", "otherNonOperatingIncome": "61000000", "depreciation": "None", "depreciationAndAmortization": "78000000", "incomeBeforeTax": "763000000", "incomeTaxExpense": "196000000", "interestAndDebtExpense": "98000000", "netIncomeFromContinuingOperations": "582000000", "comprehensiveIncomeNetOfTax": "576000000", "ebit": "861000000", "ebitda": "939000000", "netIncome": "567000000"}, {"fiscalDateEnding": "2020-12-31", "reportedCurrency": "USD", "grossProfit": "3575000000", "totalRevenue": "4087000000", "costOfRevenue": "512000000", "costofGoodsAndServicesSold": "3346000000", "operatingIncome": "-213000000", "sellingGeneralAndAdministrative": "442000000", "researchAndDevelopment": "None", "operatingExpenses": "3788000000", "investmentIncomeNet": "2000000", "netInterestIncome": "-99000000", "interestIncome": "2000000", "interestExpense": "99000000", "nonInterestIncome": "None", "otherNonOperatingIncome": "172000000", "depreciation": "None", "depreciationAndAmortization": "70000000", "incomeBeforeTax": "298000000", "incomeTaxExpense": "74000000", "interestAndDebtExpense": "99000000", "netIncomeFromContinuingOperations": "230000000", "comprehensiveIncomeNetOfTax": "231000000", "ebit": "397000000", "ebitda": "467000000", "netIncome": "224000000"}, {"fiscalDateEnding": "2020-09-30", "reportedCurrency": "USD", "grossProfit": "2226000000", "totalRevenue": "2717000000", "costOfRevenue": "491000000", "costofGoodsAndServicesSold": "None", "operatingIncome": "670000000", "sellingGeneralAndAdministrative": "388000000", "researchAndDevelopment": "None", "operatingExpenses": "1556000000", "investmentIncomeNet": "1000000", "netInterestIncome": "-98000000", "interestIncome": "1000000", "interestExpense": "99000000", "nonInterestIncome": "2717000000", "otherNonOperatingIncome": "519000000", "depreciation": "None", "depreciationAndAmortization": "68000000", "incomeBeforeTax": "1468000000", "incomeTaxExpense": "362000000", "interestAndDebtExpense": "99000000", "netIncomeFromContinuingOperations": "1117000000", "comprehensiveIncomeNetOfTax": "1115000000", "ebit": "1567000000", "ebitda": "1635000000", "netIncome": "1106000000"}, {"fiscalDateEnding": "2020-06-30", "reportedCurrency": "USD", "grossProfit": "1976000000", "totalRevenue": "2418000000", "costOfRevenue": "442000000", "costofGoodsAndServicesSold": "3091000000", "operatingIncome": "1534000000", "sellingGeneralAndAdministrative": "494000000", "researchAndDevelopment": "None", "operatingExpenses": "442000000", "investmentIncomeNet": "2000000", "netInterestIncome": "-100000000", "interestIncome": "2000000", "interestExpense": "100000000", "nonInterestIncome": "None", "otherNonOperatingIncome": "97000000", "depreciation": "None", "depreciationAndAmortization": "94000000", "incomeBeforeTax": "1589000000", "incomeTaxExpense": "55000000", "interestAndDebtExpense": "100000000", "netIncomeFromContinuingOperations": "1534000000", "comprehensiveIncomeNetOfTax": "-4000000", "ebit": "1689000000", "ebitda": "1783000000", "netIncome": "1534000000"}, {"fiscalDateEnding": "2020-03-31", "reportedCurrency": "USD", "grossProfit": "2919000000", "totalRevenue": "3440000000", "costOfRevenue": "521000000", "costofGoodsAndServicesSold": "2061000000", "operatingIncome": "394000000", "sellingGeneralAndAdministrative": "464000000", "researchAndDevelopment": "None", "operatingExpenses": "2525000000", "investmentIncomeNet": "8000000", "netInterestIncome": "-89000000", "interestIncome": "8000000", "interestExpense": "89000000", "nonInterestIncome": "None", "otherNonOperatingIncome": "-632000000", "depreciation": "None", "depreciationAndAmortization": "57000000", "incomeBeforeTax": "133000000", "incomeTaxExpense": "55000000", "interestAndDebtExpense": "89000000", "netIncomeFromContinuingOperations": "90000000", "comprehensiveIncomeNetOfTax": "83000000", "ebit": "222000000", "ebitda": "279000000", "netIncome": "78000000"}, {"fiscalDateEnding": "2019-12-31", "reportedCurrency": "USD", "grossProfit": "3290000000", "totalRevenue": "3778000000", "costOfRevenue": "488000000", "costofGoodsAndServicesSold": "3091000000", "operatingIncome": "-232000000", "sellingGeneralAndAdministrative": "431000000", "researchAndDevelopment": "None", "operatingExpenses": "3522000000", "investmentIncomeNet": "8000000", "netInterestIncome": "-90000000", "interestIncome": "8000000", "interestExpense": "90000000", "nonInterestIncome": "None", "otherNonOperatingIncome": "302000000", "depreciation": "None", "depreciationAndAmortization": "57000000", "incomeBeforeTax": "405000000", "incomeTaxExpense": "105000000", "interestAndDebtExpense": "90000000", "netIncomeFromContinuingOperations": "314000000", "comprehensiveIncomeNetOfTax": "308000000", "ebit": "495000000", "ebitda": "552000000", "netIncome": "300000000"}, {"fiscalDateEnding": "2019-09-30", "reportedCurrency": "USD", "grossProfit": "2256000000", "totalRevenue": "2667000000", "costOfRevenue": "411000000", "costofGoodsAndServicesSold": "1468000000", "operatingIncome": "436000000", "sellingGeneralAndAdministrative": "352000000", "researchAndDevelopment": "None", "operatingExpenses": "1820000000", "investmentIncomeNet": "17000000", "netInterestIncome": "-90000000", "interestIncome": "17000000", "interestExpense": "90000000", "nonInterestIncome": "None", "otherNonOperatingIncome": "-15000000", "depreciation": "None", "depreciationAndAmortization": "50000000", "incomeBeforeTax": "686000000", "incomeTaxExpense": "187000000", "interestAndDebtExpense": "90000000", "netIncomeFromContinuingOperations": "513000000", "comprehensiveIncomeNetOfTax": "503000000", "ebit": "776000000", "ebitda": "826000000", "netIncome": "499000000"}, {"fiscalDateEnding": "2019-06-30", "reportedCurrency": "USD", "grossProfit": "2513000000", "totalRevenue": "2513000000", "costOfRevenue": "527000000", "costofGoodsAndServicesSold": "1358000000", "operatingIncome": "2513000000", "sellingGeneralAndAdministrative": "455000000", "researchAndDevelopment": "None", "operatingExpenses": "1813000000", "investmentIncomeNet": "22000000", "netInterestIncome": "-91000000", "interestIncome": "22000000", "interestExpense": "91000000", "nonInterestIncome": "None", "otherNonOperatingIncome": "97000000", "depreciation": "None", "depreciationAndAmortization": "60000000", "incomeBeforeTax": "2704000000", "incomeTaxExpense": "191000000", "interestAndDebtExpense": "91000000", "netIncomeFromContinuingOperations": "2513000000", "comprehensiveIncomeNetOfTax": "360000000", "ebit": "2795000000", "ebitda": "2855000000", "netIncome": "2513000000"}, {"fiscalDateEnding": "2019-03-31", "reportedCurrency": "USD", "grossProfit": "2344000000", "totalRevenue": "2752000000", "costOfRevenue": "408000000", "costofGoodsAndServicesSold": "1660000000", "operatingIncome": "348000000", "sellingGeneralAndAdministrative": "336000000", "researchAndDevelopment": "None", "operatingExpenses": "1996000000", "investmentIncomeNet": "19000000", "netInterestIncome": "-81000000", "interestIncome": "142000000", "interestExpense": "81000000", "nonInterestIncome": "None", "otherNonOperatingIncome": "84000000", "depreciation": "None", "depreciationAndAmortization": "58000000", "incomeBeforeTax": "696000000", "incomeTaxExpense": "167000000", "interestAndDebtExpense": "81000000", "netIncomeFromContinuingOperations": "539000000", "comprehensiveIncomeNetOfTax": "531000000", "ebit": "777000000", "ebitda": "835000000", "netIncome": "529000000"}, {"fiscalDateEnding": "2018-12-31", "reportedCurrency": "USD", "grossProfit": "3203000000", "totalRevenue": "3583000000", "costOfRevenue": "380000000", "costofGoodsAndServicesSold": "2818000000", "operatingIncome": "56000000", "sellingGeneralAndAdministrative": "329000000", "researchAndDevelopment": "None", "operatingExpenses": "3147000000", "investmentIncomeNet": "None", "netInterestIncome": "-15000000", "interestIncome": "None", "interestExpense": "15000000", "nonInterestIncome": "None", "otherNonOperatingIncome": "-339000000", "depreciation": "None", "depreciationAndAmortization": "51000000", "incomeBeforeTax": "15000000", "incomeTaxExpense": "7000000", "interestAndDebtExpense": "15000000", "netIncomeFromContinuingOperations": "24000000", "comprehensiveIncomeNetOfTax": "10000000", "ebit": "30000000", "ebitda": "81000000", "netIncome": "8000000"}]}