{"symbol": "FTNT", "annualReports": [{"fiscalDateEnding": "2020-12-31", "reportedCurrency": "USD", "grossProfit": "2024400000", "totalRevenue": "2588900000", "costOfRevenue": "1774700000", "costofGoodsAndServicesSold": "570000000", "operatingIncome": "531800000", "sellingGeneralAndAdministrative": "1191400000", "researchAndDevelopment": "341400000", "operatingExpenses": "1492600000", "investmentIncomeNet": "17700000", "netInterestIncome": "17700000", "interestIncome": "17700000", "interestExpense": "None", "nonInterestIncome": "2588900000", "otherNonOperatingIncome": "-7800000", "depreciation": "55500000", "depreciationAndAmortization": "13300000", "incomeBeforeTax": "541700000", "incomeTaxExpense": "53200000", "interestAndDebtExpense": "None", "netIncomeFromContinuingOperations": "488500000", "comprehensiveIncomeNetOfTax": "488100000", "ebit": "531800000", "ebitda": "545100000", "netIncome": "488500000"}, {"fiscalDateEnding": "2019-12-31", "reportedCurrency": "USD", "grossProfit": "1657100000", "totalRevenue": "2151500000", "costOfRevenue": "1545800000", "costofGoodsAndServicesSold": "505900000", "operatingIncome": "351000000", "sellingGeneralAndAdministrative": "1029000000", "researchAndDevelopment": "277100000", "operatingExpenses": "1306100000", "investmentIncomeNet": "42500000", "netInterestIncome": "42500000", "interestIncome": "42500000", "interestExpense": "None", "nonInterestIncome": "2151500000", "otherNonOperatingIncome": "-7500000", "depreciation": "50700000", "depreciationAndAmortization": "10900000", "incomeBeforeTax": "386000000", "incomeTaxExpense": "54300000", "interestAndDebtExpense": "None", "netIncomeFromContinuingOperations": "326500000", "comprehensiveIncomeNetOfTax": "333700000", "ebit": "351000000", "ebitda": "361900000", "netIncome": "331700000"}, {"fiscalDateEnding": "2018-12-31", "reportedCurrency": "USD", "grossProfit": "1354200000", "totalRevenue": "1793000000", "costOfRevenue": "1334700000", "costofGoodsAndServicesSold": "450400000", "operatingIncome": "234400000", "sellingGeneralAndAdministrative": "875300000", "researchAndDevelopment": "244500000", "operatingExpenses": "1119800000", "investmentIncomeNet": "26500000", "netInterestIncome": "26500000", "interestIncome": "26500000", "interestExpense": "None", "nonInterestIncome": "-8200000", "otherNonOperatingIncome": "-6600000", "depreciation": "46700000", "depreciationAndAmortization": "9000000", "incomeBeforeTax": "254300000", "incomeTaxExpense": "-80600000", "interestAndDebtExpense": "None", "netIncomeFromContinuingOperations": "332200000", "comprehensiveIncomeNetOfTax": "334900000", "ebit": "234400000", "ebitda": "243400000", "netIncome": "334900000"}, {"fiscalDateEnding": "2017-12-31", "reportedCurrency": "USD", "grossProfit": "1109600000", "totalRevenue": "1495930000", "costOfRevenue": "1183112000", "costofGoodsAndServicesSold": "385300000", "operatingIncome": "109800000", "sellingGeneralAndAdministrative": "788888000", "researchAndDevelopment": "210600000", "operatingExpenses": "999800000", "investmentIncomeNet": "13500000", "netInterestIncome": "13482000", "interestIncome": "13482000", "interestExpense": "None", "nonInterestIncome": "1000000", "otherNonOperatingIncome": "700000", "depreciation": "46900000", "depreciationAndAmortization": "8600000", "incomeBeforeTax": "124000000", "incomeTaxExpense": "92600000", "interestAndDebtExpense": "None", "netIncomeFromContinuingOperations": "31399000", "comprehensiveIncomeNetOfTax": "31300000", "ebit": "109800000", "ebitda": "118400000", "netIncome": "31400000"}, {"fiscalDateEnding": "2016-12-31", "reportedCurrency": "USD", "grossProfit": "937600000", "totalRevenue": "1268843000", "costOfRevenue": "1058715000", "costofGoodsAndServicesSold": "337800000", "operatingIncome": "42900000", "sellingGeneralAndAdministrative": "707581000", "researchAndDevelopment": "183100000", "operatingExpenses": "894700000", "investmentIncomeNet": "7300000", "netInterestIncome": "7303000", "interestIncome": "7303000", "interestExpense": "None", "nonInterestIncome": "-6600000", "otherNonOperatingIncome": "-7100000", "depreciation": "39200000", "depreciationAndAmortization": "9300000", "incomeBeforeTax": "43100000", "incomeTaxExpense": "10900000", "interestAndDebtExpense": "None", "netIncomeFromContinuingOperations": "32187000", "comprehensiveIncomeNetOfTax": "32400000", "ebit": "42900000", "ebitda": "52200000", "netIncome": "32200000"}], "quarterlyReports": [{"fiscalDateEnding": "2021-09-30", "reportedCurrency": "USD", "grossProfit": "656000000", "totalRevenue": "858900000", "costOfRevenue": "598900000", "costofGoodsAndServicesSold": "211200000", "operatingIncome": "166400000", "sellingGeneralAndAdministrative": "382900000", "researchAndDevelopment": "107800000", "operatingExpenses": "489600000", "investmentIncomeNet": "1200000", "netInterestIncome": "-4600000", "interestIncome": "1200000", "interestExpense": "4600000", "nonInterestIncome": "863500000", "otherNonOperatingIncome": "-6300000", "depreciation": "18100000", "depreciationAndAmortization": "4800000", "incomeBeforeTax": "153800000", "incomeTaxExpense": "-9300000", "interestAndDebtExpense": "4600000", "netIncomeFromContinuingOperations": "163200000", "comprehensiveIncomeNetOfTax": "162000000", "ebit": "158400000", "ebitda": "163200000", "netIncome": "163100000"}, {"fiscalDateEnding": "2021-06-30", "reportedCurrency": "USD", "grossProfit": "614200000", "totalRevenue": "796600000", "costOfRevenue": "551700000", "costofGoodsAndServicesSold": "186900000", "operatingIncome": "147500000", "sellingGeneralAndAdministrative": "361300000", "researchAndDevelopment": "106600000", "operatingExpenses": "466700000", "investmentIncomeNet": "1200000", "netInterestIncome": "-4500000", "interestIncome": "1200000", "interestExpense": "4500000", "nonInterestIncome": "801100000", "otherNonOperatingIncome": "800000", "depreciation": "15300000", "depreciationAndAmortization": "3500000", "incomeBeforeTax": "145000000", "incomeTaxExpense": "7500000", "interestAndDebtExpense": "4500000", "netIncomeFromContinuingOperations": "137500000", "comprehensiveIncomeNetOfTax": "137100000", "ebit": "149500000", "ebitda": "153000000", "netIncome": "137500000"}, {"fiscalDateEnding": "2021-03-31", "reportedCurrency": "USD", "grossProfit": "553700000", "totalRevenue": "710300000", "costOfRevenue": "496000000", "costofGoodsAndServicesSold": "156600000", "operatingIncome": "121600000", "sellingGeneralAndAdministrative": "336000000", "researchAndDevelopment": "97200000", "operatingExpenses": "432100000", "investmentIncomeNet": "-200000", "netInterestIncome": "-1300000", "interestIncome": "None", "interestExpense": "1300000", "nonInterestIncome": "710300000", "otherNonOperatingIncome": "-2000000", "depreciation": "14000000", "depreciationAndAmortization": "3400000", "incomeBeforeTax": "119400000", "incomeTaxExpense": "12200000", "interestAndDebtExpense": "1300000", "netIncomeFromContinuingOperations": "107200000", "comprehensiveIncomeNetOfTax": "106800000", "ebit": "121600000", "ebitda": "125000000", "netIncome": "107200000"}, {"fiscalDateEnding": "2020-12-31", "reportedCurrency": "USD", "grossProfit": "581000000", "totalRevenue": "742500000", "costOfRevenue": "493600000", "costofGoodsAndServicesSold": "167000000", "operatingIncome": "169400000", "sellingGeneralAndAdministrative": "323800000", "researchAndDevelopment": "89000000", "operatingExpenses": "411600000", "investmentIncomeNet": "2000000", "netInterestIncome": "2000000", "interestIncome": "2000000", "interestExpense": "None", "nonInterestIncome": "742500000", "otherNonOperatingIncome": "300000", "depreciation": "13900000", "depreciationAndAmortization": "2800000", "incomeBeforeTax": "171700000", "incomeTaxExpense": "25000000", "interestAndDebtExpense": "None", "netIncomeFromContinuingOperations": "146700000", "comprehensiveIncomeNetOfTax": "146000000", "ebit": "169400000", "ebitda": "172200000", "netIncome": "146700000"}, {"fiscalDateEnding": "2020-09-30", "reportedCurrency": "USD", "grossProfit": "511900000", "totalRevenue": "651100000", "costOfRevenue": "438100000", "costofGoodsAndServicesSold": "139200000", "operatingIncome": "126900000", "sellingGeneralAndAdministrative": "296100000", "researchAndDevelopment": "90000000", "operatingExpenses": "385000000", "investmentIncomeNet": "2500000", "netInterestIncome": "0", "interestIncome": "2500000", "interestExpense": "0", "nonInterestIncome": "651100000", "otherNonOperatingIncome": "-1000000", "depreciation": "13900000", "depreciationAndAmortization": "2800000", "incomeBeforeTax": "128400000", "incomeTaxExpense": "5000000", "interestAndDebtExpense": "0", "netIncomeFromContinuingOperations": "123400000", "comprehensiveIncomeNetOfTax": "122300000", "ebit": "126900000", "ebitda": "129700000", "netIncome": "123400000"}, {"fiscalDateEnding": "2020-06-30", "reportedCurrency": "USD", "grossProfit": "482500000", "totalRevenue": "615500000", "costOfRevenue": "421500000", "costofGoodsAndServicesSold": "135100000", "operatingIncome": "118800000", "sellingGeneralAndAdministrative": "282700000", "researchAndDevelopment": "82100000", "operatingExpenses": "363700000", "investmentIncomeNet": "4000000", "netInterestIncome": "0", "interestIncome": "4000000", "interestExpense": "0", "nonInterestIncome": "615500000", "otherNonOperatingIncome": "900000", "depreciation": "14100000", "depreciationAndAmortization": "3700000", "incomeBeforeTax": "121600000", "incomeTaxExpense": "9900000", "interestAndDebtExpense": "0", "netIncomeFromContinuingOperations": "112100000", "comprehensiveIncomeNetOfTax": "119400000", "ebit": "116700000", "ebitda": "120400000", "netIncome": "113800000"}, {"fiscalDateEnding": "2020-03-31", "reportedCurrency": "USD", "grossProfit": "449000000", "totalRevenue": "576900000", "costOfRevenue": "421500000", "costofGoodsAndServicesSold": "128700000", "operatingIncome": "116700000", "sellingGeneralAndAdministrative": "288800000", "researchAndDevelopment": "80300000", "operatingExpenses": "332300000", "investmentIncomeNet": "9200000", "netInterestIncome": "9200000", "interestIncome": "9200000", "interestExpense": "None", "nonInterestIncome": "576900000", "otherNonOperatingIncome": "-8000000", "depreciation": "13600000", "depreciationAndAmortization": "4000000", "incomeBeforeTax": "117900000", "incomeTaxExpense": "13300000", "interestAndDebtExpense": "None", "netIncomeFromContinuingOperations": "104000000", "comprehensiveIncomeNetOfTax": "100400000", "ebit": "116700000", "ebitda": "120700000", "netIncome": "104600000"}, {"fiscalDateEnding": "2019-12-31", "reportedCurrency": "USD", "grossProfit": "477600000", "totalRevenue": "609700000", "costOfRevenue": "427600000", "costofGoodsAndServicesSold": "140500000", "operatingIncome": "122100000", "sellingGeneralAndAdministrative": "284300000", "researchAndDevelopment": "71200000", "operatingExpenses": "355500000", "investmentIncomeNet": "9900000", "netInterestIncome": "9900000", "interestIncome": "9900000", "interestExpense": "None", "nonInterestIncome": "609700000", "otherNonOperatingIncome": "-600000", "depreciation": "12900000", "depreciationAndAmortization": "2800000", "incomeBeforeTax": "131400000", "incomeTaxExpense": "13200000", "interestAndDebtExpense": "None", "netIncomeFromContinuingOperations": "115200000", "comprehensiveIncomeNetOfTax": "118200000", "ebit": "122100000", "ebitda": "124900000", "netIncome": "118200000"}, {"fiscalDateEnding": "2019-09-30", "reportedCurrency": "USD", "grossProfit": "424000000", "totalRevenue": "547500000", "costOfRevenue": "379800000", "costofGoodsAndServicesSold": "124100000", "operatingIncome": "100600000", "sellingGeneralAndAdministrative": "253500000", "researchAndDevelopment": "69900000", "operatingExpenses": "323400000", "investmentIncomeNet": "11400000", "netInterestIncome": "11400000", "interestIncome": "11400000", "interestExpense": "None", "nonInterestIncome": "547500000", "otherNonOperatingIncome": "-6000000", "depreciation": "12800000", "depreciationAndAmortization": "2200000", "incomeBeforeTax": "106000000", "incomeTaxExpense": "25800000", "interestAndDebtExpense": "None", "netIncomeFromContinuingOperations": "79800000", "comprehensiveIncomeNetOfTax": "80400000", "ebit": "100600000", "ebitda": "102800000", "netIncome": "80200000"}, {"fiscalDateEnding": "2019-06-30", "reportedCurrency": "USD", "grossProfit": "393400000", "totalRevenue": "521700000", "costOfRevenue": "382000000", "costofGoodsAndServicesSold": "128300000", "operatingIncome": "75200000", "sellingGeneralAndAdministrative": "250800000", "researchAndDevelopment": "67400000", "operatingExpenses": "318200000", "investmentIncomeNet": "11000000", "netInterestIncome": "11000000", "interestIncome": "11000000", "interestExpense": "None", "nonInterestIncome": "521700000", "otherNonOperatingIncome": "-400000", "depreciation": "12300000", "depreciationAndAmortization": "2900000", "incomeBeforeTax": "85800000", "incomeTaxExpense": "13100000", "interestAndDebtExpense": "None", "netIncomeFromContinuingOperations": "72700000", "comprehensiveIncomeNetOfTax": "73800000", "ebit": "75200000", "ebitda": "78100000", "netIncome": "72700000"}, {"fiscalDateEnding": "2019-03-31", "reportedCurrency": "USD", "grossProfit": "359600000", "totalRevenue": "472600000", "costOfRevenue": "356400000", "costofGoodsAndServicesSold": "113000000", "operatingIncome": "50600000", "sellingGeneralAndAdministrative": "240400000", "researchAndDevelopment": "68600000", "operatingExpenses": "309000000", "investmentIncomeNet": "10200000", "netInterestIncome": "10200000", "interestIncome": "10200000", "interestExpense": "None", "nonInterestIncome": "472600000", "otherNonOperatingIncome": "-500000", "depreciation": "12700000", "depreciationAndAmortization": "3000000", "incomeBeforeTax": "60300000", "incomeTaxExpense": "1500000", "interestAndDebtExpense": "None", "netIncomeFromContinuingOperations": "58800000", "comprehensiveIncomeNetOfTax": "59500000", "ebit": "50600000", "ebitda": "53600000", "netIncome": "58800000"}, {"fiscalDateEnding": "2018-12-31", "reportedCurrency": "USD", "grossProfit": "381900000", "totalRevenue": "498800000", "costOfRevenue": "359300000", "costofGoodsAndServicesSold": "128500000", "operatingIncome": "88500000", "sellingGeneralAndAdministrative": "227900000", "researchAndDevelopment": "65500000", "operatingExpenses": "293400000", "investmentIncomeNet": "9300000", "netInterestIncome": "None", "interestIncome": "None", "interestExpense": "None", "nonInterestIncome": "-1302400000", "otherNonOperatingIncome": "-2300000", "depreciation": "11800000", "depreciationAndAmortization": "2900000", "incomeBeforeTax": "95500000", "incomeTaxExpense": "-89800000", "interestAndDebtExpense": "None", "netIncomeFromContinuingOperations": "182600000", "comprehensiveIncomeNetOfTax": "185500000", "ebit": "88500000", "ebitda": "91400000", "netIncome": "185300000"}, {"fiscalDateEnding": "2018-09-30", "reportedCurrency": "USD", "grossProfit": "342300000", "totalRevenue": "453900000", "costOfRevenue": "334900000", "costofGoodsAndServicesSold": "111600000", "operatingIncome": "62800000", "sellingGeneralAndAdministrative": "220800000", "researchAndDevelopment": "58700000", "operatingExpenses": "279500000", "investmentIncomeNet": "6900000", "netInterestIncome": "None", "interestIncome": "None", "interestExpense": "None", "nonInterestIncome": "453900000", "otherNonOperatingIncome": "900000", "depreciation": "11800000", "depreciationAndAmortization": "2500000", "incomeBeforeTax": "70600000", "incomeTaxExpense": "11900000", "interestAndDebtExpense": "None", "netIncomeFromContinuingOperations": "58700000", "comprehensiveIncomeNetOfTax": "59100000", "ebit": "62800000", "ebitda": "65300000", "netIncome": "58700000"}, {"fiscalDateEnding": "2018-06-30", "reportedCurrency": "USD", "grossProfit": "328200000", "totalRevenue": "441300000", "costOfRevenue": "331200000", "costofGoodsAndServicesSold": "113100000", "operatingIncome": "50700000", "sellingGeneralAndAdministrative": "216300000", "researchAndDevelopment": "61200000", "operatingExpenses": "277500000", "investmentIncomeNet": "5800000", "netInterestIncome": "None", "interestIncome": "None", "interestExpense": "None", "nonInterestIncome": "441300000", "otherNonOperatingIncome": "-5000000", "depreciation": "11800000", "depreciationAndAmortization": "1800000", "incomeBeforeTax": "51500000", "incomeTaxExpense": "2200000", "interestAndDebtExpense": "None", "netIncomeFromContinuingOperations": "49300000", "comprehensiveIncomeNetOfTax": "49900000", "ebit": "50700000", "ebitda": "52500000", "netIncome": "49300000"}, {"fiscalDateEnding": "2018-03-31", "reportedCurrency": "USD", "grossProfit": "301800000", "totalRevenue": "399000000", "costOfRevenue": "309300000", "costofGoodsAndServicesSold": "97200000", "operatingIncome": "32400000", "sellingGeneralAndAdministrative": "210300000", "researchAndDevelopment": "59100000", "operatingExpenses": "269400000", "investmentIncomeNet": "4500000", "netInterestIncome": "None", "interestIncome": "None", "interestExpense": "None", "nonInterestIncome": "399000000", "otherNonOperatingIncome": "-200000", "depreciation": "11400000", "depreciationAndAmortization": "1800000", "incomeBeforeTax": "36700000", "incomeTaxExpense": "-4900000", "interestAndDebtExpense": "None", "netIncomeFromContinuingOperations": "41600000", "comprehensiveIncomeNetOfTax": "40400000", "ebit": "32400000", "ebitda": "34200000", "netIncome": "41600000"}, {"fiscalDateEnding": "2017-12-31", "reportedCurrency": "USD", "grossProfit": "311200000", "totalRevenue": "417668000", "costOfRevenue": "321796000", "costofGoodsAndServicesSold": "105400000", "operatingIncome": "42200000", "sellingGeneralAndAdministrative": "214277000", "researchAndDevelopment": "54700000", "operatingExpenses": "269000000", "investmentIncomeNet": "4000000", "netInterestIncome": "None", "interestIncome": "None", "interestExpense": "None", "nonInterestIncome": "None", "otherNonOperatingIncome": "-1200000", "depreciation": "12200000", "depreciationAndAmortization": "2100000", "incomeBeforeTax": "45000000", "incomeTaxExpense": "74000000", "interestAndDebtExpense": "None", "netIncomeFromContinuingOperations": "-28961000", "comprehensiveIncomeNetOfTax": "-29400000", "ebit": "42200000", "ebitda": "44300000", "netIncome": "-29000000"}, {"fiscalDateEnding": "2017-09-30", "reportedCurrency": "USD", "grossProfit": "280600000", "totalRevenue": "374217000", "costOfRevenue": "289035000", "costofGoodsAndServicesSold": "93600000", "operatingIncome": "33700000", "sellingGeneralAndAdministrative": "193386000", "researchAndDevelopment": "53500000", "operatingExpenses": "246900000", "investmentIncomeNet": "3900000", "netInterestIncome": "None", "interestIncome": "None", "interestExpense": "None", "nonInterestIncome": "None", "otherNonOperatingIncome": "400000", "depreciation": "11700000", "depreciationAndAmortization": "2000000", "incomeBeforeTax": "38000000", "incomeTaxExpense": "11300000", "interestAndDebtExpense": "None", "netIncomeFromContinuingOperations": "26610000", "comprehensiveIncomeNetOfTax": "26800000", "ebit": "33700000", "ebitda": "35700000", "netIncome": "26700000"}, {"fiscalDateEnding": "2017-06-30", "reportedCurrency": "USD", "grossProfit": "267800000", "totalRevenue": "363469000", "costOfRevenue": "286010000", "costofGoodsAndServicesSold": "95700000", "operatingIncome": "28500000", "sellingGeneralAndAdministrative": "188248000", "researchAndDevelopment": "51200000", "operatingExpenses": "239300000", "investmentIncomeNet": "3200000", "netInterestIncome": "None", "interestIncome": "None", "interestExpense": "None", "nonInterestIncome": "None", "otherNonOperatingIncome": "1200000", "depreciation": "11800000", "depreciationAndAmortization": "2200000", "incomeBeforeTax": "32900000", "incomeTaxExpense": "9900000", "interestAndDebtExpense": "None", "netIncomeFromContinuingOperations": "23033000", "comprehensiveIncomeNetOfTax": "23000000", "ebit": "28500000", "ebitda": "30700000", "netIncome": "23000000"}, {"fiscalDateEnding": "2017-03-31", "reportedCurrency": "USD", "grossProfit": "250000000", "totalRevenue": "340576000", "costOfRevenue": "286271000", "costofGoodsAndServicesSold": "90600000", "operatingIncome": "5400000", "sellingGeneralAndAdministrative": "192977000", "researchAndDevelopment": "51200000", "operatingExpenses": "244600000", "investmentIncomeNet": "2400000", "netInterestIncome": "None", "interestIncome": "None", "interestExpense": "None", "nonInterestIncome": "None", "otherNonOperatingIncome": "300000", "depreciation": "11200000", "depreciationAndAmortization": "2300000", "incomeBeforeTax": "8100000", "incomeTaxExpense": "-2600000", "interestAndDebtExpense": "None", "netIncomeFromContinuingOperations": "10717000", "comprehensiveIncomeNetOfTax": "11000000", "ebit": "5400000", "ebitda": "7700000", "netIncome": "10700000"}, {"fiscalDateEnding": "2016-12-31", "reportedCurrency": "USD", "grossProfit": "271933000", "totalRevenue": "356230000", "costOfRevenue": "275048000", "costofGoodsAndServicesSold": "90854000", "operatingIncome": "45149000", "sellingGeneralAndAdministrative": "180324000", "researchAndDevelopment": "45605000", "operatingExpenses": "226784000", "investmentIncomeNet": "1961000", "netInterestIncome": "None", "interestIncome": "None", "interestExpense": "None", "nonInterestIncome": "None", "otherNonOperatingIncome": "-3651000", "depreciation": "10600000", "depreciationAndAmortization": "3000000", "incomeBeforeTax": "43459000", "incomeTaxExpense": "18280000", "interestAndDebtExpense": "None", "netIncomeFromContinuingOperations": "25166000", "comprehensiveIncomeNetOfTax": "24293000", "ebit": "45149000", "ebitda": "48149000", "netIncome": "25179000"}]}