{"symbol": "FTV", "annualReports": [{"fiscalDateEnding": "2020-12-31", "reportedCurrency": "USD", "grossProfit": "2608500000", "totalRevenue": "4504200000", "costOfRevenue": "4111100000", "costofGoodsAndServicesSold": "2025900000", "operatingIncome": "539400000", "sellingGeneralAndAdministrative": "1748400000", "researchAndDevelopment": "320700000", "operatingExpenses": "2413000000", "investmentIncomeNet": "None", "netInterestIncome": "-148500000", "interestIncome": "970700000", "interestExpense": "148500000", "nonInterestIncome": "4634400000", "otherNonOperatingIncome": "-2400000", "depreciation": "74100000", "depreciationAndAmortization": "310000000", "incomeBeforeTax": "1668800000", "incomeTaxExpense": "55500000", "interestAndDebtExpense": "148500000", "netIncomeFromContinuingOperations": "1452200000", "comprehensiveIncomeNetOfTax": "1664100000", "ebit": "539400000", "ebitda": "2127300000", "netIncome": "1613300000"}, {"fiscalDateEnding": "2019-12-31", "reportedCurrency": "USD", "grossProfit": "2483200000", "totalRevenue": "7208600000", "costOfRevenue": "6208800000", "costofGoodsAndServicesSold": "2080700000", "operatingIncome": "443900000", "sellingGeneralAndAdministrative": "1719000000", "researchAndDevelopment": "320300000", "operatingExpenses": "3049000000", "investmentIncomeNet": "None", "netInterestIncome": "-164200000", "interestIncome": "-21600000", "interestExpense": "142600000", "nonInterestIncome": "7360800000", "otherNonOperatingIncome": "-5400000", "depreciation": "80500000", "depreciationAndAmortization": "293000000", "incomeBeforeTax": "807500000", "incomeTaxExpense": "68600000", "interestAndDebtExpense": "164200000", "netIncomeFromContinuingOperations": "268100000", "comprehensiveIncomeNetOfTax": "769200000", "ebit": "443900000", "ebitda": "1243100000", "netIncome": "738900000"}, {"fiscalDateEnding": "2018-12-31", "reportedCurrency": "USD", "grossProfit": "2186200000", "totalRevenue": "6452700000", "costOfRevenue": "4266500000", "costofGoodsAndServicesSold": "1614200000", "operatingIncome": "645300000", "sellingGeneralAndAdministrative": "1262800000", "researchAndDevelopment": "278100000", "operatingExpenses": "2333900000", "investmentIncomeNet": "None", "netInterestIncome": "-97000000", "interestIncome": "-19800000", "interestExpense": "77200000", "nonInterestIncome": "6452700000", "otherNonOperatingIncome": "-2300000", "depreciation": "69700000", "depreciationAndAmortization": "135000000", "incomeBeforeTax": "2989400000", "incomeTaxExpense": "75600000", "interestAndDebtExpense": "97000000", "netIncomeFromContinuingOperations": "490200000", "comprehensiveIncomeNetOfTax": "2790100000", "ebit": "645300000", "ebitda": "3201600000", "netIncome": "2913800000"}, {"fiscalDateEnding": "2017-12-31", "reportedCurrency": "USD", "grossProfit": "2921400000", "totalRevenue": "5756100000", "costOfRevenue": "2834700000", "costofGoodsAndServicesSold": "2834700000", "operatingIncome": "1143000000", "sellingGeneralAndAdministrative": "1409100000", "researchAndDevelopment": "369300000", "operatingExpenses": "2065600000", "investmentIncomeNet": "None", "netInterestIncome": "-88700000", "interestIncome": "-88700000", "interestExpense": "88700000", "nonInterestIncome": "5756100000", "otherNonOperatingIncome": "4000000", "depreciation": "93300000", "depreciationAndAmortization": "65000000", "incomeBeforeTax": "1233800000", "incomeTaxExpense": "189300000", "interestAndDebtExpense": "88700000", "netIncomeFromContinuingOperations": "884300000", "comprehensiveIncomeNetOfTax": "1182700000", "ebit": "1143000000", "ebitda": "1387500000", "netIncome": "1044500000"}, {"fiscalDateEnding": "2016-12-31", "reportedCurrency": "USD", "grossProfit": "2685500000", "totalRevenue": "5378200000", "costOfRevenue": "2692700000", "costofGoodsAndServicesSold": "2692700000", "operatingIncome": "1061700000", "sellingGeneralAndAdministrative": "1272800000", "researchAndDevelopment": "351000000", "operatingExpenses": "1925900000", "investmentIncomeNet": "None", "netInterestIncome": "-49000000", "interestIncome": "-2600000", "interestExpense": "46400000", "nonInterestIncome": "5378200000", "otherNonOperatingIncome": "-4800000", "depreciation": "75600000", "depreciationAndAmortization": "86000000", "incomeBeforeTax": "1142600000", "incomeTaxExpense": "270300000", "interestAndDebtExpense": "49000000", "netIncomeFromContinuingOperations": "740200000", "comprehensiveIncomeNetOfTax": "740900000", "ebit": "1061700000", "ebitda": "1275000000", "netIncome": "872300000"}], "quarterlyReports": [{"fiscalDateEnding": "2021-09-30", "reportedCurrency": "USD", "grossProfit": "744200000", "totalRevenue": "1274400000", "costOfRevenue": "1010900000", "costofGoodsAndServicesSold": "555300000", "operatingIncome": "200800000", "sellingGeneralAndAdministrative": "455600000", "researchAndDevelopment": "87800000", "operatingExpenses": "543400000", "investmentIncomeNet": "None", "netInterestIncome": "-25100000", "interestIncome": "-25100000", "interestExpense": "25100000", "nonInterestIncome": "1299500000", "otherNonOperatingIncome": "-1600000", "depreciation": "18400000", "depreciationAndAmortization": "98800000", "incomeBeforeTax": "173800000", "incomeTaxExpense": "23000000", "interestAndDebtExpense": "25100000", "netIncomeFromContinuingOperations": "151100000", "comprehensiveIncomeNetOfTax": "116000000", "ebit": "200800000", "ebitda": "272600000", "netIncome": "150800000"}, {"fiscalDateEnding": "2021-06-30", "reportedCurrency": "USD", "grossProfit": "755500000", "totalRevenue": "1294500000", "costOfRevenue": "1020600000", "costofGoodsAndServicesSold": "564200000", "operatingIncome": "211300000", "sellingGeneralAndAdministrative": "456400000", "researchAndDevelopment": "87800000", "operatingExpenses": "518200000", "investmentIncomeNet": "None", "netInterestIncome": "-25200000", "interestIncome": "-25200000", "interestExpense": "25200000", "nonInterestIncome": "1319700000", "otherNonOperatingIncome": "-4600000", "depreciation": "18200000", "depreciationAndAmortization": "95700000", "incomeBeforeTax": "206400000", "incomeTaxExpense": "25500000", "interestAndDebtExpense": "25200000", "netIncomeFromContinuingOperations": "182000000", "comprehensiveIncomeNetOfTax": "198400000", "ebit": "211300000", "ebitda": "302100000", "netIncome": "180900000"}, {"fiscalDateEnding": "2021-03-31", "reportedCurrency": "USD", "grossProfit": "711900000", "totalRevenue": "1126600000", "costOfRevenue": "975400000", "costofGoodsAndServicesSold": "547300000", "operatingIncome": "197600000", "sellingGeneralAndAdministrative": "428100000", "researchAndDevelopment": "86200000", "operatingExpenses": "514300000", "investmentIncomeNet": "None", "netInterestIncome": "-27700000", "interestIncome": "-27700000", "interestExpense": "27700000", "nonInterestIncome": "1154300000", "otherNonOperatingIncome": "-3300000", "depreciation": "19500000", "depreciationAndAmortization": "97000000", "incomeBeforeTax": "117200000", "incomeTaxExpense": "7000000", "interestAndDebtExpense": "132600000", "netIncomeFromContinuingOperations": "111700000", "comprehensiveIncomeNetOfTax": "76500000", "ebit": "197600000", "ebitda": "241900000", "netIncome": "110200000"}, {"fiscalDateEnding": "2020-12-31", "reportedCurrency": "USD", "grossProfit": "762100000", "totalRevenue": "1324900000", "costOfRevenue": "-123800000", "costofGoodsAndServicesSold": "-487600000", "operatingIncome": "183900000", "sellingGeneralAndAdministrative": "112300000", "researchAndDevelopment": "-10300000", "operatingExpenses": "365900000", "investmentIncomeNet": "None", "netInterestIncome": "-17800000", "interestIncome": "19000000", "interestExpense": "17800000", "nonInterestIncome": "1324900000", "otherNonOperatingIncome": "-1700000", "depreciation": "-24000000", "depreciationAndAmortization": "31400000", "incomeBeforeTax": "1179800000", "incomeTaxExpense": "-35800000", "interestAndDebtExpense": "17800000", "netIncomeFromContinuingOperations": "1053800000", "comprehensiveIncomeNetOfTax": "1215600000", "ebit": "183900000", "ebitda": "1229000000", "netIncome": "1215600000"}, {"fiscalDateEnding": "2020-09-30", "reportedCurrency": "USD", "grossProfit": "651600000", "totalRevenue": "1858400000", "costOfRevenue": "1481200000", "costofGoodsAndServicesSold": "508200000", "operatingIncome": "137600000", "sellingGeneralAndAdministrative": "434800000", "researchAndDevelopment": "79200000", "operatingExpenses": "673000000", "investmentIncomeNet": "None", "netInterestIncome": "-43900000", "interestIncome": "-7000000", "interestExpense": "36900000", "nonInterestIncome": "1902300000", "otherNonOperatingIncome": "-1400000", "depreciation": "31500000", "depreciationAndAmortization": "115900000", "incomeBeforeTax": "265100000", "incomeTaxExpense": "13300000", "interestAndDebtExpense": "43900000", "netIncomeFromContinuingOperations": "86000000", "comprehensiveIncomeNetOfTax": "290700000", "ebit": "137500000", "ebitda": "424900000", "netIncome": "225800000"}, {"fiscalDateEnding": "2020-06-30", "reportedCurrency": "USD", "grossProfit": "582800000", "totalRevenue": "1528000000", "costOfRevenue": "1273500000", "costofGoodsAndServicesSold": "458800000", "operatingIncome": "102600000", "sellingGeneralAndAdministrative": "402800000", "researchAndDevelopment": "77400000", "operatingExpenses": "623200000", "investmentIncomeNet": "None", "netInterestIncome": "-43200000", "interestIncome": "-7000000", "interestExpense": "36200000", "nonInterestIncome": "1571200000", "otherNonOperatingIncome": "5600000", "depreciation": "46400000", "depreciationAndAmortization": "119100000", "incomeBeforeTax": "152900000", "incomeTaxExpense": "12200000", "interestAndDebtExpense": "43200000", "netIncomeFromContinuingOperations": "59800000", "comprehensiveIncomeNetOfTax": "167000000", "ebit": "102600000", "ebitda": "315200000", "netIncome": "130000000"}, {"fiscalDateEnding": "2020-03-31", "reportedCurrency": "USD", "grossProfit": "612000000", "totalRevenue": "1669900000", "costOfRevenue": "1480200000", "costofGoodsAndServicesSold": "496100000", "operatingIncome": "115400000", "sellingGeneralAndAdministrative": "415800000", "researchAndDevelopment": "80800000", "operatingExpenses": "756200000", "investmentIncomeNet": "None", "netInterestIncome": "-43600000", "interestIncome": "-5000000", "interestExpense": "38600000", "nonInterestIncome": "1713500000", "otherNonOperatingIncome": "-4500000", "depreciation": "20200000", "depreciationAndAmortization": "117600000", "incomeBeforeTax": "59400000", "incomeTaxExpense": "17500000", "interestAndDebtExpense": "43600000", "netIncomeFromContinuingOperations": "54800000", "comprehensiveIncomeNetOfTax": "-95400000", "ebit": "115400000", "ebitda": "188600000", "netIncome": "41900000"}, {"fiscalDateEnding": "2019-12-31", "reportedCurrency": "USD", "grossProfit": "707100000", "totalRevenue": "2002400000", "costOfRevenue": "1945600000", "costofGoodsAndServicesSold": "-592500000", "operatingIncome": "139900000", "sellingGeneralAndAdministrative": "129000000", "researchAndDevelopment": "-25200000", "operatingExpenses": "1154700000", "investmentIncomeNet": "None", "netInterestIncome": "-47500000", "interestIncome": "-21600000", "interestExpense": "25900000", "nonInterestIncome": "2002400000", "otherNonOperatingIncome": "-3800000", "depreciation": "-17200000", "depreciationAndAmortization": "117100000", "incomeBeforeTax": "176200000", "incomeTaxExpense": "-16600000", "interestAndDebtExpense": "47500000", "netIncomeFromContinuingOperations": "-278500000", "comprehensiveIncomeNetOfTax": "192800000", "ebit": "139900000", "ebitda": "373800000", "netIncome": "192800000"}, {"fiscalDateEnding": "2019-09-30", "reportedCurrency": "USD", "grossProfit": "618700000", "totalRevenue": "1854200000", "costOfRevenue": "1498800000", "costofGoodsAndServicesSold": "932300000", "operatingIncome": "96400000", "sellingGeneralAndAdministrative": "566500000", "researchAndDevelopment": "119100000", "operatingExpenses": "644400000", "investmentIncomeNet": "None", "netInterestIncome": "-47000000", "interestIncome": "-47000000", "interestExpense": "47000000", "nonInterestIncome": "1901200000", "otherNonOperatingIncome": "-1200000", "depreciation": "35000000", "depreciationAndAmortization": "116800000", "incomeBeforeTax": "234900000", "incomeTaxExpense": "27800000", "interestAndDebtExpense": "47000000", "netIncomeFromContinuingOperations": "207300000", "comprehensiveIncomeNetOfTax": "155100000", "ebit": "96400000", "ebitda": "351700000", "netIncome": "207100000"}, {"fiscalDateEnding": "2019-06-30", "reportedCurrency": "USD", "grossProfit": "605800000", "totalRevenue": "1820300000", "costOfRevenue": "1497800000", "costofGoodsAndServicesSold": "960700000", "operatingIncome": "95600000", "sellingGeneralAndAdministrative": "537100000", "researchAndDevelopment": "117400000", "operatingExpenses": "654500000", "investmentIncomeNet": "None", "netInterestIncome": "-44400000", "interestIncome": "-44400000", "interestExpense": "44400000", "nonInterestIncome": "1864700000", "otherNonOperatingIncome": "-800000", "depreciation": "33000000", "depreciationAndAmortization": "110400000", "incomeBeforeTax": "203600000", "incomeTaxExpense": "29000000", "interestAndDebtExpense": "44400000", "netIncomeFromContinuingOperations": "175300000", "comprehensiveIncomeNetOfTax": "176400000", "ebit": "95600000", "ebitda": "314000000", "netIncome": "174600000"}, {"fiscalDateEnding": "2019-03-31", "reportedCurrency": "USD", "grossProfit": "551600000", "totalRevenue": "1567600000", "costOfRevenue": "1266600000", "costofGoodsAndServicesSold": "780200000", "operatingIncome": "112000000", "sellingGeneralAndAdministrative": "486400000", "researchAndDevelopment": "109000000", "operatingExpenses": "595400000", "investmentIncomeNet": "None", "netInterestIncome": "-25300000", "interestIncome": "None", "interestExpense": "25300000", "nonInterestIncome": "1592900000", "otherNonOperatingIncome": "400000", "depreciation": "29700000", "depreciationAndAmortization": "81900000", "incomeBeforeTax": "192800000", "incomeTaxExpense": "28400000", "interestAndDebtExpense": "25300000", "netIncomeFromContinuingOperations": "164000000", "comprehensiveIncomeNetOfTax": "181600000", "ebit": "112000000", "ebitda": "274700000", "netIncome": "164400000"}, {"fiscalDateEnding": "2018-12-31", "reportedCurrency": "USD", "grossProfit": "898300000", "totalRevenue": "1015900000", "costOfRevenue": "117600000", "costofGoodsAndServicesSold": "-658000000", "operatingIncome": "294500000", "sellingGeneralAndAdministrative": "29200000", "researchAndDevelopment": "-27400000", "operatingExpenses": "571200000", "investmentIncomeNet": "None", "netInterestIncome": "-22700000", "interestIncome": "-15800000", "interestExpense": "6900000", "nonInterestIncome": "1757500000", "otherNonOperatingIncome": "300000", "depreciation": "-21500000", "depreciationAndAmortization": "76000000", "incomeBeforeTax": "2055100000", "incomeTaxExpense": "-57200000", "interestAndDebtExpense": "22700000", "netIncomeFromContinuingOperations": "-188000000", "comprehensiveIncomeNetOfTax": "2112300000", "ebit": "294500000", "ebitda": "2211400000", "netIncome": "2112300000"}, {"fiscalDateEnding": "2018-09-30", "reportedCurrency": "USD", "grossProfit": "825900000", "totalRevenue": "1840100000", "costOfRevenue": "1014200000", "costofGoodsAndServicesSold": "775300000", "operatingIncome": "281600000", "sellingGeneralAndAdministrative": "440600000", "researchAndDevelopment": "103700000", "operatingExpenses": "658900000", "investmentIncomeNet": "None", "netInterestIncome": "-24400000", "interestIncome": "-1300000", "interestExpense": "23100000", "nonInterestIncome": "1601200000", "otherNonOperatingIncome": "-800000", "depreciation": "30100000", "depreciationAndAmortization": "74700000", "incomeBeforeTax": "289000000", "incomeTaxExpense": "43700000", "interestAndDebtExpense": "24400000", "netIncomeFromContinuingOperations": "214000000", "comprehensiveIncomeNetOfTax": "222100000", "ebit": "281600000", "ebitda": "388100000", "netIncome": "245300000"}, {"fiscalDateEnding": "2018-06-30", "reportedCurrency": "USD", "grossProfit": "830800000", "totalRevenue": "1856000000", "costOfRevenue": "1025200000", "costofGoodsAndServicesSold": "771000000", "operatingIncome": "324400000", "sellingGeneralAndAdministrative": "404500000", "researchAndDevelopment": "101900000", "operatingExpenses": "556500000", "investmentIncomeNet": "None", "netInterestIncome": "-25300000", "interestIncome": "-1400000", "interestExpense": "23900000", "nonInterestIncome": "1601800000", "otherNonOperatingIncome": "-1100000", "depreciation": "30100000", "depreciationAndAmortization": "54200000", "incomeBeforeTax": "344200000", "incomeTaxExpense": "49200000", "interestAndDebtExpense": "25300000", "netIncomeFromContinuingOperations": "250200000", "comprehensiveIncomeNetOfTax": "195900000", "ebit": "324400000", "ebitda": "423700000", "netIncome": "295000000"}, {"fiscalDateEnding": "2018-03-31", "reportedCurrency": "USD", "grossProfit": "766300000", "totalRevenue": "1740700000", "costOfRevenue": "974400000", "costofGoodsAndServicesSold": "725900000", "operatingIncome": "277900000", "sellingGeneralAndAdministrative": "388500000", "researchAndDevelopment": "99900000", "operatingExpenses": "532600000", "investmentIncomeNet": "None", "netInterestIncome": "-24600000", "interestIncome": "-1300000", "interestExpense": "23300000", "nonInterestIncome": "1492200000", "otherNonOperatingIncome": "-700000", "depreciation": "31000000", "depreciationAndAmortization": "55900000", "incomeBeforeTax": "301100000", "incomeTaxExpense": "39900000", "interestAndDebtExpense": "24600000", "netIncomeFromContinuingOperations": "214000000", "comprehensiveIncomeNetOfTax": "298300000", "ebit": "277900000", "ebitda": "381600000", "netIncome": "261200000"}, {"fiscalDateEnding": "2017-12-31", "reportedCurrency": "USD", "grossProfit": "813600000", "totalRevenue": "906800000", "costOfRevenue": "93200000", "costofGoodsAndServicesSold": "373900000", "operatingIncome": "305000000", "sellingGeneralAndAdministrative": "319300000", "researchAndDevelopment": "72000000", "operatingExpenses": "676200000", "investmentIncomeNet": "None", "netInterestIncome": "-20500000", "interestIncome": "None", "interestExpense": "20500000", "nonInterestIncome": "1577900000", "otherNonOperatingIncome": "6300000", "depreciation": "20900000", "depreciationAndAmortization": "60400000", "incomeBeforeTax": "287600000", "incomeTaxExpense": "-49300000", "interestAndDebtExpense": "20500000", "netIncomeFromContinuingOperations": "176700000", "comprehensiveIncomeNetOfTax": "336900000", "ebit": "305000000", "ebitda": "416200000", "netIncome": "336900000"}, {"fiscalDateEnding": "2017-09-30", "reportedCurrency": "USD", "grossProfit": "744800000", "totalRevenue": "1685300000", "costOfRevenue": "940500000", "costofGoodsAndServicesSold": "845900000", "operatingIncome": "301400000", "sellingGeneralAndAdministrative": "380700000", "researchAndDevelopment": "102000000", "operatingExpenses": "483500000", "investmentIncomeNet": "None", "netInterestIncome": "-22900000", "interestIncome": "None", "interestExpense": "22900000", "nonInterestIncome": "1460600000", "otherNonOperatingIncome": "-800000", "depreciation": "25200000", "depreciationAndAmortization": "39900000", "incomeBeforeTax": "348300000", "incomeTaxExpense": "80500000", "interestAndDebtExpense": "22900000", "netIncomeFromContinuingOperations": "267800000", "comprehensiveIncomeNetOfTax": "306800000", "ebit": "301400000", "ebitda": "411100000", "netIncome": "267800000"}, {"fiscalDateEnding": "2017-06-30", "reportedCurrency": "USD", "grossProfit": "708800000", "totalRevenue": "1628800000", "costOfRevenue": "920000000", "costofGoodsAndServicesSold": "823700000", "operatingIncome": "292900000", "sellingGeneralAndAdministrative": "356900000", "researchAndDevelopment": "99100000", "operatingExpenses": "456800000", "investmentIncomeNet": "None", "netInterestIncome": "-22700000", "interestIncome": "None", "interestExpense": "22700000", "nonInterestIncome": "1399500000", "otherNonOperatingIncome": "-800000", "depreciation": "23800000", "depreciationAndAmortization": "37100000", "incomeBeforeTax": "325600000", "incomeTaxExpense": "85500000", "interestAndDebtExpense": "22700000", "netIncomeFromContinuingOperations": "240100000", "comprehensiveIncomeNetOfTax": "286200000", "ebit": "292900000", "ebitda": "385400000", "netIncome": "240100000"}, {"fiscalDateEnding": "2017-03-31", "reportedCurrency": "USD", "grossProfit": "654200000", "totalRevenue": "1535200000", "costOfRevenue": "881000000", "costofGoodsAndServicesSold": "791200000", "operatingIncome": "243700000", "sellingGeneralAndAdministrative": "352200000", "researchAndDevelopment": "96200000", "operatingExpenses": "449100000", "investmentIncomeNet": "None", "netInterestIncome": "-22600000", "interestIncome": "None", "interestExpense": "22600000", "nonInterestIncome": "1318100000", "otherNonOperatingIncome": "-700000", "depreciation": "23400000", "depreciationAndAmortization": "36700000", "incomeBeforeTax": "272300000", "incomeTaxExpense": "72600000", "interestAndDebtExpense": "22600000", "netIncomeFromContinuingOperations": "199700000", "comprehensiveIncomeNetOfTax": "244100000", "ebit": "243700000", "ebitda": "331600000", "netIncome": "199700000"}, {"fiscalDateEnding": "2016-12-31", "reportedCurrency": "USD", "grossProfit": "796600000", "totalRevenue": "807100000", "costOfRevenue": "1294800000", "costofGoodsAndServicesSold": "331700000", "operatingIncome": "337700000", "sellingGeneralAndAdministrative": "230500000", "researchAndDevelopment": "65400000", "operatingExpenses": "594500000", "investmentIncomeNet": "None", "netInterestIncome": "-22900000", "interestIncome": "-2600000", "interestExpense": "20300000", "nonInterestIncome": "None", "otherNonOperatingIncome": "None", "depreciation": "8900000", "depreciationAndAmortization": "42500000", "incomeBeforeTax": "260400000", "incomeTaxExpense": "35900000", "interestAndDebtExpense": "22900000", "netIncomeFromContinuingOperations": "92400000", "comprehensiveIncomeNetOfTax": "224500000", "ebit": "337700000", "ebitda": "380200000", "netIncome": "224500000"}]}