{"symbol": "GD", "annualReports": [{"fiscalDateEnding": "2020-12-31", "reportedCurrency": "USD", "grossProfit": "34855000000", "totalRevenue": "37925000000", "costOfRevenue": "3070000000", "costofGoodsAndServicesSold": "31600000000", "operatingIncome": "4133000000", "sellingGeneralAndAdministrative": "2192000000", "researchAndDevelopment": "None", "operatingExpenses": "3070000000", "investmentIncomeNet": "12000000", "netInterestIncome": "-477000000", "interestIncome": "12000000", "interestExpense": "489000000", "nonInterestIncome": "37925000000", "otherNonOperatingIncome": "82000000", "depreciation": "523000000", "depreciationAndAmortization": "878000000", "incomeBeforeTax": "3738000000", "incomeTaxExpense": "571000000", "interestAndDebtExpense": "489000000", "netIncomeFromContinuingOperations": "3167000000", "comprehensiveIncomeNetOfTax": "3435000000", "ebit": "4227000000", "ebitda": "5105000000", "netIncome": "3167000000"}, {"fiscalDateEnding": "2019-12-31", "reportedCurrency": "USD", "grossProfit": "3819000000", "totalRevenue": "39350000000", "costOfRevenue": "35531000000", "costofGoodsAndServicesSold": "32291000000", "operatingIncome": "4570000000", "sellingGeneralAndAdministrative": "2411000000", "researchAndDevelopment": "None", "operatingExpenses": "3240000000", "investmentIncomeNet": "12000000", "netInterestIncome": "-460000000", "interestIncome": "12000000", "interestExpense": "472000000", "nonInterestIncome": "39350000000", "otherNonOperatingIncome": "92000000", "depreciation": "466000000", "depreciationAndAmortization": "829000000", "incomeBeforeTax": "4202000000", "incomeTaxExpense": "718000000", "interestAndDebtExpense": "472000000", "netIncomeFromContinuingOperations": "3484000000", "comprehensiveIncomeNetOfTax": "3066000000", "ebit": "4674000000", "ebitda": "5503000000", "netIncome": "3484000000"}, {"fiscalDateEnding": "2018-12-31", "reportedCurrency": "USD", "grossProfit": "3694000000", "totalRevenue": "36193000000", "costOfRevenue": "32499000000", "costofGoodsAndServicesSold": "29478000000", "operatingIncome": "4394000000", "sellingGeneralAndAdministrative": "2258000000", "researchAndDevelopment": "None", "operatingExpenses": "3021000000", "investmentIncomeNet": "18000000", "netInterestIncome": "-356000000", "interestIncome": "18000000", "interestExpense": "374000000", "nonInterestIncome": "36193000000", "otherNonOperatingIncome": "47000000", "depreciation": "436000000", "depreciationAndAmortization": "763000000", "incomeBeforeTax": "4072000000", "incomeTaxExpense": "727000000", "interestAndDebtExpense": "374000000", "netIncomeFromContinuingOperations": "3358000000", "comprehensiveIncomeNetOfTax": "3037000000", "ebit": "4446000000", "ebitda": "5209000000", "netIncome": "3345000000"}, {"fiscalDateEnding": "2017-12-31", "reportedCurrency": "USD", "grossProfit": "3736000000", "totalRevenue": "30973000000", "costOfRevenue": "27237000000", "costofGoodsAndServicesSold": "24731000000", "operatingIncome": "4236000000", "sellingGeneralAndAdministrative": "2010000000", "researchAndDevelopment": "521000000", "operatingExpenses": "2451000000", "investmentIncomeNet": "14000000", "netInterestIncome": "-103000000", "interestIncome": "14000000", "interestExpense": "117000000", "nonInterestIncome": "21845000000", "otherNonOperatingIncome": "-56000000", "depreciation": "362000000", "depreciationAndAmortization": "441000000", "incomeBeforeTax": "4077000000", "incomeTaxExpense": "1165000000", "interestAndDebtExpense": "117000000", "netIncomeFromContinuingOperations": "2912000000", "comprehensiveIncomeNetOfTax": "3479000000", "ebit": "4194000000", "ebitda": "4635000000", "netIncome": "2912000000"}, {"fiscalDateEnding": "2016-12-31", "reportedCurrency": "USD", "grossProfit": "3855000000", "totalRevenue": "30561000000", "costOfRevenue": "27498000000", "costofGoodsAndServicesSold": "24896000000", "operatingIncome": "3744000000", "sellingGeneralAndAdministrative": "1940000000", "researchAndDevelopment": "418000000", "operatingExpenses": "2394000000", "investmentIncomeNet": "8000000", "netInterestIncome": "-91000000", "interestIncome": "8000000", "interestExpense": "99000000", "nonInterestIncome": "25543000000", "otherNonOperatingIncome": "3000000", "depreciation": "365000000", "depreciationAndAmortization": "453000000", "incomeBeforeTax": "3549000000", "incomeTaxExpense": "977000000", "interestAndDebtExpense": "99000000", "netIncomeFromContinuingOperations": "2679000000", "comprehensiveIncomeNetOfTax": "2468000000", "ebit": "3648000000", "ebitda": "4101000000", "netIncome": "2572000000"}], "quarterlyReports": [{"fiscalDateEnding": "2021-09-30", "reportedCurrency": "USD", "grossProfit": "8860000000", "totalRevenue": "9469000000", "costOfRevenue": "609000000", "costofGoodsAndServicesSold": "7938000000", "operatingIncome": "1080000000", "sellingGeneralAndAdministrative": "550000000", "researchAndDevelopment": "None", "operatingExpenses": "609000000", "investmentIncomeNet": "None", "netInterestIncome": "-99000000", "interestIncome": "-99000000", "interestExpense": "99000000", "nonInterestIncome": "9568000000", "otherNonOperatingIncome": "34000000", "depreciation": "128000000", "depreciationAndAmortization": "59000000", "incomeBeforeTax": "1015000000", "incomeTaxExpense": "155000000", "interestAndDebtExpense": "None", "netIncomeFromContinuingOperations": "860000000", "comprehensiveIncomeNetOfTax": "786000000", "ebit": "1080000000", "ebitda": "1139000000", "netIncome": "860000000"}, {"fiscalDateEnding": "2021-06-30", "reportedCurrency": "USD", "grossProfit": "8499000000", "totalRevenue": "9111000000", "costOfRevenue": "612000000", "costofGoodsAndServicesSold": "7705000000", "operatingIncome": "959000000", "sellingGeneralAndAdministrative": "556000000", "researchAndDevelopment": "None", "operatingExpenses": "612000000", "investmentIncomeNet": "None", "netInterestIncome": "-109000000", "interestIncome": "-109000000", "interestExpense": "109000000", "nonInterestIncome": "9220000000", "otherNonOperatingIncome": "31000000", "depreciation": "144000000", "depreciationAndAmortization": "56000000", "incomeBeforeTax": "881000000", "incomeTaxExpense": "144000000", "interestAndDebtExpense": "None", "netIncomeFromContinuingOperations": "737000000", "comprehensiveIncomeNetOfTax": "868000000", "ebit": "959000000", "ebitda": "1015000000", "netIncome": "737000000"}, {"fiscalDateEnding": "2021-03-31", "reportedCurrency": "USD", "grossProfit": "8652000000", "totalRevenue": "9266000000", "costOfRevenue": "614000000", "costofGoodsAndServicesSold": "7892000000", "operatingIncome": "938000000", "sellingGeneralAndAdministrative": "559000000", "researchAndDevelopment": "None", "operatingExpenses": "614000000", "investmentIncomeNet": "None", "netInterestIncome": "-123000000", "interestIncome": "-123000000", "interestExpense": "123000000", "nonInterestIncome": "9389000000", "otherNonOperatingIncome": "30000000", "depreciation": "136000000", "depreciationAndAmortization": "55000000", "incomeBeforeTax": "845000000", "incomeTaxExpense": "137000000", "interestAndDebtExpense": "None", "netIncomeFromContinuingOperations": "708000000", "comprehensiveIncomeNetOfTax": "680000000", "ebit": "938000000", "ebitda": "993000000", "netIncome": "708000000"}, {"fiscalDateEnding": "2020-12-31", "reportedCurrency": "USD", "grossProfit": "9573000000", "totalRevenue": "10838000000", "costOfRevenue": "1265000000", "costofGoodsAndServicesSold": "8631000000", "operatingIncome": "1267000000", "sellingGeneralAndAdministrative": "583000000", "researchAndDevelopment": "None", "operatingExpenses": "1265000000", "investmentIncomeNet": "None", "netInterestIncome": "-120000000", "interestIncome": "-120000000", "interestExpense": "132000000", "nonInterestIncome": "10481000000", "otherNonOperatingIncome": "12000000", "depreciation": "147000000", "depreciationAndAmortization": "682000000", "incomeBeforeTax": "1185000000", "incomeTaxExpense": "183000000", "interestAndDebtExpense": "None", "netIncomeFromContinuingOperations": "1002000000", "comprehensiveIncomeNetOfTax": "906000000", "ebit": "1267000000", "ebitda": "1949000000", "netIncome": "1002000000"}, {"fiscalDateEnding": "2020-09-30", "reportedCurrency": "USD", "grossProfit": "8737000000", "totalRevenue": "9313000000", "costOfRevenue": "576000000", "costofGoodsAndServicesSold": "7836000000", "operatingIncome": "1072000000", "sellingGeneralAndAdministrative": "511000000", "researchAndDevelopment": "None", "operatingExpenses": "576000000", "investmentIncomeNet": "None", "netInterestIncome": "-118000000", "interestIncome": "-118000000", "interestExpense": "118000000", "nonInterestIncome": "9431000000", "otherNonOperatingIncome": "24000000", "depreciation": "122000000", "depreciationAndAmortization": "65000000", "incomeBeforeTax": "978000000", "incomeTaxExpense": "144000000", "interestAndDebtExpense": "None", "netIncomeFromContinuingOperations": "834000000", "comprehensiveIncomeNetOfTax": "1114000000", "ebit": "1084000000", "ebitda": "1149000000", "netIncome": "834000000"}, {"fiscalDateEnding": "2020-06-30", "reportedCurrency": "USD", "grossProfit": "8493000000", "totalRevenue": "9132000000", "costOfRevenue": "639000000", "costofGoodsAndServicesSold": "7849000000", "operatingIncome": "834000000", "sellingGeneralAndAdministrative": "574000000", "researchAndDevelopment": "None", "operatingExpenses": "639000000", "investmentIncomeNet": "None", "netInterestIncome": "-132000000", "interestIncome": "-132000000", "interestExpense": "132000000", "nonInterestIncome": "9264000000", "otherNonOperatingIncome": "25000000", "depreciation": "132000000", "depreciationAndAmortization": "65000000", "incomeBeforeTax": "727000000", "incomeTaxExpense": "102000000", "interestAndDebtExpense": "None", "netIncomeFromContinuingOperations": "625000000", "comprehensiveIncomeNetOfTax": "976000000", "ebit": "841000000", "ebitda": "906000000", "netIncome": "625000000"}, {"fiscalDateEnding": "2020-03-31", "reportedCurrency": "USD", "grossProfit": "8029000000", "totalRevenue": "8642000000", "costOfRevenue": "613000000", "costofGoodsAndServicesSold": "7261000000", "operatingIncome": "934000000", "sellingGeneralAndAdministrative": "547000000", "researchAndDevelopment": "None", "operatingExpenses": "613000000", "investmentIncomeNet": "None", "netInterestIncome": "-107000000", "interestIncome": "-107000000", "interestExpense": "107000000", "nonInterestIncome": "8749000000", "otherNonOperatingIncome": "21000000", "depreciation": "122000000", "depreciationAndAmortization": "66000000", "incomeBeforeTax": "848000000", "incomeTaxExpense": "142000000", "interestAndDebtExpense": "None", "netIncomeFromContinuingOperations": "706000000", "comprehensiveIncomeNetOfTax": "462000000", "ebit": "934000000", "ebitda": "1000000000", "netIncome": "706000000"}, {"fiscalDateEnding": "2019-12-31", "reportedCurrency": "USD", "grossProfit": "1111000000", "totalRevenue": "11112000000", "costOfRevenue": "10001000000", "costofGoodsAndServicesSold": "8816000000", "operatingIncome": "1250000000", "sellingGeneralAndAdministrative": "629000000", "researchAndDevelopment": "None", "operatingExpenses": "1185000000", "investmentIncomeNet": "None", "netInterestIncome": "-110000000", "interestIncome": "343000000", "interestExpense": "453000000", "nonInterestIncome": "10773000000", "otherNonOperatingIncome": "16000000", "depreciation": "114000000", "depreciationAndAmortization": "556000000", "incomeBeforeTax": "1214000000", "incomeTaxExpense": "194000000", "interestAndDebtExpense": "453000000", "netIncomeFromContinuingOperations": "1020000000", "comprehensiveIncomeNetOfTax": "355000000", "ebit": "1250000000", "ebitda": "2223000000", "netIncome": "1020000000"}, {"fiscalDateEnding": "2019-09-30", "reportedCurrency": "USD", "grossProfit": "1015000000", "totalRevenue": "9650000000", "costOfRevenue": "8635000000", "costofGoodsAndServicesSold": "7973000000", "operatingIncome": "1216000000", "sellingGeneralAndAdministrative": "572000000", "researchAndDevelopment": "None", "operatingExpenses": "662000000", "investmentIncomeNet": "None", "netInterestIncome": "-114000000", "interestIncome": "-107000000", "interestExpense": "7000000", "nonInterestIncome": "9761000000", "otherNonOperatingIncome": "20000000", "depreciation": "120000000", "depreciationAndAmortization": "90000000", "incomeBeforeTax": "1090000000", "incomeTaxExpense": "177000000", "interestAndDebtExpense": "7000000", "netIncomeFromContinuingOperations": "913000000", "comprehensiveIncomeNetOfTax": "858000000", "ebit": "1216000000", "ebitda": "1187000000", "netIncome": "913000000"}, {"fiscalDateEnding": "2019-06-30", "reportedCurrency": "USD", "grossProfit": "883000000", "totalRevenue": "9440000000", "costOfRevenue": "8557000000", "costofGoodsAndServicesSold": "7869000000", "operatingIncome": "1090000000", "sellingGeneralAndAdministrative": "596000000", "researchAndDevelopment": "None", "operatingExpenses": "688000000", "investmentIncomeNet": "None", "netInterestIncome": "-119000000", "interestIncome": "-112000000", "interestExpense": "7000000", "nonInterestIncome": "9555000000", "otherNonOperatingIncome": "25000000", "depreciation": "118000000", "depreciationAndAmortization": "92000000", "incomeBeforeTax": "983000000", "incomeTaxExpense": "177000000", "interestAndDebtExpense": "7000000", "netIncomeFromContinuingOperations": "806000000", "comprehensiveIncomeNetOfTax": "1013000000", "ebit": "1090000000", "ebitda": "1082000000", "netIncome": "806000000"}, {"fiscalDateEnding": "2019-03-31", "reportedCurrency": "USD", "grossProfit": "827000000", "totalRevenue": "9144000000", "costOfRevenue": "8317000000", "costofGoodsAndServicesSold": "7633000000", "operatingIncome": "1014000000", "sellingGeneralAndAdministrative": "614000000", "researchAndDevelopment": "None", "operatingExpenses": "684000000", "investmentIncomeNet": "None", "netInterestIncome": "-117000000", "interestIncome": "-112000000", "interestExpense": "5000000", "nonInterestIncome": "9261000000", "otherNonOperatingIncome": "31000000", "depreciation": "114000000", "depreciationAndAmortization": "70000000", "incomeBeforeTax": "915000000", "incomeTaxExpense": "170000000", "interestAndDebtExpense": "5000000", "netIncomeFromContinuingOperations": "745000000", "comprehensiveIncomeNetOfTax": "840000000", "ebit": "1014000000", "ebitda": "990000000", "netIncome": "745000000"}, {"fiscalDateEnding": "2018-12-31", "reportedCurrency": "USD", "grossProfit": "1249000000", "totalRevenue": "10622000000", "costOfRevenue": "9373000000", "costofGoodsAndServicesSold": "8595000000", "operatingIncome": "1163000000", "sellingGeneralAndAdministrative": "557000000", "researchAndDevelopment": "146000000", "operatingExpenses": "778000000", "investmentIncomeNet": "None", "netInterestIncome": "-112000000", "interestIncome": "None", "interestExpense": "130000000", "nonInterestIncome": "10378000000", "otherNonOperatingIncome": "81000000", "depreciation": "121000000", "depreciationAndAmortization": "221000000", "incomeBeforeTax": "1132000000", "incomeTaxExpense": "223000000", "interestAndDebtExpense": "None", "netIncomeFromContinuingOperations": "909000000", "comprehensiveIncomeNetOfTax": "504000000", "ebit": "1163000000", "ebitda": "1384000000", "netIncome": "909000000"}, {"fiscalDateEnding": "2018-09-30", "reportedCurrency": "USD", "grossProfit": "935000000", "totalRevenue": "8980000000", "costOfRevenue": "8045000000", "costofGoodsAndServicesSold": "7407000000", "operatingIncome": "1135000000", "sellingGeneralAndAdministrative": "552000000", "researchAndDevelopment": "126000000", "operatingExpenses": "638000000", "investmentIncomeNet": "None", "netInterestIncome": "-114000000", "interestIncome": "None", "interestExpense": "114000000", "nonInterestIncome": "9094000000", "otherNonOperatingIncome": "2000000", "depreciation": "109000000", "depreciationAndAmortization": "215000000", "incomeBeforeTax": "1010000000", "incomeTaxExpense": "159000000", "interestAndDebtExpense": "None", "netIncomeFromContinuingOperations": "864000000", "comprehensiveIncomeNetOfTax": "1048000000", "ebit": "1135000000", "ebitda": "1350000000", "netIncome": "851000000"}, {"fiscalDateEnding": "2018-06-30", "reportedCurrency": "USD", "grossProfit": "1677000000", "totalRevenue": "9186000000", "costOfRevenue": "7509000000", "costofGoodsAndServicesSold": "7486000000", "operatingIncome": "1088000000", "sellingGeneralAndAdministrative": "612000000", "researchAndDevelopment": "90000000", "operatingExpenses": "696000000", "investmentIncomeNet": "None", "netInterestIncome": "-103000000", "interestIncome": "None", "interestExpense": "103000000", "nonInterestIncome": "9186000000", "otherNonOperatingIncome": "-15000000", "depreciation": "117000000", "depreciationAndAmortization": "307000000", "incomeBeforeTax": "970000000", "incomeTaxExpense": "184000000", "interestAndDebtExpense": "None", "netIncomeFromContinuingOperations": "786000000", "comprehensiveIncomeNetOfTax": "619000000", "ebit": "1088000000", "ebitda": "1395000000", "netIncome": "786000000"}, {"fiscalDateEnding": "2018-03-31", "reportedCurrency": "USD", "grossProfit": "1545000000", "totalRevenue": "7535000000", "costOfRevenue": "5990000000", "costofGoodsAndServicesSold": "5990000000", "operatingIncome": "1008000000", "sellingGeneralAndAdministrative": "537000000", "researchAndDevelopment": "140000000", "operatingExpenses": "557000000", "investmentIncomeNet": "None", "netInterestIncome": "-27000000", "interestIncome": "None", "interestExpense": "27000000", "nonInterestIncome": "7535000000", "otherNonOperatingIncome": "-21000000", "depreciation": "89000000", "depreciationAndAmortization": "243000000", "incomeBeforeTax": "960000000", "incomeTaxExpense": "161000000", "interestAndDebtExpense": "None", "netIncomeFromContinuingOperations": "799000000", "comprehensiveIncomeNetOfTax": "866000000", "ebit": "1008000000", "ebitda": "1251000000", "netIncome": "799000000"}, {"fiscalDateEnding": "2017-12-31", "reportedCurrency": "USD", "grossProfit": "962000000", "totalRevenue": "8277000000", "costOfRevenue": "9180000000", "costofGoodsAndServicesSold": "6680000000", "operatingIncome": "1060000000", "sellingGeneralAndAdministrative": "541000000", "researchAndDevelopment": "154000000", "operatingExpenses": "656000000", "investmentIncomeNet": "None", "netInterestIncome": "-27000000", "interestIncome": "None", "interestExpense": "41000000", "nonInterestIncome": "-851000000", "otherNonOperatingIncome": "-25000000", "depreciation": "93000000", "depreciationAndAmortization": "115000000", "incomeBeforeTax": "1008000000", "incomeTaxExpense": "372000000", "interestAndDebtExpense": "None", "netIncomeFromContinuingOperations": "636000000", "comprehensiveIncomeNetOfTax": "467000000", "ebit": "1060000000", "ebitda": "1175000000", "netIncome": "636000000"}, {"fiscalDateEnding": "2017-09-30", "reportedCurrency": "USD", "grossProfit": "1562000000", "totalRevenue": "7580000000", "costOfRevenue": "6018000000", "costofGoodsAndServicesSold": "6014000000", "operatingIncome": "1063000000", "sellingGeneralAndAdministrative": "503000000", "researchAndDevelopment": "120000000", "operatingExpenses": "522000000", "investmentIncomeNet": "None", "netInterestIncome": "-27000000", "interestIncome": "None", "interestExpense": "27000000", "nonInterestIncome": "7580000000", "otherNonOperatingIncome": "-9000000", "depreciation": "87000000", "depreciationAndAmortization": "106000000", "incomeBeforeTax": "1027000000", "incomeTaxExpense": "263000000", "interestAndDebtExpense": "None", "netIncomeFromContinuingOperations": "764000000", "comprehensiveIncomeNetOfTax": "1035000000", "ebit": "1063000000", "ebitda": "1169000000", "netIncome": "764000000"}, {"fiscalDateEnding": "2017-06-30", "reportedCurrency": "USD", "grossProfit": "1561000000", "totalRevenue": "7675000000", "costOfRevenue": "6114000000", "costofGoodsAndServicesSold": "6114000000", "operatingIncome": "1067000000", "sellingGeneralAndAdministrative": "494000000", "researchAndDevelopment": "134000000", "operatingExpenses": "513000000", "investmentIncomeNet": "None", "netInterestIncome": "-24000000", "interestIncome": "None", "interestExpense": "24000000", "nonInterestIncome": "None", "otherNonOperatingIncome": "-11000000", "depreciation": "90000000", "depreciationAndAmortization": "201000000", "incomeBeforeTax": "1032000000", "incomeTaxExpense": "283000000", "interestAndDebtExpense": "None", "netIncomeFromContinuingOperations": "749000000", "comprehensiveIncomeNetOfTax": "1089000000", "ebit": "1067000000", "ebitda": "1268000000", "netIncome": "749000000"}, {"fiscalDateEnding": "2017-03-31", "reportedCurrency": "USD", "grossProfit": "1518000000", "totalRevenue": "7441000000", "costOfRevenue": "5923000000", "costofGoodsAndServicesSold": "5923000000", "operatingIncome": "1046000000", "sellingGeneralAndAdministrative": "472000000", "researchAndDevelopment": "113000000", "operatingExpenses": "491000000", "investmentIncomeNet": "None", "netInterestIncome": "-25000000", "interestIncome": "None", "interestExpense": "25000000", "nonInterestIncome": "None", "otherNonOperatingIncome": "-11000000", "depreciation": "92000000", "depreciationAndAmortization": "201000000", "incomeBeforeTax": "1010000000", "incomeTaxExpense": "247000000", "interestAndDebtExpense": "None", "netIncomeFromContinuingOperations": "763000000", "comprehensiveIncomeNetOfTax": "888000000", "ebit": "1046000000", "ebitda": "1247000000", "netIncome": "763000000"}, {"fiscalDateEnding": "2016-12-31", "reportedCurrency": "USD", "grossProfit": "-528000000", "totalRevenue": "7654000000", "costOfRevenue": "8974000000", "costofGoodsAndServicesSold": "6372000000", "operatingIncome": "778000000", "sellingGeneralAndAdministrative": "523000000", "researchAndDevelopment": "94000000", "operatingExpenses": "907000000", "investmentIncomeNet": "None", "netInterestIncome": "-23000000", "interestIncome": "None", "interestExpense": "31000000", "nonInterestIncome": "None", "otherNonOperatingIncome": "-10000000", "depreciation": "95000000", "depreciationAndAmortization": "383000000", "incomeBeforeTax": "735000000", "incomeTaxExpense": "165000000", "interestAndDebtExpense": "None", "netIncomeFromContinuingOperations": "580000000", "comprehensiveIncomeNetOfTax": "68000000", "ebit": "778000000", "ebitda": "1161000000", "netIncome": "570000000"}]}