{"symbol": "GE", "annualReports": [{"fiscalDateEnding": "2020-12-31", "reportedCurrency": "USD", "grossProfit": "3231000000", "totalRevenue": "79619000000", "costOfRevenue": "76388000000", "costofGoodsAndServicesSold": "60421000000", "operatingIncome": "-2809000000", "sellingGeneralAndAdministrative": "12621000000", "researchAndDevelopment": "2565000000", "operatingExpenses": "6040000000", "investmentIncomeNet": "146000000", "netInterestIncome": "-3273000000", "interestIncome": "-2606000000", "interestExpense": "3273000000", "nonInterestIncome": "-2105000000", "otherNonOperatingIncome": "11387000000", "depreciation": "4636000000", "depreciationAndAmortization": "1382000000", "incomeBeforeTax": "5230000000", "incomeTaxExpense": "-474000000", "interestAndDebtExpense": "None", "netIncomeFromContinuingOperations": "5829000000", "comprehensiveIncomeNetOfTax": "7688000000", "ebit": "-2809000000", "ebitda": "-1427000000", "netIncome": "5704000000"}, {"fiscalDateEnding": "2019-12-31", "reportedCurrency": "USD", "grossProfit": "7945000000", "totalRevenue": "95214000000", "costOfRevenue": "87269000000", "costofGoodsAndServicesSold": "66911000000", "operatingIncome": "-9338000000", "sellingGeneralAndAdministrative": "13949000000", "researchAndDevelopment": "3118000000", "operatingExpenses": "17283000000", "investmentIncomeNet": "143000000", "netInterestIncome": "-475000000", "interestIncome": "1220000000", "interestExpense": "4227000000", "nonInterestIncome": "693000000", "otherNonOperatingIncome": "2222000000", "depreciation": "4026000000", "depreciationAndAmortization": "1569000000", "incomeBeforeTax": "-4253000000", "incomeTaxExpense": "726000000", "interestAndDebtExpense": "None", "netIncomeFromContinuingOperations": "416000000", "comprehensiveIncomeNetOfTax": "-2297000000", "ebit": "-9338000000", "ebitda": "-7769000000", "netIncome": "-4979000000"}, {"fiscalDateEnding": "2018-12-31", "reportedCurrency": "USD", "grossProfit": "78706000000", "totalRevenue": "97012000000", "costOfRevenue": "42909000000", "costofGoodsAndServicesSold": "72818000000", "operatingIncome": "32377000000", "sellingGeneralAndAdministrative": "14643000000", "researchAndDevelopment": "3415000000", "operatingExpenses": "46329000000", "investmentIncomeNet": "136000000", "netInterestIncome": "-1408000000", "interestIncome": "669000000", "interestExpense": "5059000000", "nonInterestIncome": "121615000000", "otherNonOperatingIncome": "None", "depreciation": "4419000000", "depreciationAndAmortization": "2662000000", "incomeBeforeTax": "-22262000000", "incomeTaxExpense": "93000000", "interestAndDebtExpense": "None", "netIncomeFromContinuingOperations": "-20991000000", "comprehensiveIncomeNetOfTax": "-22364000000", "ebit": "32377000000", "ebitda": "35039000000", "netIncome": "-22355000000"}, {"fiscalDateEnding": "2017-12-31", "reportedCurrency": "USD", "grossProfit": "2493000000", "totalRevenue": "99279000000", "costOfRevenue": "119599000000", "costofGoodsAndServicesSold": "91934000000", "operatingIncome": "-19483000000", "sellingGeneralAndAdministrative": "14257000000", "researchAndDevelopment": "5504000000", "operatingExpenses": "21976000000", "investmentIncomeNet": "105000000", "netInterestIncome": "-1724000000", "interestIncome": "-944000000", "interestExpense": "4869000000", "nonInterestIncome": "118244000000", "otherNonOperatingIncome": "None", "depreciation": "4332000000", "depreciationAndAmortization": "2290000000", "incomeBeforeTax": "-11292000000", "incomeTaxExpense": "-2808000000", "interestAndDebtExpense": "None", "netIncomeFromContinuingOperations": "-8253000000", "comprehensiveIncomeNetOfTax": "-4300000000", "ebit": "-19483000000", "ebitda": "-17193000000", "netIncome": "-8484000000"}, {"fiscalDateEnding": "2016-12-31", "reportedCurrency": "USD", "grossProfit": "25123000000", "totalRevenue": "119469000000", "costOfRevenue": "94346000000", "costofGoodsAndServicesSold": "87483000000", "operatingIncome": "-7190000000", "sellingGeneralAndAdministrative": "17756000000", "researchAndDevelopment": "5436000000", "operatingExpenses": "24924000000", "investmentIncomeNet": "None", "netInterestIncome": "-1234000000", "interestIncome": "-896000000", "interestExpense": "5024000000", "nonInterestIncome": "119468000000", "otherNonOperatingIncome": "None", "depreciation": "4997000000", "depreciationAndAmortization": "2073000000", "incomeBeforeTax": "6367000000", "incomeTaxExpense": "-1133000000", "interestAndDebtExpense": "None", "netIncomeFromContinuingOperations": "7797000000", "comprehensiveIncomeNetOfTax": "5444000000", "ebit": "-7190000000", "ebitda": "-5117000000", "netIncome": "7500000000"}], "quarterlyReports": [{"fiscalDateEnding": "2021-09-30", "reportedCurrency": "USD", "grossProfit": "2009000000", "totalRevenue": "18429000000", "costOfRevenue": "16420000000", "costofGoodsAndServicesSold": "13401000000", "operatingIncome": "-1665000000", "sellingGeneralAndAdministrative": "2747000000", "researchAndDevelopment": "627000000", "operatingExpenses": "3674000000", "investmentIncomeNet": "None", "netInterestIncome": "20000000", "interestIncome": "482000000", "interestExpense": "462000000", "nonInterestIncome": "16000000", "otherNonOperatingIncome": "None", "depreciation": "None", "depreciationAndAmortization": "272000000", "incomeBeforeTax": "1259000000", "incomeTaxExpense": "2000000", "interestAndDebtExpense": "463000000", "netIncomeFromContinuingOperations": "655000000", "comprehensiveIncomeNetOfTax": "3999000000", "ebit": "-1665000000", "ebitda": "-1393000000", "netIncome": "1257000000"}, {"fiscalDateEnding": "2021-06-30", "reportedCurrency": "USD", "grossProfit": "1507000000", "totalRevenue": "18279000000", "costOfRevenue": "16772000000", "costofGoodsAndServicesSold": "13618000000", "operatingIncome": "-2281000000", "sellingGeneralAndAdministrative": "2866000000", "researchAndDevelopment": "604000000", "operatingExpenses": "3788000000", "investmentIncomeNet": "None", "netInterestIncome": "114000000", "interestIncome": "602000000", "interestExpense": "488000000", "nonInterestIncome": "-1402000000", "otherNonOperatingIncome": "None", "depreciation": "None", "depreciationAndAmortization": "288000000", "incomeBeforeTax": "-1597000000", "incomeTaxExpense": "-466000000", "interestAndDebtExpense": "1416000000", "netIncomeFromContinuingOperations": "-568000000", "comprehensiveIncomeNetOfTax": "-58000000", "ebit": "-2281000000", "ebitda": "-1993000000", "netIncome": "-1131000000"}, {"fiscalDateEnding": "2021-03-31", "reportedCurrency": "USD", "grossProfit": "1388000000", "totalRevenue": "17118000000", "costOfRevenue": "15730000000", "costofGoodsAndServicesSold": "12538000000", "operatingIncome": "-2397000000", "sellingGeneralAndAdministrative": "2891000000", "researchAndDevelopment": "561000000", "operatingExpenses": "3782000000", "investmentIncomeNet": "None", "netInterestIncome": "-61000000", "interestIncome": "439000000", "interestExpense": "500000000", "nonInterestIncome": "3000000", "otherNonOperatingIncome": "None", "depreciation": "None", "depreciationAndAmortization": "301000000", "incomeBeforeTax": "-2660000000", "incomeTaxExpense": "142000000", "interestAndDebtExpense": "0", "netIncomeFromContinuingOperations": "92000000", "comprehensiveIncomeNetOfTax": "-1947000000", "ebit": "-2397000000", "ebitda": "-2096000000", "netIncome": "-2802000000"}, {"fiscalDateEnding": "2020-12-31", "reportedCurrency": "USD", "grossProfit": "3872000000", "totalRevenue": "21929000000", "costOfRevenue": "18057000000", "costofGoodsAndServicesSold": "14367000000", "operatingIncome": "10431000000", "sellingGeneralAndAdministrative": "3250000000", "researchAndDevelopment": "636000000", "operatingExpenses": "5944000000", "investmentIncomeNet": "None", "netInterestIncome": "-737000000", "interestIncome": "2012000000", "interestExpense": "-3522000000", "nonInterestIncome": "-14608000000", "otherNonOperatingIncome": "2957000000", "depreciation": "None", "depreciationAndAmortization": "306000000", "incomeBeforeTax": "2799000000", "incomeTaxExpense": "163000000", "interestAndDebtExpense": "None", "netIncomeFromContinuingOperations": "2558000000", "comprehensiveIncomeNetOfTax": "2386000000", "ebit": "10431000000", "ebitda": "10737000000", "netIncome": "2636000000"}, {"fiscalDateEnding": "2020-09-30", "reportedCurrency": "USD", "grossProfit": "374000000", "totalRevenue": "18529000000", "costOfRevenue": "19043000000", "costofGoodsAndServicesSold": "14042000000", "operatingIncome": "-3478000000", "sellingGeneralAndAdministrative": "3215000000", "researchAndDevelopment": "595000000", "operatingExpenses": "3852000000", "investmentIncomeNet": "None", "netInterestIncome": "-1327000000", "interestIncome": "-1405000000", "interestExpense": "1327000000", "nonInterestIncome": "21000000", "otherNonOperatingIncome": "-517000000", "depreciation": "None", "depreciationAndAmortization": "428000000", "incomeBeforeTax": "-1645000000", "incomeTaxExpense": "-483000000", "interestAndDebtExpense": "526000000", "netIncomeFromContinuingOperations": "-1087000000", "comprehensiveIncomeNetOfTax": "-449000000", "ebit": "-3478000000", "ebitda": "-3050000000", "netIncome": "-1144000000"}, {"fiscalDateEnding": "2020-06-30", "reportedCurrency": "USD", "grossProfit": "-2437000000", "totalRevenue": "16805000000", "costOfRevenue": "20187000000", "costofGoodsAndServicesSold": "13633000000", "operatingIncome": "-7670000000", "sellingGeneralAndAdministrative": "3068000000", "researchAndDevelopment": "611000000", "operatingExpenses": "5233000000", "investmentIncomeNet": "None", "netInterestIncome": "958000000", "interestIncome": "1955000000", "interestExpense": "997000000", "nonInterestIncome": "110000000", "otherNonOperatingIncome": "2078000000", "depreciation": "None", "depreciationAndAmortization": "308000000", "incomeBeforeTax": "-2186000000", "incomeTaxExpense": "-160000000", "interestAndDebtExpense": "205000000", "netIncomeFromContinuingOperations": "-994000000", "comprehensiveIncomeNetOfTax": "-1362000000", "ebit": "-7670000000", "ebitda": "-7362000000", "netIncome": "-1987000000"}, {"fiscalDateEnding": "2020-03-31", "reportedCurrency": "USD", "grossProfit": "1424000000", "totalRevenue": "19490000000", "costOfRevenue": "19100000000", "costofGoodsAndServicesSold": "14426000000", "operatingIncome": "-2090000000", "sellingGeneralAndAdministrative": "3061000000", "researchAndDevelopment": "723000000", "operatingExpenses": "-8858000000", "investmentIncomeNet": "None", "netInterestIncome": "-794000000", "interestIncome": "-6388000000", "interestExpense": "794000000", "nonInterestIncome": "12372000000", "otherNonOperatingIncome": "6869000000", "depreciation": "991000000", "depreciationAndAmortization": "340000000", "incomeBeforeTax": "6253000000", "incomeTaxExpense": "54000000", "interestAndDebtExpense": "None", "netIncomeFromContinuingOperations": "6218000000", "comprehensiveIncomeNetOfTax": "7113000000", "ebit": "-2090000000", "ebitda": "-1750000000", "netIncome": "6199000000"}, {"fiscalDateEnding": "2019-12-31", "reportedCurrency": "USD", "grossProfit": "2742000000", "totalRevenue": "26238000000", "costOfRevenue": "23496000000", "costofGoodsAndServicesSold": "15962000000", "operatingIncome": "-1640000000", "sellingGeneralAndAdministrative": "3829000000", "researchAndDevelopment": "None", "operatingExpenses": "4382000000", "investmentIncomeNet": "None", "netInterestIncome": "2797000000", "interestIncome": "-336000000", "interestExpense": "955000000", "nonInterestIncome": "433000000", "otherNonOperatingIncome": "2064000000", "depreciation": "1057000000", "depreciationAndAmortization": "349000000", "incomeBeforeTax": "1455000000", "incomeTaxExpense": "727000000", "interestAndDebtExpense": "None", "netIncomeFromContinuingOperations": "853000000", "comprehensiveIncomeNetOfTax": "357000000", "ebit": "-1640000000", "ebitda": "-1291000000", "netIncome": "728000000"}, {"fiscalDateEnding": "2019-09-30", "reportedCurrency": "USD", "grossProfit": "1503000000", "totalRevenue": "23360000000", "costOfRevenue": "21857000000", "costofGoodsAndServicesSold": "17328000000", "operatingIncome": "-3125000000", "sellingGeneralAndAdministrative": "3293000000", "researchAndDevelopment": "None", "operatingExpenses": "4628000000", "investmentIncomeNet": "None", "netInterestIncome": "-1279000000", "interestIncome": "-689000000", "interestExpense": "1279000000", "nonInterestIncome": "46000000", "otherNonOperatingIncome": "158000000", "depreciation": "1004000000", "depreciationAndAmortization": "496000000", "incomeBeforeTax": "-9382000000", "incomeTaxExpense": "41000000", "interestAndDebtExpense": "None", "netIncomeFromContinuingOperations": "-1283000000", "comprehensiveIncomeNetOfTax": "-7931000000", "ebit": "-3125000000", "ebitda": "-2629000000", "netIncome": "-9423000000"}, {"fiscalDateEnding": "2019-06-30", "reportedCurrency": "USD", "grossProfit": "1632000000", "totalRevenue": "23414000000", "costOfRevenue": "27199000000", "costofGoodsAndServicesSold": "17412000000", "operatingIncome": "-3917000000", "sellingGeneralAndAdministrative": "3425000000", "researchAndDevelopment": "None", "operatingExpenses": "5549000000", "investmentIncomeNet": "None", "netInterestIncome": "-991000000", "interestIncome": "-824000000", "interestExpense": "991000000", "nonInterestIncome": "-25128000000", "otherNonOperatingIncome": "None", "depreciation": "1487000000", "depreciationAndAmortization": "454000000", "incomeBeforeTax": "-54000000", "incomeTaxExpense": "-181000000", "interestAndDebtExpense": "None", "netIncomeFromContinuingOperations": "-114000000", "comprehensiveIncomeNetOfTax": "760000000", "ebit": "-3917000000", "ebitda": "-3463000000", "netIncome": "127000000"}, {"fiscalDateEnding": "2019-03-31", "reportedCurrency": "USD", "grossProfit": "2324000000", "totalRevenue": "22202000000", "costOfRevenue": "24962000000", "costofGoodsAndServicesSold": "16208000000", "operatingIncome": "-2002000000", "sellingGeneralAndAdministrative": "3402000000", "researchAndDevelopment": "None", "operatingExpenses": "4326000000", "investmentIncomeNet": "None", "netInterestIncome": "-1133000000", "interestIncome": "None", "interestExpense": "1133000000", "nonInterestIncome": "25342000000", "otherNonOperatingIncome": "None", "depreciation": "995000000", "depreciationAndAmortization": "463000000", "incomeBeforeTax": "3728000000", "incomeTaxExpense": "140000000", "interestAndDebtExpense": "None", "netIncomeFromContinuingOperations": "960000000", "comprehensiveIncomeNetOfTax": "4517000000", "ebit": "-2002000000", "ebitda": "-1539000000", "netIncome": "3588000000"}, {"fiscalDateEnding": "2018-12-31", "reportedCurrency": "USD", "grossProfit": "28015000000", "totalRevenue": "26499000000", "costOfRevenue": "5263000000", "costofGoodsAndServicesSold": "20574000000", "operatingIncome": "19412000000", "sellingGeneralAndAdministrative": "3630000000", "researchAndDevelopment": "4862000000", "operatingExpenses": "8603000000", "investmentIncomeNet": "None", "netInterestIncome": "None", "interestIncome": "None", "interestExpense": "1252000000", "nonInterestIncome": "33278000000", "otherNonOperatingIncome": "None", "depreciation": "1062000000", "depreciationAndAmortization": "536000000", "incomeBeforeTax": "394000000", "incomeTaxExpense": "-367000000", "interestAndDebtExpense": "None", "netIncomeFromContinuingOperations": "696000000", "comprehensiveIncomeNetOfTax": "-423000000", "ebit": "19412000000", "ebitda": "19948000000", "netIncome": "761000000"}, {"fiscalDateEnding": "2018-09-30", "reportedCurrency": "USD", "grossProfit": "2745000000", "totalRevenue": "23392000000", "costOfRevenue": "26828000000", "costofGoodsAndServicesSold": "17847000000", "operatingIncome": "-24092000000", "sellingGeneralAndAdministrative": "4100000000", "researchAndDevelopment": "None", "operatingExpenses": "26837000000", "investmentIncomeNet": "None", "netInterestIncome": "None", "interestIncome": "None", "interestExpense": "1227000000", "nonInterestIncome": "29574000000", "otherNonOperatingIncome": "None", "depreciation": "1257000000", "depreciationAndAmortization": "831000000", "incomeBeforeTax": "-22717000000", "incomeTaxExpense": "52000000", "interestAndDebtExpense": "None", "netIncomeFromContinuingOperations": "-22917000000", "comprehensiveIncomeNetOfTax": "-22566000000", "ebit": "-24092000000", "ebitda": "-23261000000", "netIncome": "-22769000000"}, {"fiscalDateEnding": "2018-06-30", "reportedCurrency": "USD", "grossProfit": "25616000000", "totalRevenue": "29162000000", "costOfRevenue": "4488000000", "costofGoodsAndServicesSold": "21749000000", "operatingIncome": "21116000000", "sellingGeneralAndAdministrative": "4346000000", "researchAndDevelopment": "None", "operatingExpenses": "4500000000", "investmentIncomeNet": "None", "netInterestIncome": "None", "interestIncome": "None", "interestExpense": "1295000000", "nonInterestIncome": "30104000000", "otherNonOperatingIncome": "None", "depreciation": "1395000000", "depreciationAndAmortization": "547000000", "incomeBeforeTax": "1304000000", "incomeTaxExpense": "504000000", "interestAndDebtExpense": "None", "netIncomeFromContinuingOperations": "864000000", "comprehensiveIncomeNetOfTax": "229000000", "ebit": "21116000000", "ebitda": "21663000000", "netIncome": "800000000"}, {"fiscalDateEnding": "2018-03-31", "reportedCurrency": "USD", "grossProfit": "2317000000", "totalRevenue": "27788000000", "costOfRevenue": "26343000000", "costofGoodsAndServicesSold": "20911000000", "operatingIncome": "-2560000000", "sellingGeneralAndAdministrative": "4088000000", "researchAndDevelopment": "None", "operatingExpenses": "4877000000", "investmentIncomeNet": "None", "netInterestIncome": "None", "interestIncome": "None", "interestExpense": "1285000000", "nonInterestIncome": "26002000000", "otherNonOperatingIncome": "None", "depreciation": "1272000000", "depreciationAndAmortization": "613000000", "incomeBeforeTax": "-1197000000", "incomeTaxExpense": "-50000000", "interestAndDebtExpense": "None", "netIncomeFromContinuingOperations": "261000000", "comprehensiveIncomeNetOfTax": "395000000", "ebit": "-2560000000", "ebitda": "-1947000000", "netIncome": "-1147000000"}, {"fiscalDateEnding": "2017-12-31", "reportedCurrency": "USD", "grossProfit": "-8303000000", "totalRevenue": "12639000000", "costOfRevenue": "39704000000", "costofGoodsAndServicesSold": "25688000000", "operatingIncome": "-15438000000", "sellingGeneralAndAdministrative": "1077000000", "researchAndDevelopment": "4803000000", "operatingExpenses": "7135000000", "investmentIncomeNet": "None", "netInterestIncome": "None", "interestIncome": "None", "interestExpense": "1324000000", "nonInterestIncome": "31604000000", "otherNonOperatingIncome": "None", "depreciation": "617000000", "depreciationAndAmortization": "577000000", "incomeBeforeTax": "-12933000000", "incomeTaxExpense": "-2115000000", "interestAndDebtExpense": "None", "netIncomeFromContinuingOperations": "-10832000000", "comprehensiveIncomeNetOfTax": "-10687000000", "ebit": "-15438000000", "ebitda": "-14861000000", "netIncome": "-10818000000"}, {"fiscalDateEnding": "2017-09-30", "reportedCurrency": "USD", "grossProfit": "4523000000", "totalRevenue": "30662000000", "costOfRevenue": "28949000000", "costofGoodsAndServicesSold": "24094000000", "operatingIncome": "-1436000000", "sellingGeneralAndAdministrative": "4741000000", "researchAndDevelopment": "None", "operatingExpenses": "5959000000", "investmentIncomeNet": "None", "netInterestIncome": "None", "interestIncome": "None", "interestExpense": "1232000000", "nonInterestIncome": "30662000000", "otherNonOperatingIncome": "None", "depreciation": "1397000000", "depreciationAndAmortization": "630000000", "incomeBeforeTax": "809000000", "incomeTaxExpense": "-551000000", "interestAndDebtExpense": "None", "netIncomeFromContinuingOperations": "1429000000", "comprehensiveIncomeNetOfTax": "2282000000", "ebit": "-1436000000", "ebitda": "-806000000", "netIncome": "1360000000"}, {"fiscalDateEnding": "2017-06-30", "reportedCurrency": "USD", "grossProfit": "3478000000", "totalRevenue": "29097000000", "costOfRevenue": "26080000000", "costofGoodsAndServicesSold": "21793000000", "operatingIncome": "-942000000", "sellingGeneralAndAdministrative": "4152000000", "researchAndDevelopment": "None", "operatingExpenses": "4420000000", "investmentIncomeNet": "None", "netInterestIncome": "None", "interestIncome": "None", "interestExpense": "1174000000", "nonInterestIncome": "29097000000", "otherNonOperatingIncome": "None", "depreciation": "1125000000", "depreciationAndAmortization": "679000000", "incomeBeforeTax": "1019000000", "incomeTaxExpense": "-38000000", "interestAndDebtExpense": "None", "netIncomeFromContinuingOperations": "1028000000", "comprehensiveIncomeNetOfTax": "2366000000", "ebit": "-942000000", "ebitda": "-263000000", "netIncome": "1057000000"}, {"fiscalDateEnding": "2017-03-31", "reportedCurrency": "USD", "grossProfit": "2667000000", "totalRevenue": "26881000000", "costOfRevenue": "24993000000", "costofGoodsAndServicesSold": "20359000000", "operatingIncome": "-2433000000", "sellingGeneralAndAdministrative": "4287000000", "researchAndDevelopment": "None", "operatingExpenses": "5100000000", "investmentIncomeNet": "None", "netInterestIncome": "None", "interestIncome": "None", "interestExpense": "1139000000", "nonInterestIncome": "26880000000", "otherNonOperatingIncome": "None", "depreciation": "1193000000", "depreciationAndAmortization": "404000000", "incomeBeforeTax": "-188000000", "incomeTaxExpense": "-105000000", "interestAndDebtExpense": "None", "netIncomeFromContinuingOperations": "122000000", "comprehensiveIncomeNetOfTax": "1739000000", "ebit": "-2433000000", "ebitda": "-2029000000", "netIncome": "-83000000"}, {"fiscalDateEnding": "2016-12-31", "reportedCurrency": "USD", "grossProfit": "7027000000", "totalRevenue": "2649000000", "costOfRevenue": "-4378000000", "costofGoodsAndServicesSold": "23773000000", "operatingIncome": "7027000000", "sellingGeneralAndAdministrative": "3923000000", "researchAndDevelopment": "4782000000", "operatingExpenses": "10290000000", "investmentIncomeNet": "None", "netInterestIncome": "None", "interestIncome": "None", "interestExpense": "1001000000", "nonInterestIncome": "None", "otherNonOperatingIncome": "None", "depreciation": "1356000000", "depreciationAndAmortization": "1356000000", "incomeBeforeTax": "2232000000", "incomeTaxExpense": "-1435000000", "interestAndDebtExpense": "None", "netIncomeFromContinuingOperations": "397000000", "comprehensiveIncomeNetOfTax": "-1827000000", "ebit": "7027000000", "ebitda": "5258000000", "netIncome": "3667000000"}]}