{"symbol": "GILD", "annualReports": [{"fiscalDateEnding": "2020-12-31", "reportedCurrency": "USD", "grossProfit": "19783000000", "totalRevenue": "24689000000", "costOfRevenue": "4906000000", "costofGoodsAndServicesSold": "4572000000", "operatingIncome": "4071000000", "sellingGeneralAndAdministrative": "5151000000", "researchAndDevelopment": "10895000000", "operatingExpenses": "16046000000", "investmentIncomeNet": "None", "netInterestIncome": "-984000000", "interestIncome": "None", "interestExpense": "984000000", "nonInterestIncome": "24638000000", "otherNonOperatingIncome": "-1418000000", "depreciation": "288000000", "depreciationAndAmortization": "1480000000", "incomeBeforeTax": "1703000000", "incomeTaxExpense": "1580000000", "interestAndDebtExpense": "984000000", "netIncomeFromContinuingOperations": "89000000", "comprehensiveIncomeNetOfTax": "-22000000", "ebit": "2687000000", "ebitda": "4167000000", "netIncome": "123000000"}, {"fiscalDateEnding": "2019-12-31", "reportedCurrency": "USD", "grossProfit": "17444000000", "totalRevenue": "22449000000", "costOfRevenue": "5005000000", "costofGoodsAndServicesSold": "4675000000", "operatingIncome": "4287000000", "sellingGeneralAndAdministrative": "4381000000", "researchAndDevelopment": "9106000000", "operatingExpenses": "14287000000", "investmentIncomeNet": "None", "netInterestIncome": "-995000000", "interestIncome": "227000000", "interestExpense": "995000000", "nonInterestIncome": "22471000000", "otherNonOperatingIncome": "1868000000", "depreciation": "255000000", "depreciationAndAmortization": "1404000000", "incomeBeforeTax": "5182000000", "incomeTaxExpense": "-204000000", "interestAndDebtExpense": "995000000", "netIncomeFromContinuingOperations": "5364000000", "comprehensiveIncomeNetOfTax": "5391000000", "ebit": "6177000000", "ebitda": "7581000000", "netIncome": "5386000000"}, {"fiscalDateEnding": "2018-12-31", "reportedCurrency": "USD", "grossProfit": "16824000000", "totalRevenue": "22127000000", "costOfRevenue": "5303000000", "costofGoodsAndServicesSold": "4853000000", "operatingIncome": "8200000000", "sellingGeneralAndAdministrative": "4056000000", "researchAndDevelopment": "5018000000", "operatingExpenses": "9894000000", "investmentIncomeNet": "None", "netInterestIncome": "-1077000000", "interestIncome": "-964000000", "interestExpense": "1077000000", "nonInterestIncome": "22125000000", "otherNonOperatingIncome": "676000000", "depreciation": "226000000", "depreciationAndAmortization": "1429000000", "incomeBeforeTax": "7794000000", "incomeTaxExpense": "2339000000", "interestAndDebtExpense": "1077000000", "netIncomeFromContinuingOperations": "5460000000", "comprehensiveIncomeNetOfTax": "5663000000", "ebit": "8871000000", "ebitda": "10300000000", "netIncome": "5455000000"}, {"fiscalDateEnding": "2017-12-31", "reportedCurrency": "USD", "grossProfit": "21291000000", "totalRevenue": "26107000000", "costOfRevenue": "4816000000", "costofGoodsAndServicesSold": "4371000000", "operatingIncome": "14124000000", "sellingGeneralAndAdministrative": "3878000000", "researchAndDevelopment": "3734000000", "operatingExpenses": "7612000000", "investmentIncomeNet": "None", "netInterestIncome": "-1118000000", "interestIncome": "-1190000000", "interestExpense": "1118000000", "nonInterestIncome": "25994000000", "otherNonOperatingIncome": "523000000", "depreciation": "233000000", "depreciationAndAmortization": "1286000000", "incomeBeforeTax": "13513000000", "incomeTaxExpense": "8885000000", "interestAndDebtExpense": "1118000000", "netIncomeFromContinuingOperations": "4644000000", "comprehensiveIncomeNetOfTax": "4515000000", "ebit": "14631000000", "ebitda": "15917000000", "netIncome": "4628000000"}, {"fiscalDateEnding": "2016-12-31", "reportedCurrency": "USD", "grossProfit": "25692000000", "totalRevenue": "30390000000", "costOfRevenue": "4698000000", "costofGoodsAndServicesSold": "4261000000", "operatingIncome": "17633000000", "sellingGeneralAndAdministrative": "3398000000", "researchAndDevelopment": "5098000000", "operatingExpenses": "8928000000", "investmentIncomeNet": "None", "netInterestIncome": "-964000000", "interestIncome": "-790000000", "interestExpense": "964000000", "nonInterestIncome": "30596000000", "otherNonOperatingIncome": "428000000", "depreciation": "177000000", "depreciationAndAmortization": "1158000000", "incomeBeforeTax": "17110000000", "incomeTaxExpense": "3609000000", "interestAndDebtExpense": "964000000", "netIncomeFromContinuingOperations": "13488000000", "comprehensiveIncomeNetOfTax": "13691000000", "ebit": "18074000000", "ebitda": "19232000000", "netIncome": "13501000000"}], "quarterlyReports": [{"fiscalDateEnding": "2021-09-30", "reportedCurrency": "USD", "grossProfit": "4322000000", "totalRevenue": "7176000000", "costOfRevenue": "2854000000", "costofGoodsAndServicesSold": "1223000000", "operatingIncome": "3842000000", "sellingGeneralAndAdministrative": "1190000000", "researchAndDevelopment": "1166000000", "operatingExpenses": "2797000000", "investmentIncomeNet": "None", "netInterestIncome": "-250000000", "interestIncome": "None", "interestExpense": "250000000", "nonInterestIncome": "7426000000", "otherNonOperatingIncome": "-154000000", "depreciation": "82000000", "depreciationAndAmortization": "441000000", "incomeBeforeTax": "3444000000", "incomeTaxExpense": "852000000", "interestAndDebtExpense": "250000000", "netIncomeFromContinuingOperations": "2586000000", "comprehensiveIncomeNetOfTax": "2627000000", "ebit": "3694000000", "ebitda": "4135000000", "netIncome": "2592000000"}, {"fiscalDateEnding": "2021-06-30", "reportedCurrency": "USD", "grossProfit": "2765000000", "totalRevenue": "5946000000", "costOfRevenue": "3181000000", "costofGoodsAndServicesSold": "1390000000", "operatingIncome": "2246000000", "sellingGeneralAndAdministrative": "1351000000", "researchAndDevelopment": "1230000000", "operatingExpenses": "3021000000", "investmentIncomeNet": "None", "netInterestIncome": "-256000000", "interestIncome": "None", "interestExpense": "256000000", "nonInterestIncome": "6202000000", "otherNonOperatingIncome": "-173000000", "depreciation": "79000000", "depreciationAndAmortization": "440000000", "incomeBeforeTax": "1822000000", "incomeTaxExpense": "300000000", "interestAndDebtExpense": "256000000", "netIncomeFromContinuingOperations": "1517000000", "comprehensiveIncomeNetOfTax": "1523000000", "ebit": "2078000000", "ebitda": "2518000000", "netIncome": "1522000000"}, {"fiscalDateEnding": "2021-03-31", "reportedCurrency": "USD", "grossProfit": "3389000000", "totalRevenue": "6200000000", "costOfRevenue": "2811000000", "costofGoodsAndServicesSold": "1361000000", "operatingIncome": "2890000000", "sellingGeneralAndAdministrative": "1055000000", "researchAndDevelopment": "1117000000", "operatingExpenses": "2567000000", "investmentIncomeNet": "None", "netInterestIncome": "-257000000", "interestIncome": "None", "interestExpense": "257000000", "nonInterestIncome": "6457000000", "otherNonOperatingIncome": "-369000000", "depreciation": "78000000", "depreciationAndAmortization": "395000000", "incomeBeforeTax": "2271000000", "incomeTaxExpense": "542000000", "interestAndDebtExpense": "257000000", "netIncomeFromContinuingOperations": "1722000000", "comprehensiveIncomeNetOfTax": "1827000000", "ebit": "2528000000", "ebitda": "2923000000", "netIncome": "1729000000"}, {"fiscalDateEnding": "2020-12-31", "reportedCurrency": "USD", "grossProfit": "5930000000", "totalRevenue": "7421000000", "costOfRevenue": "1491000000", "costofGoodsAndServicesSold": "1398000000", "operatingIncome": "2651000000", "sellingGeneralAndAdministrative": "1730000000", "researchAndDevelopment": "1642000000", "operatingExpenses": "2528000000", "investmentIncomeNet": "None", "netInterestIncome": "-267000000", "interestIncome": "None", "interestExpense": "267000000", "nonInterestIncome": "24648000000", "otherNonOperatingIncome": "-570000000", "depreciation": "79000000", "depreciationAndAmortization": "427000000", "incomeBeforeTax": "1821000000", "incomeTaxExpense": "270000000", "interestAndDebtExpense": "267000000", "netIncomeFromContinuingOperations": "5930000000", "comprehensiveIncomeNetOfTax": "1468000000", "ebit": "2088000000", "ebitda": "2515000000", "netIncome": "1551000000"}, {"fiscalDateEnding": "2020-09-30", "reportedCurrency": "USD", "grossProfit": "5352000000", "totalRevenue": "6577000000", "costOfRevenue": "1225000000", "costofGoodsAndServicesSold": "1141000000", "operatingIncome": "2001000000", "sellingGeneralAndAdministrative": "1106000000", "researchAndDevelopment": "2329000000", "operatingExpenses": "3716000000", "investmentIncomeNet": "None", "netInterestIncome": "-236000000", "interestIncome": "None", "interestExpense": "236000000", "nonInterestIncome": "-13000000", "otherNonOperatingIncome": "-940000000", "depreciation": "73000000", "depreciationAndAmortization": "281000000", "incomeBeforeTax": "832000000", "incomeTaxExpense": "472000000", "interestAndDebtExpense": "236000000", "netIncomeFromContinuingOperations": "353000000", "comprehensiveIncomeNetOfTax": "313000000", "ebit": "1068000000", "ebitda": "1349000000", "netIncome": "360000000"}, {"fiscalDateEnding": "2020-06-30", "reportedCurrency": "USD", "grossProfit": "4003000000", "totalRevenue": "5143000000", "costOfRevenue": "1140000000", "costofGoodsAndServicesSold": "1064000000", "operatingIncome": "-2983000000", "sellingGeneralAndAdministrative": "1239000000", "researchAndDevelopment": "5823000000", "operatingExpenses": "7344000000", "investmentIncomeNet": "None", "netInterestIncome": "-240000000", "interestIncome": "None", "interestExpense": "240000000", "nonInterestIncome": "-21000000", "otherNonOperatingIncome": "250000000", "depreciation": "68000000", "depreciationAndAmortization": "282000000", "incomeBeforeTax": "-2966000000", "incomeTaxExpense": "373000000", "interestAndDebtExpense": "240000000", "netIncomeFromContinuingOperations": "-3346000000", "comprehensiveIncomeNetOfTax": "-3315000000", "ebit": "-2726000000", "ebitda": "-2444000000", "netIncome": "-3339000000"}, {"fiscalDateEnding": "2020-03-31", "reportedCurrency": "USD", "grossProfit": "4498000000", "totalRevenue": "5548000000", "costOfRevenue": "1050000000", "costofGoodsAndServicesSold": "969000000", "operatingIncome": "2402000000", "sellingGeneralAndAdministrative": "1076000000", "researchAndDevelopment": "1101000000", "operatingExpenses": "2458000000", "investmentIncomeNet": "None", "netInterestIncome": "-241000000", "interestIncome": "-500000000", "interestExpense": "241000000", "nonInterestIncome": "24000000", "otherNonOperatingIncome": "-158000000", "depreciation": "68000000", "depreciationAndAmortization": "281000000", "incomeBeforeTax": "2016000000", "incomeTaxExpense": "465000000", "interestAndDebtExpense": "241000000", "netIncomeFromContinuingOperations": "1538000000", "comprehensiveIncomeNetOfTax": "1512000000", "ebit": "2257000000", "ebitda": "2538000000", "netIncome": "1551000000"}, {"fiscalDateEnding": "2019-12-31", "reportedCurrency": "USD", "grossProfit": "4113000000", "totalRevenue": "5879000000", "costOfRevenue": "1766000000", "costofGoodsAndServicesSold": "1683000000", "operatingIncome": "1093000000", "sellingGeneralAndAdministrative": "1204000000", "researchAndDevelopment": "1899000000", "operatingExpenses": "800000000", "investmentIncomeNet": "None", "netInterestIncome": "-243000000", "interestIncome": "638000000", "interestExpense": "243000000", "nonInterestIncome": "5872000000", "otherNonOperatingIncome": "1051000000", "depreciation": "69000000", "depreciationAndAmortization": "350000000", "incomeBeforeTax": "1908000000", "incomeTaxExpense": "-788000000", "interestAndDebtExpense": "243000000", "netIncomeFromContinuingOperations": "3199000000", "comprehensiveIncomeNetOfTax": "2664000000", "ebit": "2151000000", "ebitda": "2501000000", "netIncome": "2696000000"}, {"fiscalDateEnding": "2019-09-30", "reportedCurrency": "USD", "grossProfit": "4481000000", "totalRevenue": "5604000000", "costOfRevenue": "1123000000", "costofGoodsAndServicesSold": "1035000000", "operatingIncome": "-1473000000", "sellingGeneralAndAdministrative": "1052000000", "researchAndDevelopment": "4990000000", "operatingExpenses": "6323000000", "investmentIncomeNet": "None", "netInterestIncome": "-250000000", "interestIncome": "-152000000", "interestExpense": "250000000", "nonInterestIncome": "5644000000", "otherNonOperatingIncome": "222000000", "depreciation": "66000000", "depreciationAndAmortization": "281000000", "incomeBeforeTax": "-1498000000", "incomeTaxExpense": "-333000000", "interestAndDebtExpense": "250000000", "netIncomeFromContinuingOperations": "-1168000000", "comprehensiveIncomeNetOfTax": "-1150000000", "ebit": "-1248000000", "ebitda": "-967000000", "netIncome": "-1165000000"}, {"fiscalDateEnding": "2019-06-30", "reportedCurrency": "USD", "grossProfit": "4607000000", "totalRevenue": "5685000000", "costOfRevenue": "1078000000", "costofGoodsAndServicesSold": "1000000000", "operatingIncome": "2430000000", "sellingGeneralAndAdministrative": "1095000000", "researchAndDevelopment": "1160000000", "operatingExpenses": "2543000000", "investmentIncomeNet": "None", "netInterestIncome": "-248000000", "interestIncome": "-196000000", "interestExpense": "248000000", "nonInterestIncome": "5680000000", "otherNonOperatingIncome": "228000000", "depreciation": "60000000", "depreciationAndAmortization": "288000000", "incomeBeforeTax": "2415000000", "incomeTaxExpense": "535000000", "interestAndDebtExpense": "248000000", "netIncomeFromContinuingOperations": "1875000000", "comprehensiveIncomeNetOfTax": "1852000000", "ebit": "2663000000", "ebitda": "2951000000", "netIncome": "1880000000"}, {"fiscalDateEnding": "2019-03-31", "reportedCurrency": "USD", "grossProfit": "4243000000", "totalRevenue": "5281000000", "costOfRevenue": "1038000000", "costofGoodsAndServicesSold": "957000000", "operatingIncome": "2237000000", "sellingGeneralAndAdministrative": "1030000000", "researchAndDevelopment": "1057000000", "operatingExpenses": "2386000000", "investmentIncomeNet": "None", "netInterestIncome": "-254000000", "interestIncome": "-63000000", "interestExpense": "254000000", "nonInterestIncome": "5275000000", "otherNonOperatingIncome": "367000000", "depreciation": "60000000", "depreciationAndAmortization": "299000000", "incomeBeforeTax": "2357000000", "incomeTaxExpense": "382000000", "interestAndDebtExpense": "254000000", "netIncomeFromContinuingOperations": "1968000000", "comprehensiveIncomeNetOfTax": "2025000000", "ebit": "2611000000", "ebitda": "2910000000", "netIncome": "1975000000"}, {"fiscalDateEnding": "2018-12-31", "reportedCurrency": "USD", "grossProfit": "4111000000", "totalRevenue": "5795000000", "costOfRevenue": "1684000000", "costofGoodsAndServicesSold": "1570000000", "operatingIncome": "1144000000", "sellingGeneralAndAdministrative": "1131000000", "researchAndDevelopment": "1950000000", "operatingExpenses": "820000000", "investmentIncomeNet": "None", "netInterestIncome": "-257000000", "interestIncome": "None", "interestExpense": "257000000", "nonInterestIncome": "22114000000", "otherNonOperatingIncome": "129000000", "depreciation": "57000000", "depreciationAndAmortization": "358000000", "incomeBeforeTax": "1016000000", "incomeTaxExpense": "1013000000", "interestAndDebtExpense": "257000000", "netIncomeFromContinuingOperations": "3291000000", "comprehensiveIncomeNetOfTax": "47000000", "ebit": "1273000000", "ebitda": "1631000000", "netIncome": "3000000"}, {"fiscalDateEnding": "2018-09-30", "reportedCurrency": "USD", "grossProfit": "4369000000", "totalRevenue": "5596000000", "costOfRevenue": "1227000000", "costofGoodsAndServicesSold": "1086000000", "operatingIncome": "2623000000", "sellingGeneralAndAdministrative": "948000000", "researchAndDevelopment": "939000000", "operatingExpenses": "1887000000", "investmentIncomeNet": "None", "netInterestIncome": "-264000000", "interestIncome": "None", "interestExpense": "264000000", "nonInterestIncome": "15000000", "otherNonOperatingIncome": "305000000", "depreciation": "57000000", "depreciationAndAmortization": "301000000", "incomeBeforeTax": "2662000000", "incomeTaxExpense": "565000000", "interestAndDebtExpense": "264000000", "netIncomeFromContinuingOperations": "2099000000", "comprehensiveIncomeNetOfTax": "2131000000", "ebit": "2926000000", "ebitda": "3227000000", "netIncome": "2097000000"}, {"fiscalDateEnding": "2018-06-30", "reportedCurrency": "USD", "grossProfit": "4344000000", "totalRevenue": "5648000000", "costOfRevenue": "1304000000", "costofGoodsAndServicesSold": "1196000000", "operatingIncome": "2280000000", "sellingGeneralAndAdministrative": "980000000", "researchAndDevelopment": "1192000000", "operatingExpenses": "2172000000", "investmentIncomeNet": "None", "netInterestIncome": "-266000000", "interestIncome": "None", "interestExpense": "266000000", "nonInterestIncome": "10000000", "otherNonOperatingIncome": "72000000", "depreciation": "56000000", "depreciationAndAmortization": "300000000", "incomeBeforeTax": "2084000000", "incomeTaxExpense": "267000000", "interestAndDebtExpense": "266000000", "netIncomeFromContinuingOperations": "1819000000", "comprehensiveIncomeNetOfTax": "1989000000", "ebit": "2350000000", "ebitda": "2650000000", "netIncome": "1817000000"}, {"fiscalDateEnding": "2018-03-31", "reportedCurrency": "USD", "grossProfit": "4000000000", "totalRevenue": "5088000000", "costOfRevenue": "1088000000", "costofGoodsAndServicesSold": "1001000000", "operatingIncome": "2153000000", "sellingGeneralAndAdministrative": "997000000", "researchAndDevelopment": "937000000", "operatingExpenses": "1934000000", "investmentIncomeNet": "None", "netInterestIncome": "-290000000", "interestIncome": "None", "interestExpense": "290000000", "nonInterestIncome": "5074000000", "otherNonOperatingIncome": "170000000", "depreciation": "56000000", "depreciationAndAmortization": "301000000", "incomeBeforeTax": "2032000000", "incomeTaxExpense": "494000000", "interestAndDebtExpense": "290000000", "netIncomeFromContinuingOperations": "1539000000", "comprehensiveIncomeNetOfTax": "1496000000", "ebit": "2322000000", "ebitda": "2623000000", "netIncome": "1538000000"}, {"fiscalDateEnding": "2017-12-31", "reportedCurrency": "USD", "grossProfit": "4581000000", "totalRevenue": "5949000000", "costOfRevenue": "1368000000", "costofGoodsAndServicesSold": "1256000000", "operatingIncome": "2291000000", "sellingGeneralAndAdministrative": "1252000000", "researchAndDevelopment": "1150000000", "operatingExpenses": "2402000000", "investmentIncomeNet": "None", "netInterestIncome": "-297000000", "interestIncome": "None", "interestExpense": "297000000", "nonInterestIncome": "26106000000", "otherNonOperatingIncome": "132000000", "depreciation": "78000000", "depreciationAndAmortization": "397000000", "incomeBeforeTax": "2097000000", "incomeTaxExpense": "5962000000", "interestAndDebtExpense": "297000000", "netIncomeFromContinuingOperations": "4581000000", "comprehensiveIncomeNetOfTax": "-3949000000", "ebit": "2394000000", "ebitda": "2791000000", "netIncome": "-3865000000"}, {"fiscalDateEnding": "2017-09-30", "reportedCurrency": "USD", "grossProfit": "5370000000", "totalRevenue": "6512000000", "costOfRevenue": "1142000000", "costofGoodsAndServicesSold": "1032000000", "operatingIncome": "3812000000", "sellingGeneralAndAdministrative": "879000000", "researchAndDevelopment": "789000000", "operatingExpenses": "1668000000", "investmentIncomeNet": "None", "netInterestIncome": "-291000000", "interestIncome": "None", "interestExpense": "291000000", "nonInterestIncome": "-2000000", "otherNonOperatingIncome": "150000000", "depreciation": "52000000", "depreciationAndAmortization": "297000000", "incomeBeforeTax": "3677000000", "incomeTaxExpense": "959000000", "interestAndDebtExpense": "291000000", "netIncomeFromContinuingOperations": "2712000000", "comprehensiveIncomeNetOfTax": "2847000000", "ebit": "3968000000", "ebitda": "4265000000", "netIncome": "2718000000"}, {"fiscalDateEnding": "2017-06-30", "reportedCurrency": "USD", "grossProfit": "5920000000", "totalRevenue": "7141000000", "costOfRevenue": "1221000000", "costofGoodsAndServicesSold": "1126000000", "operatingIncome": "4254000000", "sellingGeneralAndAdministrative": "897000000", "researchAndDevelopment": "864000000", "operatingExpenses": "1761000000", "investmentIncomeNet": "None", "netInterestIncome": "-269000000", "interestIncome": "None", "interestExpense": "269000000", "nonInterestIncome": "25000000", "otherNonOperatingIncome": "130000000", "depreciation": "54000000", "depreciationAndAmortization": "298000000", "incomeBeforeTax": "4119000000", "incomeTaxExpense": "1046000000", "interestAndDebtExpense": "269000000", "netIncomeFromContinuingOperations": "3069000000", "comprehensiveIncomeNetOfTax": "2933000000", "ebit": "4388000000", "ebitda": "4686000000", "netIncome": "3073000000"}, {"fiscalDateEnding": "2017-03-31", "reportedCurrency": "USD", "grossProfit": "5420000000", "totalRevenue": "6505000000", "costOfRevenue": "1085000000", "costofGoodsAndServicesSold": "957000000", "operatingIncome": "3767000000", "sellingGeneralAndAdministrative": "850000000", "researchAndDevelopment": "931000000", "operatingExpenses": "1781000000", "investmentIncomeNet": "None", "netInterestIncome": "-261000000", "interestIncome": "None", "interestExpense": "261000000", "nonInterestIncome": "-135000000", "otherNonOperatingIncome": "111000000", "depreciation": "49000000", "depreciationAndAmortization": "294000000", "incomeBeforeTax": "3620000000", "incomeTaxExpense": "918000000", "interestAndDebtExpense": "261000000", "netIncomeFromContinuingOperations": "2699000000", "comprehensiveIncomeNetOfTax": "2684000000", "ebit": "3881000000", "ebitda": "4175000000", "netIncome": "2702000000"}, {"fiscalDateEnding": "2016-12-31", "reportedCurrency": "USD", "grossProfit": "6141000000", "totalRevenue": "8347000000", "costOfRevenue": "2268000000", "costofGoodsAndServicesSold": "1075000000", "operatingIncome": "4045000000", "sellingGeneralAndAdministrative": "992000000", "researchAndDevelopment": "1208000000", "operatingExpenses": "2401000000", "investmentIncomeNet": "None", "netInterestIncome": "-265000000", "interestIncome": "None", "interestExpense": "265000000", "nonInterestIncome": "30924000000", "otherNonOperatingIncome": "140000000", "depreciation": "48000000", "depreciationAndAmortization": "292000000", "incomeBeforeTax": "3929000000", "incomeTaxExpense": "821000000", "interestAndDebtExpense": "265000000", "netIncomeFromContinuingOperations": "6141000000", "comprehensiveIncomeNetOfTax": "3494000000", "ebit": "4194000000", "ebitda": "4486000000", "netIncome": "3108000000"}]}