{"symbol": "GPS", "annualReports": [{"fiscalDateEnding": "2021-01-30", "reportedCurrency": "USD", "grossProfit": "4705000000", "totalRevenue": "13800000000", "costOfRevenue": "9095000000", "costofGoodsAndServicesSold": "9095000000", "operatingIncome": "-862000000", "sellingGeneralAndAdministrative": "816000000", "researchAndDevelopment": "46000000", "operatingExpenses": "5567000000", "investmentIncomeNet": "10000000", "netInterestIncome": "-192000000", "interestIncome": "-182000000", "interestExpense": "192000000", "nonInterestIncome": "-35000000", "otherNonOperatingIncome": "-48000000", "depreciation": "505000000", "depreciationAndAmortization": "507000000", "incomeBeforeTax": "-1102000000", "incomeTaxExpense": "-437000000", "interestAndDebtExpense": "250000000", "netIncomeFromContinuingOperations": "-665000000", "comprehensiveIncomeNetOfTax": "-696000000", "ebit": "-910000000", "ebitda": "-403000000", "netIncome": "-665000000"}, {"fiscalDateEnding": "2020-02-01", "reportedCurrency": "USD", "grossProfit": "6133000000", "totalRevenue": "16383000000", "costOfRevenue": "10250000000", "costofGoodsAndServicesSold": "10250000000", "operatingIncome": "574000000", "sellingGeneralAndAdministrative": "687000000", "researchAndDevelopment": "41000000", "operatingExpenses": "5559000000", "investmentIncomeNet": "30000000", "netInterestIncome": "-76000000", "interestIncome": "30000000", "interestExpense": "76000000", "nonInterestIncome": "192000000", "otherNonOperatingIncome": "30000000", "depreciation": "554000000", "depreciationAndAmortization": "557000000", "incomeBeforeTax": "528000000", "incomeTaxExpense": "177000000", "interestAndDebtExpense": "76000000", "netIncomeFromContinuingOperations": "351000000", "comprehensiveIncomeNetOfTax": "338000000", "ebit": "604000000", "ebitda": "1161000000", "netIncome": "351000000"}, {"fiscalDateEnding": "2019-02-02", "reportedCurrency": "USD", "grossProfit": "6322000000", "totalRevenue": "16580000000", "costOfRevenue": "10258000000", "costofGoodsAndServicesSold": "10258000000", "operatingIncome": "1362000000", "sellingGeneralAndAdministrative": "650000000", "researchAndDevelopment": "50000000", "operatingExpenses": "4960000000", "investmentIncomeNet": "33000000", "netInterestIncome": "-73000000", "interestIncome": "33000000", "interestExpense": "73000000", "nonInterestIncome": "-32000000", "otherNonOperatingIncome": "33000000", "depreciation": "575000000", "depreciationAndAmortization": "578000000", "incomeBeforeTax": "1322000000", "incomeTaxExpense": "319000000", "interestAndDebtExpense": "73000000", "netIncomeFromContinuingOperations": "1003000000", "comprehensiveIncomeNetOfTax": "1020000000", "ebit": "1395000000", "ebitda": "1973000000", "netIncome": "1003000000"}, {"fiscalDateEnding": "2018-02-03", "reportedCurrency": "USD", "grossProfit": "6066000000", "totalRevenue": "15855000000", "costOfRevenue": "9789000000", "costofGoodsAndServicesSold": "9789000000", "operatingIncome": "1479000000", "sellingGeneralAndAdministrative": "1967000000", "researchAndDevelopment": "51000000", "operatingExpenses": "4587000000", "investmentIncomeNet": "19000000", "netInterestIncome": "-74000000", "interestIncome": "19000000", "interestExpense": "74000000", "nonInterestIncome": "31000000", "otherNonOperatingIncome": "19000000", "depreciation": "556000000", "depreciationAndAmortization": "559000000", "incomeBeforeTax": "1424000000", "incomeTaxExpense": "576000000", "interestAndDebtExpense": "74000000", "netIncomeFromContinuingOperations": "848000000", "comprehensiveIncomeNetOfTax": "830000000", "ebit": "1498000000", "ebitda": "2057000000", "netIncome": "848000000"}, {"fiscalDateEnding": "2017-01-28", "reportedCurrency": "USD", "grossProfit": "5640000000", "totalRevenue": "15516000000", "costOfRevenue": "9876000000", "costofGoodsAndServicesSold": "9876000000", "operatingIncome": "1191000000", "sellingGeneralAndAdministrative": "1952000000", "researchAndDevelopment": "46000000", "operatingExpenses": "4449000000", "investmentIncomeNet": "8000000", "netInterestIncome": "-75000000", "interestIncome": "8000000", "interestExpense": "75000000", "nonInterestIncome": "2000000", "otherNonOperatingIncome": "8000000", "depreciation": "590000000", "depreciationAndAmortization": "593000000", "incomeBeforeTax": "1124000000", "incomeTaxExpense": "448000000", "interestAndDebtExpense": "75000000", "netIncomeFromContinuingOperations": "676000000", "comprehensiveIncomeNetOfTax": "645000000", "ebit": "1199000000", "ebitda": "1792000000", "netIncome": "676000000"}], "quarterlyReports": [{"fiscalDateEnding": "2021-10-30", "reportedCurrency": "USD", "grossProfit": "1661000000", "totalRevenue": "3943000000", "costOfRevenue": "2282000000", "costofGoodsAndServicesSold": "2282000000", "operatingIncome": "153000000", "sellingGeneralAndAdministrative": "None", "researchAndDevelopment": "None", "operatingExpenses": "1508000000", "investmentIncomeNet": "1000000", "netInterestIncome": "-44000000", "interestIncome": "-43000000", "interestExpense": "44000000", "nonInterestIncome": "-325000000", "otherNonOperatingIncome": "-324000000", "depreciation": "None", "depreciationAndAmortization": "128000000", "incomeBeforeTax": "-215000000", "incomeTaxExpense": "-63000000", "interestAndDebtExpense": "369000000", "netIncomeFromContinuingOperations": "-152000000", "comprehensiveIncomeNetOfTax": "-144000000", "ebit": "-171000000", "ebitda": "-43000000", "netIncome": "-152000000"}, {"fiscalDateEnding": "2021-07-31", "reportedCurrency": "USD", "grossProfit": "1823000000", "totalRevenue": "4211000000", "costOfRevenue": "2388000000", "costofGoodsAndServicesSold": "2388000000", "operatingIncome": "409000000", "sellingGeneralAndAdministrative": "None", "researchAndDevelopment": "None", "operatingExpenses": "1414000000", "investmentIncomeNet": "1000000", "netInterestIncome": "-51000000", "interestIncome": "1000000", "interestExpense": "51000000", "nonInterestIncome": "0", "otherNonOperatingIncome": "1000000", "depreciation": "None", "depreciationAndAmortization": "124000000", "incomeBeforeTax": "359000000", "incomeTaxExpense": "101000000", "interestAndDebtExpense": "51000000", "netIncomeFromContinuingOperations": "258000000", "comprehensiveIncomeNetOfTax": "264000000", "ebit": "410000000", "ebitda": "534000000", "netIncome": "258000000"}, {"fiscalDateEnding": "2021-05-01", "reportedCurrency": "USD", "grossProfit": "1630000000", "totalRevenue": "3991000000", "costOfRevenue": "2361000000", "costofGoodsAndServicesSold": "2361000000", "operatingIncome": "240000000", "sellingGeneralAndAdministrative": "None", "researchAndDevelopment": "None", "operatingExpenses": "1390000000", "investmentIncomeNet": "1000000", "netInterestIncome": "-54000000", "interestIncome": "-53000000", "interestExpense": "54000000", "nonInterestIncome": "0", "otherNonOperatingIncome": "1000000", "depreciation": "None", "depreciationAndAmortization": "120000000", "incomeBeforeTax": "187000000", "incomeTaxExpense": "21000000", "interestAndDebtExpense": "54000000", "netIncomeFromContinuingOperations": "166000000", "comprehensiveIncomeNetOfTax": "159000000", "ebit": "241000000", "ebitda": "361000000", "netIncome": "166000000"}, {"fiscalDateEnding": "2021-01-30", "reportedCurrency": "USD", "grossProfit": "1668000000", "totalRevenue": "4424000000", "costOfRevenue": "2756000000", "costofGoodsAndServicesSold": "2756000000", "operatingIncome": "134000000", "sellingGeneralAndAdministrative": "None", "researchAndDevelopment": "None", "operatingExpenses": "1534000000", "investmentIncomeNet": "3000000", "netInterestIncome": "-60000000", "interestIncome": "-57000000", "interestExpense": "60000000", "nonInterestIncome": "23000000", "otherNonOperatingIncome": "None", "depreciation": "None", "depreciationAndAmortization": "126000000", "incomeBeforeTax": "77000000", "incomeTaxExpense": "-157000000", "interestAndDebtExpense": "60000000", "netIncomeFromContinuingOperations": "234000000", "comprehensiveIncomeNetOfTax": "219000000", "ebit": "137000000", "ebitda": "263000000", "netIncome": "234000000"}, {"fiscalDateEnding": "2020-10-31", "reportedCurrency": "USD", "grossProfit": "1620000000", "totalRevenue": "3994000000", "costOfRevenue": "2374000000", "costofGoodsAndServicesSold": "2374000000", "operatingIncome": "175000000", "sellingGeneralAndAdministrative": "None", "researchAndDevelopment": "None", "operatingExpenses": "1445000000", "investmentIncomeNet": "1000000", "netInterestIncome": "-55000000", "interestIncome": "-54000000", "interestExpense": "55000000", "nonInterestIncome": "0", "otherNonOperatingIncome": "1000000", "depreciation": "None", "depreciationAndAmortization": "125000000", "incomeBeforeTax": "121000000", "incomeTaxExpense": "26000000", "interestAndDebtExpense": "55000000", "netIncomeFromContinuingOperations": "95000000", "comprehensiveIncomeNetOfTax": "97000000", "ebit": "176000000", "ebitda": "301000000", "netIncome": "95000000"}, {"fiscalDateEnding": "2020-08-01", "reportedCurrency": "USD", "grossProfit": "1149000000", "totalRevenue": "3275000000", "costOfRevenue": "2126000000", "costofGoodsAndServicesSold": "2126000000", "operatingIncome": "73000000", "sellingGeneralAndAdministrative": "None", "researchAndDevelopment": "None", "operatingExpenses": "1076000000", "investmentIncomeNet": "2000000", "netInterestIncome": "-58000000", "interestIncome": "-56000000", "interestExpense": "58000000", "nonInterestIncome": "-58000000", "otherNonOperatingIncome": "None", "depreciation": "None", "depreciationAndAmortization": "126000000", "incomeBeforeTax": "-41000000", "incomeTaxExpense": "21000000", "interestAndDebtExpense": "116000000", "netIncomeFromContinuingOperations": "-62000000", "comprehensiveIncomeNetOfTax": "-86000000", "ebit": "17000000", "ebitda": "143000000", "netIncome": "-62000000"}, {"fiscalDateEnding": "2020-05-02", "reportedCurrency": "USD", "grossProfit": "268000000", "totalRevenue": "2107000000", "costOfRevenue": "1839000000", "costofGoodsAndServicesSold": "1839000000", "operatingIncome": "-1244000000", "sellingGeneralAndAdministrative": "None", "researchAndDevelopment": "None", "operatingExpenses": "1512000000", "investmentIncomeNet": "4000000", "netInterestIncome": "-19000000", "interestIncome": "4000000", "interestExpense": "19000000", "nonInterestIncome": "0", "otherNonOperatingIncome": "4000000", "depreciation": "None", "depreciationAndAmortization": "130000000", "incomeBeforeTax": "-1259000000", "incomeTaxExpense": "-327000000", "interestAndDebtExpense": "19000000", "netIncomeFromContinuingOperations": "-932000000", "comprehensiveIncomeNetOfTax": "-926000000", "ebit": "-1240000000", "ebitda": "-1110000000", "netIncome": "-932000000"}, {"fiscalDateEnding": "2020-02-01", "reportedCurrency": "USD", "grossProfit": "1674000000", "totalRevenue": "4674000000", "costOfRevenue": "3000000000", "costofGoodsAndServicesSold": "3000000000", "operatingIncome": "-245000000", "sellingGeneralAndAdministrative": "1418000000", "researchAndDevelopment": "41000000", "operatingExpenses": "1919000000", "investmentIncomeNet": "9000000", "netInterestIncome": "-18000000", "interestIncome": "-9000000", "interestExpense": "18000000", "nonInterestIncome": "1000000", "otherNonOperatingIncome": "None", "depreciation": "None", "depreciationAndAmortization": "140000000", "incomeBeforeTax": "-254000000", "incomeTaxExpense": "-70000000", "interestAndDebtExpense": "18000000", "netIncomeFromContinuingOperations": "-184000000", "comprehensiveIncomeNetOfTax": "-186000000", "ebit": "-236000000", "ebitda": "-96000000", "netIncome": "-184000000"}, {"fiscalDateEnding": "2019-11-02", "reportedCurrency": "USD", "grossProfit": "1559000000", "totalRevenue": "3998000000", "costOfRevenue": "2439000000", "costofGoodsAndServicesSold": "2439000000", "operatingIncome": "221000000", "sellingGeneralAndAdministrative": "1708000000", "researchAndDevelopment": "41000000", "operatingExpenses": "1338000000", "investmentIncomeNet": "7000000", "netInterestIncome": "-19000000", "interestIncome": "-12000000", "interestExpense": "19000000", "nonInterestIncome": "0", "otherNonOperatingIncome": "None", "depreciation": "None", "depreciationAndAmortization": "140000000", "incomeBeforeTax": "209000000", "incomeTaxExpense": "69000000", "interestAndDebtExpense": "19000000", "netIncomeFromContinuingOperations": "1559000000", "comprehensiveIncomeNetOfTax": "127000000", "ebit": "228000000", "ebitda": "368000000", "netIncome": "140000000"}, {"fiscalDateEnding": "2019-08-03", "reportedCurrency": "USD", "grossProfit": "1556000000", "totalRevenue": "4005000000", "costOfRevenue": "2449000000", "costofGoodsAndServicesSold": "2449000000", "operatingIncome": "282000000", "sellingGeneralAndAdministrative": "1678000000", "researchAndDevelopment": "41000000", "operatingExpenses": "1274000000", "investmentIncomeNet": "8000000", "netInterestIncome": "-19000000", "interestIncome": "8000000", "interestExpense": "19000000", "nonInterestIncome": "0", "otherNonOperatingIncome": "8000000", "depreciation": "None", "depreciationAndAmortization": "139000000", "incomeBeforeTax": "271000000", "incomeTaxExpense": "103000000", "interestAndDebtExpense": "19000000", "netIncomeFromContinuingOperations": "1556000000", "comprehensiveIncomeNetOfTax": "166000000", "ebit": "290000000", "ebitda": "429000000", "netIncome": "168000000"}, {"fiscalDateEnding": "2019-05-04", "reportedCurrency": "USD", "grossProfit": "1344000000", "totalRevenue": "3706000000", "costOfRevenue": "2362000000", "costofGoodsAndServicesSold": "2362000000", "operatingIncome": "316000000", "sellingGeneralAndAdministrative": "1684000000", "researchAndDevelopment": "41000000", "operatingExpenses": "1028000000", "investmentIncomeNet": "6000000", "netInterestIncome": "-20000000", "interestIncome": "6000000", "interestExpense": "20000000", "nonInterestIncome": "191000000", "otherNonOperatingIncome": "6000000", "depreciation": "None", "depreciationAndAmortization": "138000000", "incomeBeforeTax": "302000000", "incomeTaxExpense": "75000000", "interestAndDebtExpense": "20000000", "netIncomeFromContinuingOperations": "1344000000", "comprehensiveIncomeNetOfTax": "231000000", "ebit": "322000000", "ebitda": "460000000", "netIncome": "227000000"}, {"fiscalDateEnding": "2019-02-02", "reportedCurrency": "USD", "grossProfit": "1645000000", "totalRevenue": "4623000000", "costOfRevenue": "2978000000", "costofGoodsAndServicesSold": "2978000000", "operatingIncome": "372000000", "sellingGeneralAndAdministrative": "1173000000", "researchAndDevelopment": "50000000", "operatingExpenses": "1273000000", "investmentIncomeNet": "12000000", "netInterestIncome": "-19000000", "interestIncome": "None", "interestExpense": "19000000", "nonInterestIncome": "-32000000", "otherNonOperatingIncome": "12000000", "depreciation": "None", "depreciationAndAmortization": "153000000", "incomeBeforeTax": "365000000", "incomeTaxExpense": "89000000", "interestAndDebtExpense": "19000000", "netIncomeFromContinuingOperations": "1645000000", "comprehensiveIncomeNetOfTax": "276000000", "ebit": "384000000", "ebitda": "537000000", "netIncome": "276000000"}, {"fiscalDateEnding": "2018-11-03", "reportedCurrency": "USD", "grossProfit": "1623000000", "totalRevenue": "4089000000", "costOfRevenue": "2466000000", "costofGoodsAndServicesSold": "2466000000", "operatingIncome": "363000000", "sellingGeneralAndAdministrative": "1274000000", "researchAndDevelopment": "50000000", "operatingExpenses": "1260000000", "investmentIncomeNet": "8000000", "netInterestIncome": "-21000000", "interestIncome": "None", "interestExpense": "21000000", "nonInterestIncome": "0", "otherNonOperatingIncome": "8000000", "depreciation": "None", "depreciationAndAmortization": "145000000", "incomeBeforeTax": "350000000", "incomeTaxExpense": "84000000", "interestAndDebtExpense": "21000000", "netIncomeFromContinuingOperations": "1623000000", "comprehensiveIncomeNetOfTax": "266000000", "ebit": "371000000", "ebitda": "516000000", "netIncome": "266000000"}, {"fiscalDateEnding": "2018-08-04", "reportedCurrency": "USD", "grossProfit": "1627000000", "totalRevenue": "4085000000", "costOfRevenue": "2458000000", "costofGoodsAndServicesSold": "2458000000", "operatingIncome": "398000000", "sellingGeneralAndAdministrative": "1241000000", "researchAndDevelopment": "50000000", "operatingExpenses": "1229000000", "investmentIncomeNet": "7000000", "netInterestIncome": "-17000000", "interestIncome": "None", "interestExpense": "17000000", "nonInterestIncome": "0", "otherNonOperatingIncome": "7000000", "depreciation": "None", "depreciationAndAmortization": "140000000", "incomeBeforeTax": "388000000", "incomeTaxExpense": "91000000", "interestAndDebtExpense": "17000000", "netIncomeFromContinuingOperations": "1627000000", "comprehensiveIncomeNetOfTax": "299000000", "ebit": "405000000", "ebitda": "545000000", "netIncome": "297000000"}, {"fiscalDateEnding": "2018-05-05", "reportedCurrency": "USD", "grossProfit": "1427000000", "totalRevenue": "3783000000", "costOfRevenue": "2356000000", "costofGoodsAndServicesSold": "2356000000", "operatingIncome": "229000000", "sellingGeneralAndAdministrative": "1210000000", "researchAndDevelopment": "50000000", "operatingExpenses": "1198000000", "investmentIncomeNet": "6000000", "netInterestIncome": "-16000000", "interestIncome": "None", "interestExpense": "16000000", "nonInterestIncome": "0", "otherNonOperatingIncome": "6000000", "depreciation": "None", "depreciationAndAmortization": "140000000", "incomeBeforeTax": "219000000", "incomeTaxExpense": "55000000", "interestAndDebtExpense": "16000000", "netIncomeFromContinuingOperations": "1427000000", "comprehensiveIncomeNetOfTax": "179000000", "ebit": "235000000", "ebitda": "375000000", "netIncome": "164000000"}, {"fiscalDateEnding": "2018-02-03", "reportedCurrency": "USD", "grossProfit": "1759000000", "totalRevenue": "4778000000", "costOfRevenue": "3019000000", "costofGoodsAndServicesSold": "3019000000", "operatingIncome": "396000000", "sellingGeneralAndAdministrative": "1363000000", "researchAndDevelopment": "None", "operatingExpenses": "1363000000", "investmentIncomeNet": "8000000", "netInterestIncome": "-21000000", "interestIncome": "None", "interestExpense": "21000000", "nonInterestIncome": "None", "otherNonOperatingIncome": "8000000", "depreciation": "None", "depreciationAndAmortization": "141000000", "incomeBeforeTax": "383000000", "incomeTaxExpense": "178000000", "interestAndDebtExpense": "21000000", "netIncomeFromContinuingOperations": "-57000000", "comprehensiveIncomeNetOfTax": "201000000", "ebit": "404000000", "ebitda": "545000000", "netIncome": "205000000"}, {"fiscalDateEnding": "2017-10-28", "reportedCurrency": "USD", "grossProfit": "1525000000", "totalRevenue": "3838000000", "costOfRevenue": "2313000000", "costofGoodsAndServicesSold": "2313000000", "operatingIncome": "378000000", "sellingGeneralAndAdministrative": "1147000000", "researchAndDevelopment": "None", "operatingExpenses": "1147000000", "investmentIncomeNet": "4000000", "netInterestIncome": "-18000000", "interestIncome": "None", "interestExpense": "18000000", "nonInterestIncome": "None", "otherNonOperatingIncome": "4000000", "depreciation": "None", "depreciationAndAmortization": "139000000", "incomeBeforeTax": "364000000", "incomeTaxExpense": "135000000", "interestAndDebtExpense": "18000000", "netIncomeFromContinuingOperations": "229000000", "comprehensiveIncomeNetOfTax": "246000000", "ebit": "382000000", "ebitda": "521000000", "netIncome": "229000000"}, {"fiscalDateEnding": "2017-07-29", "reportedCurrency": "USD", "grossProfit": "1479000000", "totalRevenue": "3799000000", "costOfRevenue": "2320000000", "costofGoodsAndServicesSold": "2320000000", "operatingIncome": "451000000", "sellingGeneralAndAdministrative": "1092000000", "researchAndDevelopment": "None", "operatingExpenses": "1028000000", "investmentIncomeNet": "4000000", "netInterestIncome": "-16000000", "interestIncome": "None", "interestExpense": "16000000", "nonInterestIncome": "None", "otherNonOperatingIncome": "4000000", "depreciation": "None", "depreciationAndAmortization": "141000000", "incomeBeforeTax": "439000000", "incomeTaxExpense": "168000000", "interestAndDebtExpense": "16000000", "netIncomeFromContinuingOperations": "271000000", "comprehensiveIncomeNetOfTax": "248000000", "ebit": "455000000", "ebitda": "596000000", "netIncome": "271000000"}, {"fiscalDateEnding": "2017-04-29", "reportedCurrency": "USD", "grossProfit": "1303000000", "totalRevenue": "3440000000", "costOfRevenue": "2137000000", "costofGoodsAndServicesSold": "2137000000", "operatingIncome": "254000000", "sellingGeneralAndAdministrative": "1049000000", "researchAndDevelopment": "None", "operatingExpenses": "1049000000", "investmentIncomeNet": "3000000", "netInterestIncome": "-19000000", "interestIncome": "None", "interestExpense": "19000000", "nonInterestIncome": "None", "otherNonOperatingIncome": "3000000", "depreciation": "None", "depreciationAndAmortization": "138000000", "incomeBeforeTax": "238000000", "incomeTaxExpense": "95000000", "interestAndDebtExpense": "19000000", "netIncomeFromContinuingOperations": "143000000", "comprehensiveIncomeNetOfTax": "135000000", "ebit": "257000000", "ebitda": "395000000", "netIncome": "143000000"}, {"fiscalDateEnding": "2017-01-28", "reportedCurrency": "USD", "grossProfit": "1501000000", "totalRevenue": "4486000000", "costOfRevenue": "89000000", "costofGoodsAndServicesSold": "2936000000", "operatingIncome": "301000000", "sellingGeneralAndAdministrative": "1176000000", "researchAndDevelopment": "None", "operatingExpenses": "1200000000", "investmentIncomeNet": "2000000", "netInterestIncome": "-18000000", "interestIncome": "None", "interestExpense": "18000000", "nonInterestIncome": "None", "otherNonOperatingIncome": "2000000", "depreciation": "None", "depreciationAndAmortization": "144000000", "incomeBeforeTax": "285000000", "incomeTaxExpense": "65000000", "interestAndDebtExpense": "18000000", "netIncomeFromContinuingOperations": "1412000000", "comprehensiveIncomeNetOfTax": "246000000", "ebit": "303000000", "ebitda": "447000000", "netIncome": "220000000"}]}