{"symbol": "GRMN", "annualReports": [{"fiscalDateEnding": "2020-12-31", "reportedCurrency": "USD", "grossProfit": "2481336000", "totalRevenue": "4191197000", "costOfRevenue": "2310279000", "costofGoodsAndServicesSold": "1705237000", "operatingIncome": "1054240000", "sellingGeneralAndAdministrative": "570245000", "researchAndDevelopment": "705685000", "operatingExpenses": "1427096000", "investmentIncomeNet": "None", "netInterestIncome": "37002000", "interestIncome": "37002000", "interestExpense": "None", "nonInterestIncome": "4191197000", "otherNonOperatingIncome": "9343000", "depreciation": "78121000", "depreciationAndAmortization": "34797000", "incomeBeforeTax": "1103410000", "incomeTaxExpense": "111086000", "interestAndDebtExpense": "None", "netIncomeFromContinuingOperations": "992324000", "comprehensiveIncomeNetOfTax": "1119877000", "ebit": "1054240000", "ebitda": "1089037000", "netIncome": "992324000"}, {"fiscalDateEnding": "2019-12-31", "reportedCurrency": "USD", "grossProfit": "2233976000", "totalRevenue": "3740939000", "costOfRevenue": "2068322000", "costofGoodsAndServicesSold": "1523529000", "operatingIncome": "945586000", "sellingGeneralAndAdministrative": "518568000", "researchAndDevelopment": "605366000", "operatingExpenses": "1288390000", "investmentIncomeNet": "None", "netInterestIncome": "52817000", "interestIncome": "52817000", "interestExpense": "36018000", "nonInterestIncome": "3740939000", "otherNonOperatingIncome": "5618000", "depreciation": "71921000", "depreciationAndAmortization": "26225000", "incomeBeforeTax": "987222000", "incomeTaxExpense": "34736000", "interestAndDebtExpense": "None", "netIncomeFromContinuingOperations": "952486000", "comprehensiveIncomeNetOfTax": "999930000", "ebit": "945586000", "ebitda": "971811000", "netIncome": "952486000"}, {"fiscalDateEnding": "2018-12-31", "reportedCurrency": "USD", "grossProfit": "1979719000", "totalRevenue": "3345680000", "costOfRevenue": "1867698000", "costofGoodsAndServicesSold": "1367725000", "operatingIncome": "778343000", "sellingGeneralAndAdministrative": "478177000", "researchAndDevelopment": "567805000", "operatingExpenses": "1201376000", "investmentIncomeNet": "47147000", "netInterestIncome": "47147000", "interestIncome": "47147000", "interestExpense": "39531000", "nonInterestIncome": "3340307000", "otherNonOperatingIncome": "5373000", "depreciation": "64798000", "depreciationAndAmortization": "21796000", "incomeBeforeTax": "823247000", "incomeTaxExpense": "129167000", "interestAndDebtExpense": "None", "netIncomeFromContinuingOperations": "694080000", "comprehensiveIncomeNetOfTax": "646534000", "ebit": "778343000", "ebitda": "800139000", "netIncome": "694080000"}, {"fiscalDateEnding": "2017-12-31", "reportedCurrency": "USD", "grossProfit": "1797941000", "totalRevenue": "3063743000", "costOfRevenue": "1762680000", "costofGoodsAndServicesSold": "1323619000", "operatingIncome": "683637000", "sellingGeneralAndAdministrative": "437977000", "researchAndDevelopment": "511634000", "operatingExpenses": "1114304000", "investmentIncomeNet": "36925000", "netInterestIncome": "36925000", "interestIncome": "36925000", "interestExpense": "14346000", "nonInterestIncome": "-22349000", "otherNonOperatingIncome": "-912000", "depreciation": "59895000", "depreciationAndAmortization": "20863000", "incomeBeforeTax": "697071000", "incomeTaxExpense": "-11936000", "interestAndDebtExpense": "None", "netIncomeFromContinuingOperations": "694955000", "comprehensiveIncomeNetOfTax": "802458000", "ebit": "683637000", "ebitda": "704500000", "netIncome": "709007000"}, {"fiscalDateEnding": "2016-12-31", "reportedCurrency": "USD", "grossProfit": "1688525000", "totalRevenue": "2991523000", "costOfRevenue": "1763972000", "costofGoodsAndServicesSold": "1357272000", "operatingIncome": "632864000", "sellingGeneralAndAdministrative": "410558000", "researchAndDevelopment": "467960000", "operatingExpenses": "1055661000", "investmentIncomeNet": "33406000", "netInterestIncome": "33406000", "interestIncome": "33406000", "interestExpense": "1755000", "nonInterestIncome": "-31148000", "otherNonOperatingIncome": "5761000", "depreciation": "55796000", "depreciationAndAmortization": "14319000", "incomeBeforeTax": "638625000", "incomeTaxExpense": "120901000", "interestAndDebtExpense": "None", "netIncomeFromContinuingOperations": "510814000", "comprehensiveIncomeNetOfTax": "511129000", "ebit": "632864000", "ebitda": "647183000", "netIncome": "517724000"}], "quarterlyReports": [{"fiscalDateEnding": "2021-09-30", "reportedCurrency": "USD", "grossProfit": "695947000", "totalRevenue": "1176959000", "costOfRevenue": "658541000", "costofGoodsAndServicesSold": "496026000", "operatingIncome": "282670000", "sellingGeneralAndAdministrative": "162515000", "researchAndDevelopment": "214057000", "operatingExpenses": "413277000", "investmentIncomeNet": "None", "netInterestIncome": "6897000", "interestIncome": "6897000", "interestExpense": "None", "nonInterestIncome": "1176959000", "otherNonOperatingIncome": "833000", "depreciation": "26496000", "depreciationAndAmortization": "39078000", "incomeBeforeTax": "275386000", "incomeTaxExpense": "16347000", "interestAndDebtExpense": "None", "netIncomeFromContinuingOperations": "259039000", "comprehensiveIncomeNetOfTax": "247168000", "ebit": "282670000", "ebitda": "314464000", "netIncome": "259039000"}, {"fiscalDateEnding": "2021-06-30", "reportedCurrency": "USD", "grossProfit": "780851000", "totalRevenue": "1319579000", "costOfRevenue": "711813000", "costofGoodsAndServicesSold": "546054000", "operatingIncome": "371172000", "sellingGeneralAndAdministrative": "165759000", "researchAndDevelopment": "200981000", "operatingExpenses": "409679000", "investmentIncomeNet": "None", "netInterestIncome": "7018000", "interestIncome": "7018000", "interestExpense": "None", "nonInterestIncome": "1319579000", "otherNonOperatingIncome": "1195000", "depreciation": "24788000", "depreciationAndAmortization": "37789000", "incomeBeforeTax": "372059000", "incomeTaxExpense": "55062000", "interestAndDebtExpense": "None", "netIncomeFromContinuingOperations": "316997000", "comprehensiveIncomeNetOfTax": "343372000", "ebit": "371172000", "ebitda": "409848000", "netIncome": "316997000"}, {"fiscalDateEnding": "2021-03-31", "reportedCurrency": "USD", "grossProfit": "641556000", "totalRevenue": "1229949000", "costOfRevenue": "588393000", "costofGoodsAndServicesSold": "430771000", "operatingIncome": "249659000", "sellingGeneralAndAdministrative": "157622000", "researchAndDevelopment": "203214000", "operatingExpenses": "391897000", "investmentIncomeNet": "None", "netInterestIncome": "7652000", "interestIncome": "7652000", "interestExpense": "None", "nonInterestIncome": "-8414000", "otherNonOperatingIncome": "1484000", "depreciation": "23988000", "depreciationAndAmortization": "36890000", "incomeBeforeTax": "250514000", "incomeTaxExpense": "30485000", "interestAndDebtExpense": "None", "netIncomeFromContinuingOperations": "220029000", "comprehensiveIncomeNetOfTax": "176854000", "ebit": "249659000", "ebitda": "287404000", "netIncome": "220028000"}, {"fiscalDateEnding": "2020-12-31", "reportedCurrency": "USD", "grossProfit": "790983000", "totalRevenue": "1351405000", "costOfRevenue": "754128000", "costofGoodsAndServicesSold": "560421000", "operatingIncome": "371267000", "sellingGeneralAndAdministrative": "158910000", "researchAndDevelopment": "199672000", "operatingExpenses": "419717000", "investmentIncomeNet": "None", "netInterestIncome": "6744000", "interestIncome": "6744000", "interestExpense": "-7058000", "nonInterestIncome": "1351405000", "otherNonOperatingIncome": "828000", "depreciation": "20980000", "depreciationAndAmortization": "36605000", "incomeBeforeTax": "391465000", "incomeTaxExpense": "57918000", "interestAndDebtExpense": "None", "netIncomeFromContinuingOperations": "790983000", "comprehensiveIncomeNetOfTax": "397997000", "ebit": "371267000", "ebitda": "428071000", "netIncome": "333547000"}, {"fiscalDateEnding": "2020-09-30", "reportedCurrency": "USD", "grossProfit": "667983000", "totalRevenue": "1119307000", "costOfRevenue": "583345000", "costofGoodsAndServicesSold": "441211000", "operatingIncome": "317101000", "sellingGeneralAndAdministrative": "142134000", "researchAndDevelopment": "174882000", "operatingExpenses": "350882000", "investmentIncomeNet": "None", "netInterestIncome": "7777000", "interestIncome": "7777000", "interestExpense": "None", "nonInterestIncome": "1119307000", "otherNonOperatingIncome": "1726000", "depreciation": "20111000", "depreciationAndAmortization": "32578000", "incomeBeforeTax": "336717000", "incomeTaxExpense": "23300000", "interestAndDebtExpense": "None", "netIncomeFromContinuingOperations": "313417000", "comprehensiveIncomeNetOfTax": "342666000", "ebit": "317101000", "ebitda": "369295000", "netIncome": "313417000"}, {"fiscalDateEnding": "2020-06-30", "reportedCurrency": "USD", "grossProfit": "515430000", "totalRevenue": "865374000", "costOfRevenue": "486453000", "costofGoodsAndServicesSold": "354437000", "operatingIncome": "188389000", "sellingGeneralAndAdministrative": "132016000", "researchAndDevelopment": "165740000", "operatingExpenses": "327041000", "investmentIncomeNet": "None", "netInterestIncome": "10455000", "interestIncome": "10455000", "interestExpense": "10455000", "nonInterestIncome": "865374000", "otherNonOperatingIncome": "3241000", "depreciation": "18832000", "depreciationAndAmortization": "29328000", "incomeBeforeTax": "198488000", "incomeTaxExpense": "13412000", "interestAndDebtExpense": "None", "netIncomeFromContinuingOperations": "184180000", "comprehensiveIncomeNetOfTax": "242102000", "ebit": "188389000", "ebitda": "226920000", "netIncome": "184180000"}, {"fiscalDateEnding": "2020-03-31", "reportedCurrency": "USD", "grossProfit": "506940000", "totalRevenue": "842531000", "costOfRevenue": "486354000", "costofGoodsAndServicesSold": "349168000", "operatingIncome": "177482000", "sellingGeneralAndAdministrative": "137186000", "researchAndDevelopment": "165392000", "operatingExpenses": "329458000", "investmentIncomeNet": "None", "netInterestIncome": "12026000", "interestIncome": "12026000", "interestExpense": "-3397000", "nonInterestIncome": "842531000", "otherNonOperatingIncome": "3550000", "depreciation": "18198000", "depreciationAndAmortization": "28204000", "incomeBeforeTax": "177635000", "incomeTaxExpense": "16455000", "interestAndDebtExpense": "None", "netIncomeFromContinuingOperations": "161180000", "comprehensiveIncomeNetOfTax": "137113000", "ebit": "177482000", "ebitda": "205839000", "netIncome": "161180000"}, {"fiscalDateEnding": "2019-12-31", "reportedCurrency": "USD", "grossProfit": "639456000", "totalRevenue": "1102233000", "costOfRevenue": "627281000", "costofGoodsAndServicesSold": "462777000", "operatingIncome": "276523000", "sellingGeneralAndAdministrative": "138279000", "researchAndDevelopment": "162005000", "operatingExpenses": "362932000", "investmentIncomeNet": "None", "netInterestIncome": "13069000", "interestIncome": "13069000", "interestExpense": "8838000", "nonInterestIncome": "1102233000", "otherNonOperatingIncome": "2051000", "depreciation": "19418000", "depreciationAndAmortization": "28560000", "incomeBeforeTax": "287413000", "incomeTaxExpense": "-73379000", "interestAndDebtExpense": "None", "netIncomeFromContinuingOperations": "639456000", "comprehensiveIncomeNetOfTax": "396075000", "ebit": "276523000", "ebitda": "315972000", "netIncome": "360792000"}, {"fiscalDateEnding": "2019-09-30", "reportedCurrency": "USD", "grossProfit": "567458000", "totalRevenue": "918381000", "costOfRevenue": "491694000", "costofGoodsAndServicesSold": "366925000", "operatingIncome": "261460000", "sellingGeneralAndAdministrative": "124769000", "researchAndDevelopment": "148561000", "operatingExpenses": "305998000", "investmentIncomeNet": "None", "netInterestIncome": "12309000", "interestIncome": "12309000", "interestExpense": "-3987000", "nonInterestIncome": "918087000", "otherNonOperatingIncome": "294000", "depreciation": "17977000", "depreciationAndAmortization": "26881000", "incomeBeforeTax": "257767000", "incomeTaxExpense": "29901000", "interestAndDebtExpense": "None", "netIncomeFromContinuingOperations": "227866000", "comprehensiveIncomeNetOfTax": "213775000", "ebit": "261460000", "ebitda": "284648000", "netIncome": "227866000"}, {"fiscalDateEnding": "2019-06-30", "reportedCurrency": "USD", "grossProfit": "575365000", "totalRevenue": "960662000", "costOfRevenue": "508213000", "costofGoodsAndServicesSold": "379475000", "operatingIncome": "256221000", "sellingGeneralAndAdministrative": "128738000", "researchAndDevelopment": "148883000", "operatingExpenses": "319144000", "investmentIncomeNet": "None", "netInterestIncome": "13735000", "interestIncome": "13735000", "interestExpense": "17148000", "nonInterestIncome": "958253000", "otherNonOperatingIncome": "2409000", "depreciation": "17694000", "depreciationAndAmortization": "26723000", "incomeBeforeTax": "275778000", "incomeTaxExpense": "52122000", "interestAndDebtExpense": "None", "netIncomeFromContinuingOperations": "223656000", "comprehensiveIncomeNetOfTax": "239999000", "ebit": "256221000", "ebitda": "302501000", "netIncome": "223656000"}, {"fiscalDateEnding": "2019-03-31", "reportedCurrency": "USD", "grossProfit": "451698000", "totalRevenue": "767001000", "costOfRevenue": "441133000", "costofGoodsAndServicesSold": "314352000", "operatingIncome": "151383000", "sellingGeneralAndAdministrative": "126781000", "researchAndDevelopment": "145919000", "operatingExpenses": "300315000", "investmentIncomeNet": "13704000", "netInterestIncome": "13704000", "interestIncome": "13704000", "interestExpense": "14018000", "nonInterestIncome": "766137000", "otherNonOperatingIncome": "864000", "depreciation": "16832000", "depreciationAndAmortization": "24011000", "incomeBeforeTax": "166265000", "incomeTaxExpense": "26092000", "interestAndDebtExpense": "None", "netIncomeFromContinuingOperations": "140173000", "comprehensiveIncomeNetOfTax": "150081000", "ebit": "151383000", "ebitda": "190276000", "netIncome": "140173000"}, {"fiscalDateEnding": "2018-12-31", "reportedCurrency": "USD", "grossProfit": "549166000", "totalRevenue": "932108000", "costOfRevenue": "530681000", "costofGoodsAndServicesSold": "382942000", "operatingIncome": "222673000", "sellingGeneralAndAdministrative": "125943000", "researchAndDevelopment": "145156000", "operatingExpenses": "326493000", "investmentIncomeNet": "14837000", "netInterestIncome": "None", "interestIncome": "None", "interestExpense": "10626000", "nonInterestIncome": "932108000", "otherNonOperatingIncome": "-1427000", "depreciation": "16896000", "depreciationAndAmortization": "24718000", "incomeBeforeTax": "231872000", "incomeTaxExpense": "41722000", "interestAndDebtExpense": "None", "netIncomeFromContinuingOperations": "549166000", "comprehensiveIncomeNetOfTax": "193956000", "ebit": "222673000", "ebitda": "256590000", "netIncome": "190150000"}, {"fiscalDateEnding": "2018-09-30", "reportedCurrency": "USD", "grossProfit": "480747000", "totalRevenue": "803143000", "costOfRevenue": "443933000", "costofGoodsAndServicesSold": "329264000", "operatingIncome": "195959000", "sellingGeneralAndAdministrative": "114669000", "researchAndDevelopment": "138979000", "operatingExpenses": "284788000", "investmentIncomeNet": "11089000", "netInterestIncome": "None", "interestIncome": "None", "interestExpense": "4221000", "nonInterestIncome": "803143000", "otherNonOperatingIncome": "1147000", "depreciation": "16102000", "depreciationAndAmortization": "23276000", "incomeBeforeTax": "201327000", "incomeTaxExpense": "17113000", "interestAndDebtExpense": "None", "netIncomeFromContinuingOperations": "184214000", "comprehensiveIncomeNetOfTax": "179106000", "ebit": "195959000", "ebitda": "224603000", "netIncome": "184214000"}, {"fiscalDateEnding": "2018-06-30", "reportedCurrency": "USD", "grossProfit": "523270000", "totalRevenue": "897099000", "costOfRevenue": "491682000", "costofGoodsAndServicesSold": "371182000", "operatingIncome": "217508000", "sellingGeneralAndAdministrative": "120500000", "researchAndDevelopment": "141713000", "operatingExpenses": "305762000", "investmentIncomeNet": "10995000", "netInterestIncome": "None", "interestIncome": "None", "interestExpense": "13600000", "nonInterestIncome": "897099000", "otherNonOperatingIncome": "4918000", "depreciation": "15786000", "depreciationAndAmortization": "25100000", "incomeBeforeTax": "236068000", "incomeTaxExpense": "45726000", "interestAndDebtExpense": "None", "netIncomeFromContinuingOperations": "190342000", "comprehensiveIncomeNetOfTax": "135632000", "ebit": "217508000", "ebitda": "261100000", "netIncome": "190342000"}, {"fiscalDateEnding": "2018-03-31", "reportedCurrency": "USD", "grossProfit": "426535000", "totalRevenue": "711703000", "costOfRevenue": "401402000", "costofGoodsAndServicesSold": "284337000", "operatingIncome": "142202000", "sellingGeneralAndAdministrative": "117065000", "researchAndDevelopment": "141957000", "operatingExpenses": "284333000", "investmentIncomeNet": "10227000", "netInterestIncome": "None", "interestIncome": "None", "interestExpense": "11000000", "nonInterestIncome": "831000", "otherNonOperatingIncome": "735000", "depreciation": "16014000", "depreciationAndAmortization": "23100000", "incomeBeforeTax": "153980000", "incomeTaxExpense": "24606000", "interestAndDebtExpense": "None", "netIncomeFromContinuingOperations": "129374000", "comprehensiveIncomeNetOfTax": "137840000", "ebit": "142202000", "ebitda": "177100000", "netIncome": "129374000"}, {"fiscalDateEnding": "2017-12-31", "reportedCurrency": "USD", "grossProfit": "503482000", "totalRevenue": "888496000", "costOfRevenue": "538723000", "costofGoodsAndServicesSold": "393837000", "operatingIncome": "183339000", "sellingGeneralAndAdministrative": "128882000", "researchAndDevelopment": "132551000", "operatingExpenses": "320143000", "investmentIncomeNet": "9994000", "netInterestIncome": "None", "interestIncome": "None", "interestExpense": "1200000", "nonInterestIncome": "897319000", "otherNonOperatingIncome": "-107000", "depreciation": "15884000", "depreciationAndAmortization": "22600000", "incomeBeforeTax": "184454000", "incomeTaxExpense": "41904000", "interestAndDebtExpense": "None", "netIncomeFromContinuingOperations": "499518000", "comprehensiveIncomeNetOfTax": "152473000", "ebit": "183339000", "ebitda": "207100000", "netIncome": "142550000"}, {"fiscalDateEnding": "2017-09-30", "reportedCurrency": "USD", "grossProfit": "437523000", "totalRevenue": "750136000", "costOfRevenue": "411206000", "costofGoodsAndServicesSold": "313721000", "operatingIncome": "173648000", "sellingGeneralAndAdministrative": "101794000", "researchAndDevelopment": "129632000", "operatingExpenses": "263875000", "investmentIncomeNet": "9207000", "netInterestIncome": "None", "interestIncome": "None", "interestExpense": "17800000", "nonInterestIncome": "8579000", "otherNonOperatingIncome": "-1520000", "depreciation": "14453000", "depreciationAndAmortization": "20800000", "incomeBeforeTax": "189914000", "incomeTaxExpense": "38840000", "interestAndDebtExpense": "None", "netIncomeFromContinuingOperations": "147413000", "comprehensiveIncomeNetOfTax": "157299000", "ebit": "173648000", "ebitda": "210700000", "netIncome": "151074000"}, {"fiscalDateEnding": "2017-06-30", "reportedCurrency": "USD", "grossProfit": "484130000", "totalRevenue": "816885000", "costOfRevenue": "452607000", "costofGoodsAndServicesSold": "347356000", "operatingIncome": "209622000", "sellingGeneralAndAdministrative": "105251000", "researchAndDevelopment": "127248000", "operatingExpenses": "274508000", "investmentIncomeNet": "9281000", "netInterestIncome": "None", "interestIncome": "None", "interestExpense": "24400000", "nonInterestIncome": "846596000", "otherNonOperatingIncome": "314000", "depreciation": "14900000", "depreciationAndAmortization": "21100000", "incomeBeforeTax": "234327000", "incomeTaxExpense": "57348000", "interestAndDebtExpense": "None", "netIncomeFromContinuingOperations": "477858000", "comprehensiveIncomeNetOfTax": "184769000", "ebit": "209622000", "ebitda": "255400000", "netIncome": "176979000"}, {"fiscalDateEnding": "2017-03-31", "reportedCurrency": "USD", "grossProfit": "372806000", "totalRevenue": "638546000", "costOfRevenue": "370755000", "costofGoodsAndServicesSold": "268704000", "operatingIncome": "117028000", "sellingGeneralAndAdministrative": "102051000", "researchAndDevelopment": "122202000", "operatingExpenses": "255778000", "investmentIncomeNet": "8444000", "netInterestIncome": "None", "interestIncome": "None", "interestExpense": "-29100000", "nonInterestIncome": "-37505000", "otherNonOperatingIncome": "400000", "depreciation": "14658000", "depreciationAndAmortization": "21800000", "incomeBeforeTax": "88375000", "incomeTaxExpense": "-150029000", "interestAndDebtExpense": "None", "netIncomeFromContinuingOperations": "372123000", "comprehensiveIncomeNetOfTax": "307919000", "ebit": "117028000", "ebitda": "110200000", "netIncome": "238404000"}, {"fiscalDateEnding": "2016-12-31", "reportedCurrency": "USD", "grossProfit": "470782000", "totalRevenue": "860767000", "costOfRevenue": "518616000", "costofGoodsAndServicesSold": "408162000", "operatingIncome": "168771000", "sellingGeneralAndAdministrative": "114312000", "researchAndDevelopment": "128952000", "operatingExpenses": "310966000", "investmentIncomeNet": "9297000", "netInterestIncome": "None", "interestIncome": "None", "interestExpense": "7600000", "nonInterestIncome": "-990000", "otherNonOperatingIncome": "8741000", "depreciation": "15469000", "depreciationAndAmortization": "23800000", "incomeBeforeTax": "170602000", "incomeTaxExpense": "33997000", "interestAndDebtExpense": "None", "netIncomeFromContinuingOperations": "470782000", "comprehensiveIncomeNetOfTax": "80726000", "ebit": "168771000", "ebitda": "192400000", "netIncome": "136605000"}]}