{"symbol": "GWW", "annualReports": [{"fiscalDateEnding": "2020-12-31", "reportedCurrency": "USD", "grossProfit": "4238000000", "totalRevenue": "11598000000", "costOfRevenue": "11147000000", "costofGoodsAndServicesSold": "7559000000", "operatingIncome": "1019000000", "sellingGeneralAndAdministrative": "3219000000", "researchAndDevelopment": "None", "operatingExpenses": "3716000000", "investmentIncomeNet": "None", "netInterestIncome": "-93000000", "interestIncome": "-89000000", "interestExpense": "4000000", "nonInterestIncome": "11691000000", "otherNonOperatingIncome": "21000000", "depreciation": "116000000", "depreciationAndAmortization": "182000000", "incomeBeforeTax": "887000000", "incomeTaxExpense": "192000000", "interestAndDebtExpense": "4000000", "netIncomeFromContinuingOperations": "755000000", "comprehensiveIncomeNetOfTax": "788000000", "ebit": "1019000000", "ebitda": "1073000000", "netIncome": "695000000"}, {"fiscalDateEnding": "2019-12-31", "reportedCurrency": "USD", "grossProfit": "4397000000", "totalRevenue": "11413000000", "costOfRevenue": "10576000000", "costofGoodsAndServicesSold": "7089000000", "operatingIncome": "1262000000", "sellingGeneralAndAdministrative": "3135000000", "researchAndDevelopment": "None", "operatingExpenses": "3493000000", "investmentIncomeNet": "None", "netInterestIncome": "-79000000", "interestIncome": "-70000000", "interestExpense": "9000000", "nonInterestIncome": "11492000000", "otherNonOperatingIncome": "26000000", "depreciation": "150000000", "depreciationAndAmortization": "229000000", "incomeBeforeTax": "1163000000", "incomeTaxExpense": "314000000", "interestAndDebtExpense": "9000000", "netIncomeFromContinuingOperations": "895000000", "comprehensiveIncomeNetOfTax": "866000000", "ebit": "1262000000", "ebitda": "1401000000", "netIncome": "849000000"}, {"fiscalDateEnding": "2018-12-31", "reportedCurrency": "USD", "grossProfit": "4348000000", "totalRevenue": "11158000000", "costOfRevenue": "10523000000", "costofGoodsAndServicesSold": "6873000000", "operatingIncome": "1158000000", "sellingGeneralAndAdministrative": "3190000000", "researchAndDevelopment": "None", "operatingExpenses": "3632000000", "investmentIncomeNet": "6000000", "netInterestIncome": "-82000000", "interestIncome": "6000000", "interestExpense": "88000000", "nonInterestIncome": "25000000", "otherNonOperatingIncome": "5000000", "depreciation": "162000000", "depreciationAndAmortization": "257000000", "incomeBeforeTax": "1040000000", "incomeTaxExpense": "258000000", "interestAndDebtExpense": "88000000", "netIncomeFromContinuingOperations": "823000000", "comprehensiveIncomeNetOfTax": "731000000", "ebit": "1128000000", "ebitda": "1385000000", "netIncome": "782000000"}, {"fiscalDateEnding": "2017-12-31", "reportedCurrency": "USD", "grossProfit": "4098000000", "totalRevenue": "10353195000", "costOfRevenue": "9784604000", "costofGoodsAndServicesSold": "6327000000", "operatingIncome": "1035000000", "sellingGeneralAndAdministrative": "3063000000", "researchAndDevelopment": "None", "operatingExpenses": "3464884000", "investmentIncomeNet": "2570000", "netInterestIncome": "-86000000", "interestIncome": "3000000", "interestExpense": "89000000", "nonInterestIncome": "8795000", "otherNonOperatingIncome": "-13000000", "depreciation": "170000000", "depreciationAndAmortization": "264000000", "incomeBeforeTax": "899000000", "incomeTaxExpense": "313000000", "interestAndDebtExpense": "80458000", "netIncomeFromContinuingOperations": "622443000", "comprehensiveIncomeNetOfTax": "724000000", "ebit": "988000000", "ebitda": "1252000000", "netIncome": "586000000"}, {"fiscalDateEnding": "2016-12-31", "reportedCurrency": "USD", "grossProfit": "4115000000", "totalRevenue": "10089393000", "costOfRevenue": "9318882000", "costofGoodsAndServicesSold": "6022000000", "operatingIncome": "1113000000", "sellingGeneralAndAdministrative": "3002000000", "researchAndDevelopment": "None", "operatingExpenses": "3293930000", "investmentIncomeNet": "717000", "netInterestIncome": "-66332000", "interestIncome": "9668000", "interestExpense": "76000000", "nonInterestIncome": "18521000", "otherNonOperatingIncome": "12000000", "depreciation": "166000000", "depreciationAndAmortization": "249000000", "incomeBeforeTax": "992000000", "incomeTaxExpense": "386000000", "interestAndDebtExpense": "66332000", "netIncomeFromContinuingOperations": "632838000", "comprehensiveIncomeNetOfTax": "554000000", "ebit": "1068000000", "ebitda": "1317000000", "netIncome": "606000000"}], "quarterlyReports": [{"fiscalDateEnding": "2021-09-30", "reportedCurrency": "USD", "grossProfit": "1250000000", "totalRevenue": "3350000000", "costOfRevenue": "2934000000", "costofGoodsAndServicesSold": "2122000000", "operatingIncome": "438000000", "sellingGeneralAndAdministrative": "812000000", "researchAndDevelopment": "None", "operatingExpenses": "812000000", "investmentIncomeNet": "None", "netInterestIncome": "-22000000", "interestIncome": "-22000000", "interestExpense": "22000000", "nonInterestIncome": "3372000000", "otherNonOperatingIncome": "6000000", "depreciation": "None", "depreciationAndAmortization": "45000000", "incomeBeforeTax": "404000000", "incomeTaxExpense": "107000000", "interestAndDebtExpense": "None", "netIncomeFromContinuingOperations": "315000000", "comprehensiveIncomeNetOfTax": "277000000", "ebit": "438000000", "ebitda": "483000000", "netIncome": "297000000"}, {"fiscalDateEnding": "2021-06-30", "reportedCurrency": "USD", "grossProfit": "1124000000", "totalRevenue": "3185000000", "costOfRevenue": "2873000000", "costofGoodsAndServicesSold": "2083000000", "operatingIncome": "334000000", "sellingGeneralAndAdministrative": "790000000", "researchAndDevelopment": "None", "operatingExpenses": "790000000", "investmentIncomeNet": "None", "netInterestIncome": "-22000000", "interestIncome": "-22000000", "interestExpense": "22000000", "nonInterestIncome": "3207000000", "otherNonOperatingIncome": "7000000", "depreciation": "None", "depreciationAndAmortization": "49000000", "incomeBeforeTax": "301000000", "incomeTaxExpense": "76000000", "interestAndDebtExpense": "None", "netIncomeFromContinuingOperations": "243000000", "comprehensiveIncomeNetOfTax": "232000000", "ebit": "334000000", "ebitda": "383000000", "netIncome": "225000000"}, {"fiscalDateEnding": "2021-03-31", "reportedCurrency": "USD", "grossProfit": "1093000000", "totalRevenue": "3063000000", "costOfRevenue": "2769000000", "costofGoodsAndServicesSold": "1991000000", "operatingIncome": "358000000", "sellingGeneralAndAdministrative": "735000000", "researchAndDevelopment": "None", "operatingExpenses": "777000000", "investmentIncomeNet": "None", "netInterestIncome": "-21000000", "interestIncome": "-21000000", "interestExpense": "21000000", "nonInterestIncome": "3084000000", "otherNonOperatingIncome": "6000000", "depreciation": "None", "depreciationAndAmortization": "43000000", "incomeBeforeTax": "326000000", "incomeTaxExpense": "88000000", "interestAndDebtExpense": "None", "netIncomeFromContinuingOperations": "255000000", "comprehensiveIncomeNetOfTax": "218000000", "ebit": "358000000", "ebitda": "401000000", "netIncome": "238000000"}, {"fiscalDateEnding": "2020-12-31", "reportedCurrency": "USD", "grossProfit": "1027000000", "totalRevenue": "2941000000", "costOfRevenue": "2666000000", "costofGoodsAndServicesSold": "1914000000", "operatingIncome": "275000000", "sellingGeneralAndAdministrative": "752000000", "researchAndDevelopment": "None", "operatingExpenses": "752000000", "investmentIncomeNet": "None", "netInterestIncome": "-21000000", "interestIncome": "-21000000", "interestExpense": "21000000", "nonInterestIncome": "2941000000", "otherNonOperatingIncome": "5000000", "depreciation": "None", "depreciationAndAmortization": "45000000", "incomeBeforeTax": "242000000", "incomeTaxExpense": "74000000", "interestAndDebtExpense": "None", "netIncomeFromContinuingOperations": "275000000", "comprehensiveIncomeNetOfTax": "241000000", "ebit": "275000000", "ebitda": "320000000", "netIncome": "168000000"}, {"fiscalDateEnding": "2020-09-30", "reportedCurrency": "USD", "grossProfit": "1074000000", "totalRevenue": "2995000000", "costOfRevenue": "2638000000", "costofGoodsAndServicesSold": "1944000000", "operatingIncome": "380000000", "sellingGeneralAndAdministrative": "694000000", "researchAndDevelopment": "None", "operatingExpenses": "694000000", "investmentIncomeNet": "None", "netInterestIncome": "-23000000", "interestIncome": "-23000000", "interestExpense": "23000000", "nonInterestIncome": "3018000000", "otherNonOperatingIncome": "5000000", "depreciation": "None", "depreciationAndAmortization": "42000000", "incomeBeforeTax": "346000000", "incomeTaxExpense": "106000000", "interestAndDebtExpense": "None", "netIncomeFromContinuingOperations": "256000000", "comprehensiveIncomeNetOfTax": "257000000", "ebit": "380000000", "ebitda": "422000000", "netIncome": "240000000"}, {"fiscalDateEnding": "2020-06-30", "reportedCurrency": "USD", "grossProfit": "1016000000", "totalRevenue": "2809000000", "costOfRevenue": "2632000000", "costofGoodsAndServicesSold": "1821000000", "operatingIncome": "205000000", "sellingGeneralAndAdministrative": "811000000", "researchAndDevelopment": "None", "operatingExpenses": "811000000", "investmentIncomeNet": "None", "netInterestIncome": "-28000000", "interestIncome": "-28000000", "interestExpense": "28000000", "nonInterestIncome": "2837000000", "otherNonOperatingIncome": "7000000", "depreciation": "None", "depreciationAndAmortization": "50000000", "incomeBeforeTax": "169000000", "incomeTaxExpense": "55000000", "interestAndDebtExpense": "None", "netIncomeFromContinuingOperations": "129000000", "comprehensiveIncomeNetOfTax": "180000000", "ebit": "205000000", "ebitda": "255000000", "netIncome": "114000000"}, {"fiscalDateEnding": "2020-03-31", "reportedCurrency": "USD", "grossProfit": "1121000000", "totalRevenue": "2980000000", "costOfRevenue": "3064000000", "costofGoodsAndServicesSold": "1880000000", "operatingIncome": "159000000", "sellingGeneralAndAdministrative": "962000000", "researchAndDevelopment": "None", "operatingExpenses": "1193000000", "investmentIncomeNet": "None", "netInterestIncome": "-21000000", "interestIncome": "-21000000", "interestExpense": "21000000", "nonInterestIncome": "3001000000", "otherNonOperatingIncome": "4000000", "depreciation": "None", "depreciationAndAmortization": "45000000", "incomeBeforeTax": "130000000", "incomeTaxExpense": "-43000000", "interestAndDebtExpense": "None", "netIncomeFromContinuingOperations": "185000000", "comprehensiveIncomeNetOfTax": "110000000", "ebit": "159000000", "ebitda": "204000000", "netIncome": "173000000"}, {"fiscalDateEnding": "2019-12-31", "reportedCurrency": "USD", "grossProfit": "1082000000", "totalRevenue": "2847000000", "costOfRevenue": "2666000000", "costofGoodsAndServicesSold": "1765000000", "operatingIncome": "181000000", "sellingGeneralAndAdministrative": "901000000", "researchAndDevelopment": "None", "operatingExpenses": "901000000", "investmentIncomeNet": "None", "netInterestIncome": "-19000000", "interestIncome": "-74000000", "interestExpense": "-55000000", "nonInterestIncome": "2847000000", "otherNonOperatingIncome": "8000000", "depreciation": "None", "depreciationAndAmortization": "58000000", "incomeBeforeTax": "156000000", "incomeTaxExpense": "53000000", "interestAndDebtExpense": "-55000000", "netIncomeFromContinuingOperations": "181000000", "comprehensiveIncomeNetOfTax": "123000000", "ebit": "181000000", "ebitda": "159000000", "netIncome": "103000000"}, {"fiscalDateEnding": "2019-09-30", "reportedCurrency": "USD", "grossProfit": "1099000000", "totalRevenue": "2926000000", "costOfRevenue": "2609000000", "costofGoodsAndServicesSold": "1848000000", "operatingIncome": "338000000", "sellingGeneralAndAdministrative": "761000000", "researchAndDevelopment": "None", "operatingExpenses": "761000000", "investmentIncomeNet": "1000000", "netInterestIncome": "-20000000", "interestIncome": "1000000", "interestExpense": "21000000", "nonInterestIncome": "2947000000", "otherNonOperatingIncome": "4000000", "depreciation": "None", "depreciationAndAmortization": "58000000", "incomeBeforeTax": "311000000", "incomeTaxExpense": "78000000", "interestAndDebtExpense": "21000000", "netIncomeFromContinuingOperations": "244000000", "comprehensiveIncomeNetOfTax": "215000000", "ebit": "332000000", "ebitda": "390000000", "netIncome": "233000000"}, {"fiscalDateEnding": "2019-06-30", "reportedCurrency": "USD", "grossProfit": "1121000000", "totalRevenue": "2871000000", "costOfRevenue": "2513000000", "costofGoodsAndServicesSold": "1772000000", "operatingIncome": "380000000", "sellingGeneralAndAdministrative": "741000000", "researchAndDevelopment": "None", "operatingExpenses": "741000000", "investmentIncomeNet": "1000000", "netInterestIncome": "-21000000", "interestIncome": "1000000", "interestExpense": "22000000", "nonInterestIncome": "2893000000", "otherNonOperatingIncome": "7000000", "depreciation": "None", "depreciationAndAmortization": "56000000", "incomeBeforeTax": "354000000", "incomeTaxExpense": "94000000", "interestAndDebtExpense": "22000000", "netIncomeFromContinuingOperations": "272000000", "comprehensiveIncomeNetOfTax": "272000000", "ebit": "376000000", "ebitda": "432000000", "netIncome": "260000000"}, {"fiscalDateEnding": "2019-03-31", "reportedCurrency": "USD", "grossProfit": "1095000000", "totalRevenue": "2778000000", "costOfRevenue": "2493000000", "costofGoodsAndServicesSold": "1704000000", "operatingIncome": "363000000", "sellingGeneralAndAdministrative": "732000000", "researchAndDevelopment": "None", "operatingExpenses": "791000000", "investmentIncomeNet": "2000000", "netInterestIncome": "-19000000", "interestIncome": "2000000", "interestExpense": "21000000", "nonInterestIncome": "2799000000", "otherNonOperatingIncome": "7000000", "depreciation": "None", "depreciationAndAmortization": "57000000", "incomeBeforeTax": "342000000", "incomeTaxExpense": "89000000", "interestAndDebtExpense": "21000000", "netIncomeFromContinuingOperations": "262000000", "comprehensiveIncomeNetOfTax": "256000000", "ebit": "363000000", "ebitda": "420000000", "netIncome": "253000000"}, {"fiscalDateEnding": "2018-12-31", "reportedCurrency": "USD", "grossProfit": "1066000000", "totalRevenue": "2763000000", "costOfRevenue": "2473000000", "costofGoodsAndServicesSold": "1697000000", "operatingIncome": "290000000", "sellingGeneralAndAdministrative": "776000000", "researchAndDevelopment": "None", "operatingExpenses": "776000000", "investmentIncomeNet": "2355000", "netInterestIncome": "-12058000", "interestIncome": "5942000", "interestExpense": "18000000", "nonInterestIncome": "2763000000", "otherNonOperatingIncome": "5000000", "depreciation": "None", "depreciationAndAmortization": "65000000", "incomeBeforeTax": "269000000", "incomeTaxExpense": "60000000", "interestAndDebtExpense": "18058000", "netIncomeFromContinuingOperations": "290000000", "comprehensiveIncomeNetOfTax": "188000000", "ebit": "287000000", "ebitda": "352000000", "netIncome": "209000000"}, {"fiscalDateEnding": "2018-09-30", "reportedCurrency": "USD", "grossProfit": "1079000000", "totalRevenue": "2809076000", "costOfRevenue": "2646182000", "costofGoodsAndServicesSold": "1752000000", "operatingIncome": "189000000", "sellingGeneralAndAdministrative": "890000000", "researchAndDevelopment": "None", "operatingExpenses": "893988000", "investmentIncomeNet": "2003000", "netInterestIncome": "-22353000", "interestIncome": "-353000", "interestExpense": "22000000", "nonInterestIncome": "2831000000", "otherNonOperatingIncome": "2000000", "depreciation": "None", "depreciationAndAmortization": "64000000", "incomeBeforeTax": "160000000", "incomeTaxExpense": "56000000", "interestAndDebtExpense": "22353000", "netIncomeFromContinuingOperations": "115045000", "comprehensiveIncomeNetOfTax": "107000000", "ebit": "182000000", "ebitda": "246000000", "netIncome": "104000000"}, {"fiscalDateEnding": "2018-06-30", "reportedCurrency": "USD", "grossProfit": "1111000000", "totalRevenue": "2837288000", "costOfRevenue": "2530173000", "costofGoodsAndServicesSold": "1750000000", "operatingIncome": "344000000", "sellingGeneralAndAdministrative": "767000000", "researchAndDevelopment": "None", "operatingExpenses": "780902000", "investmentIncomeNet": "1014000", "netInterestIncome": "-22924000", "interestIncome": "76000", "interestExpense": "23000000", "nonInterestIncome": "2861000000", "otherNonOperatingIncome": "1000000", "depreciation": "None", "depreciationAndAmortization": "64000000", "incomeBeforeTax": "313000000", "incomeTaxExpense": "76000000", "interestAndDebtExpense": "22924000", "netIncomeFromContinuingOperations": "247743000", "comprehensiveIncomeNetOfTax": "192000000", "ebit": "336000000", "ebitda": "400000000", "netIncome": "237000000"}, {"fiscalDateEnding": "2018-03-31", "reportedCurrency": "USD", "grossProfit": "1092000000", "totalRevenue": "2741736000", "costOfRevenue": "2503540000", "costofGoodsAndServicesSold": "1674000000", "operatingIncome": "335000000", "sellingGeneralAndAdministrative": "757000000", "researchAndDevelopment": "None", "operatingExpenses": "826736000", "investmentIncomeNet": "628000", "netInterestIncome": "-24665000", "interestIncome": "335000", "interestExpense": "25000000", "nonInterestIncome": "2766000000", "otherNonOperatingIncome": "-3000000", "depreciation": "None", "depreciationAndAmortization": "64000000", "incomeBeforeTax": "298000000", "incomeTaxExpense": "66000000", "interestAndDebtExpense": "24665000", "netIncomeFromContinuingOperations": "240785000", "comprehensiveIncomeNetOfTax": "244000000", "ebit": "323000000", "ebitda": "387000000", "netIncome": "232000000"}, {"fiscalDateEnding": "2017-12-31", "reportedCurrency": "USD", "grossProfit": "1022000000", "totalRevenue": "2632461000", "costOfRevenue": "2392522000", "costofGoodsAndServicesSold": "1611000000", "operatingIncome": "236000000", "sellingGeneralAndAdministrative": "786000000", "researchAndDevelopment": "None", "operatingExpenses": "781290000", "investmentIncomeNet": "1205000", "netInterestIncome": "-27351000", "interestIncome": "-3322000", "interestExpense": "24029000", "nonInterestIncome": "None", "otherNonOperatingIncome": "-14558000", "depreciation": "None", "depreciationAndAmortization": "69662000", "incomeBeforeTax": "196761000", "incomeTaxExpense": "45761000", "interestAndDebtExpense": "21809000", "netIncomeFromContinuingOperations": "239939000", "comprehensiveIncomeNetOfTax": "151064000", "ebit": "220790000", "ebitda": "290452000", "netIncome": "151000000"}, {"fiscalDateEnding": "2017-09-30", "reportedCurrency": "USD", "grossProfit": "1017000000", "totalRevenue": "2614234000", "costOfRevenue": "2367500000", "costofGoodsAndServicesSold": "1619000000", "operatingIncome": "277000000", "sellingGeneralAndAdministrative": "740000000", "researchAndDevelopment": "None", "operatingExpenses": "748681000", "investmentIncomeNet": "707000", "netInterestIncome": "-21765000", "interestIncome": "2025000", "interestExpense": "23790000", "nonInterestIncome": "None", "otherNonOperatingIncome": "521000", "depreciation": "None", "depreciationAndAmortization": "66143000", "incomeBeforeTax": "241182000", "incomeTaxExpense": "79182000", "interestAndDebtExpense": "21765000", "netIncomeFromContinuingOperations": "170816000", "comprehensiveIncomeNetOfTax": "231581000", "ebit": "264972000", "ebitda": "331115000", "netIncome": "162000000"}, {"fiscalDateEnding": "2017-06-30", "reportedCurrency": "USD", "grossProfit": "1040000000", "totalRevenue": "2608364000", "costOfRevenue": "2445204000", "costofGoodsAndServicesSold": "1575000000", "operatingIncome": "229000000", "sellingGeneralAndAdministrative": "811000000", "researchAndDevelopment": "None", "operatingExpenses": "856891000", "investmentIncomeNet": "465000", "netInterestIncome": "-19905000", "interestIncome": "2563000", "interestExpense": "22468000", "nonInterestIncome": "13000000", "otherNonOperatingIncome": "692000", "depreciation": "None", "depreciationAndAmortization": "65946000", "incomeBeforeTax": "198237000", "incomeTaxExpense": "100237000", "interestAndDebtExpense": "19905000", "netIncomeFromContinuingOperations": "106959000", "comprehensiveIncomeNetOfTax": "144250000", "ebit": "220705000", "ebitda": "286651000", "netIncome": "98000000"}, {"fiscalDateEnding": "2017-03-31", "reportedCurrency": "USD", "grossProfit": "1019000000", "totalRevenue": "2524150000", "costOfRevenue": "2307890000", "costofGoodsAndServicesSold": "1522000000", "operatingIncome": "293000000", "sellingGeneralAndAdministrative": "726000000", "researchAndDevelopment": "None", "operatingExpenses": "778905000", "investmentIncomeNet": "193000", "netInterestIncome": "-16979000", "interestIncome": "1734000", "interestExpense": "18713000", "nonInterestIncome": "10000000", "otherNonOperatingIncome": "345000", "depreciation": "None", "depreciationAndAmortization": "62249000", "incomeBeforeTax": "262820000", "incomeTaxExpense": "87820000", "interestAndDebtExpense": "16979000", "netIncomeFromContinuingOperations": "182853000", "comprehensiveIncomeNetOfTax": "197105000", "ebit": "281533000", "ebitda": "343782000", "netIncome": "175000000"}, {"fiscalDateEnding": "2016-12-31", "reportedCurrency": "USD", "grossProfit": "989693000", "totalRevenue": "2470710000", "costOfRevenue": "2296481000", "costofGoodsAndServicesSold": "1481017000", "operatingIncome": "174229000", "sellingGeneralAndAdministrative": "815464000", "researchAndDevelopment": "None", "operatingExpenses": "815464000", "investmentIncomeNet": "243000", "netInterestIncome": "-17776000", "interestIncome": "9668000", "interestExpense": "27444000", "nonInterestIncome": "None", "otherNonOperatingIncome": "13291000", "depreciation": "None", "depreciationAndAmortization": "71605000", "incomeBeforeTax": "137415000", "incomeTaxExpense": "76749000", "interestAndDebtExpense": "17776000", "netIncomeFromContinuingOperations": "174229000", "comprehensiveIncomeNetOfTax": "-4168000", "ebit": "164859000", "ebitda": "236464000", "netIncome": "60666000"}]}