{"symbol": "HAL", "annualReports": [{"fiscalDateEnding": "2020-12-31", "reportedCurrency": "USD", "grossProfit": "9775000000", "totalRevenue": "14281000000", "costOfRevenue": "4506000000", "costofGoodsAndServicesSold": "505000000", "operatingIncome": "-2436000000", "sellingGeneralAndAdministrative": "182000000", "researchAndDevelopment": "309000000", "operatingExpenses": "4310000000", "investmentIncomeNet": "38000000", "netInterestIncome": "-505000000", "interestIncome": "-505000000", "interestExpense": "505000000", "nonInterestIncome": "14277000000", "otherNonOperatingIncome": "-111000000", "depreciation": "None", "depreciationAndAmortization": "19000000", "incomeBeforeTax": "-3223000000", "incomeTaxExpense": "-278000000", "interestAndDebtExpense": "168000000", "netIncomeFromContinuingOperations": "-2942000000", "comprehensiveIncomeNetOfTax": "-2945000000", "ebit": "-2436000000", "ebitda": "-2417000000", "netIncome": "-2945000000"}, {"fiscalDateEnding": "2019-12-31", "reportedCurrency": "USD", "grossProfit": "19203000000", "totalRevenue": "22413000000", "costOfRevenue": "3210000000", "costofGoodsAndServicesSold": "458000000", "operatingIncome": "-448000000", "sellingGeneralAndAdministrative": "227000000", "researchAndDevelopment": "404000000", "operatingExpenses": "3156000000", "investmentIncomeNet": "23000000", "netInterestIncome": "-569000000", "interestIncome": "-569000000", "interestExpense": "569000000", "nonInterestIncome": "22408000000", "otherNonOperatingIncome": "-105000000", "depreciation": "None", "depreciationAndAmortization": "19000000", "incomeBeforeTax": "-1124000000", "incomeTaxExpense": "7000000", "interestAndDebtExpense": "0", "netIncomeFromContinuingOperations": "-1131000000", "comprehensiveIncomeNetOfTax": "-1139000000", "ebit": "-448000000", "ebitda": "-429000000", "netIncome": "-1131000000"}, {"fiscalDateEnding": "2018-12-31", "reportedCurrency": "USD", "grossProfit": "23476000000", "totalRevenue": "23995000000", "costOfRevenue": "519000000", "costofGoodsAndServicesSold": "21009000000", "operatingIncome": "2467000000", "sellingGeneralAndAdministrative": "254000000", "researchAndDevelopment": "390000000", "operatingExpenses": "909000000", "investmentIncomeNet": "44000000", "netInterestIncome": "-554000000", "interestIncome": "-554000000", "interestExpense": "554000000", "nonInterestIncome": "23995000000", "otherNonOperatingIncome": "-99000000", "depreciation": "None", "depreciationAndAmortization": "None", "incomeBeforeTax": "1813000000", "incomeTaxExpense": "157000000", "interestAndDebtExpense": "0", "netIncomeFromContinuingOperations": "1656000000", "comprehensiveIncomeNetOfTax": "1770000000", "ebit": "2467000000", "ebitda": "2367000000", "netIncome": "1656000000"}, {"fiscalDateEnding": "2017-12-31", "reportedCurrency": "USD", "grossProfit": "1466000000", "totalRevenue": "20724000000", "costOfRevenue": "19258000000", "costofGoodsAndServicesSold": "18355000000", "operatingIncome": "1374000000", "sellingGeneralAndAdministrative": "256000000", "researchAndDevelopment": "360000000", "operatingExpenses": "1163000000", "investmentIncomeNet": "112000000", "netInterestIncome": "-593000000", "interestIncome": "-593000000", "interestExpense": "593000000", "nonInterestIncome": "104000000", "otherNonOperatingIncome": "-99000000", "depreciation": "None", "depreciationAndAmortization": "None", "incomeBeforeTax": "668000000", "incomeTaxExpense": "1131000000", "interestAndDebtExpense": "-104000000", "netIncomeFromContinuingOperations": "-444000000", "comprehensiveIncomeNetOfTax": "-478000000", "ebit": "1374000000", "ebitda": "1261000000", "netIncome": "-463000000"}, {"fiscalDateEnding": "2016-12-31", "reportedCurrency": "USD", "grossProfit": "-9625000000", "totalRevenue": "15887000000", "costOfRevenue": "25512000000", "costofGoodsAndServicesSold": "15189000000", "operatingIncome": "-6770000000", "sellingGeneralAndAdministrative": "228000000", "researchAndDevelopment": "329000000", "operatingExpenses": "10552000000", "investmentIncomeNet": "59000000", "netInterestIncome": "-639000000", "interestIncome": "59000000", "interestExpense": "698000000", "nonInterestIncome": "15887000000", "otherNonOperatingIncome": "-216000000", "depreciation": "None", "depreciationAndAmortization": "None", "incomeBeforeTax": "-7621000000", "incomeTaxExpense": "-1858000000", "interestAndDebtExpense": "None", "netIncomeFromContinuingOperations": "-5761000000", "comprehensiveIncomeNetOfTax": "-5854000000", "ebit": "-6770000000", "ebitda": "-6923000000", "netIncome": "-5763000000"}], "quarterlyReports": [{"fiscalDateEnding": "2021-09-30", "reportedCurrency": "USD", "grossProfit": "3802000000", "totalRevenue": "3860000000", "costOfRevenue": "58000000", "costofGoodsAndServicesSold": "3356000000", "operatingIncome": "446000000", "sellingGeneralAndAdministrative": "46000000", "researchAndDevelopment": "None", "operatingExpenses": "58000000", "investmentIncomeNet": "15000000", "netInterestIncome": "-116000000", "interestIncome": "-116000000", "interestExpense": "131000000", "nonInterestIncome": "3860000000", "otherNonOperatingIncome": "-14000000", "depreciation": "None", "depreciationAndAmortization": "224000000", "incomeBeforeTax": "312000000", "incomeTaxExpense": "76000000", "interestAndDebtExpense": "0", "netIncomeFromContinuingOperations": "240000000", "comprehensiveIncomeNetOfTax": "236000000", "ebit": "446000000", "ebitda": "667000000", "netIncome": "236000000"}, {"fiscalDateEnding": "2021-06-30", "reportedCurrency": "USD", "grossProfit": "3656000000", "totalRevenue": "3707000000", "costOfRevenue": "51000000", "costofGoodsAndServicesSold": "3222000000", "operatingIncome": "434000000", "sellingGeneralAndAdministrative": "51000000", "researchAndDevelopment": "None", "operatingExpenses": "51000000", "investmentIncomeNet": "14000000", "netInterestIncome": "-120000000", "interestIncome": "-120000000", "interestExpense": "134000000", "nonInterestIncome": "3707000000", "otherNonOperatingIncome": "-19000000", "depreciation": "None", "depreciationAndAmortization": "223000000", "incomeBeforeTax": "292000000", "incomeTaxExpense": "65000000", "interestAndDebtExpense": "0", "netIncomeFromContinuingOperations": "230000000", "comprehensiveIncomeNetOfTax": "229000000", "ebit": "434000000", "ebitda": "649000000", "netIncome": "227000000"}, {"fiscalDateEnding": "2021-03-31", "reportedCurrency": "USD", "grossProfit": "3403000000", "totalRevenue": "3451000000", "costOfRevenue": "48000000", "costofGoodsAndServicesSold": "3033000000", "operatingIncome": "370000000", "sellingGeneralAndAdministrative": "48000000", "researchAndDevelopment": "None", "operatingExpenses": "48000000", "investmentIncomeNet": "10000000", "netInterestIncome": "-125000000", "interestIncome": "-125000000", "interestExpense": "135000000", "nonInterestIncome": "3451000000", "otherNonOperatingIncome": "-22000000", "depreciation": "None", "depreciationAndAmortization": "226000000", "incomeBeforeTax": "222000000", "incomeTaxExpense": "52000000", "interestAndDebtExpense": "0", "netIncomeFromContinuingOperations": "171000000", "comprehensiveIncomeNetOfTax": "170000000", "ebit": "370000000", "ebitda": "583000000", "netIncome": "170000000"}, {"fiscalDateEnding": "2020-12-31", "reportedCurrency": "USD", "grossProfit": "2731000000", "totalRevenue": "3241000000", "costOfRevenue": "510000000", "costofGoodsAndServicesSold": "0", "operatingIncome": "-96000000", "sellingGeneralAndAdministrative": "44000000", "researchAndDevelopment": "None", "operatingExpenses": "819000000", "investmentIncomeNet": "10000000", "netInterestIncome": "-125000000", "interestIncome": "-125000000", "interestExpense": "97000000", "nonInterestIncome": "3237000000", "otherNonOperatingIncome": "-19000000", "depreciation": "None", "depreciationAndAmortization": "229000000", "incomeBeforeTax": "-248000000", "incomeTaxExpense": "-13000000", "interestAndDebtExpense": "0", "netIncomeFromContinuingOperations": "-227000000", "comprehensiveIncomeNetOfTax": "-256000000", "ebit": "-96000000", "ebitda": "78000000", "netIncome": "-235000000"}, {"fiscalDateEnding": "2020-09-30", "reportedCurrency": "USD", "grossProfit": "2790000000", "totalRevenue": "2975000000", "costOfRevenue": "185000000", "costofGoodsAndServicesSold": "11000000", "operatingIncome": "142000000", "sellingGeneralAndAdministrative": "41000000", "researchAndDevelopment": "None", "operatingExpenses": "174000000", "investmentIncomeNet": "11000000", "netInterestIncome": "-122000000", "interestIncome": "-122000000", "interestExpense": "133000000", "nonInterestIncome": "2975000000", "otherNonOperatingIncome": "-21000000", "depreciation": "None", "depreciationAndAmortization": "None", "incomeBeforeTax": "1000000", "incomeTaxExpense": "18000000", "interestAndDebtExpense": "0", "netIncomeFromContinuingOperations": "-19000000", "comprehensiveIncomeNetOfTax": "-16000000", "ebit": "142000000", "ebitda": "134000000", "netIncome": "-17000000"}, {"fiscalDateEnding": "2020-06-30", "reportedCurrency": "USD", "grossProfit": "512000000", "totalRevenue": "3196000000", "costOfRevenue": "2684000000", "costofGoodsAndServicesSold": "494000000", "operatingIncome": "-1911000000", "sellingGeneralAndAdministrative": "43000000", "researchAndDevelopment": "None", "operatingExpenses": "2190000000", "investmentIncomeNet": "7000000", "netInterestIncome": "-124000000", "interestIncome": "7000000", "interestExpense": "131000000", "nonInterestIncome": "3196000000", "otherNonOperatingIncome": "-48000000", "depreciation": "None", "depreciationAndAmortization": "None", "incomeBeforeTax": "-2078000000", "incomeTaxExpense": "-402000000", "interestAndDebtExpense": "0", "netIncomeFromContinuingOperations": "-1681000000", "comprehensiveIncomeNetOfTax": "-1667000000", "ebit": "-1911000000", "ebitda": "-1947000000", "netIncome": "-1676000000"}, {"fiscalDateEnding": "2020-03-31", "reportedCurrency": "USD", "grossProfit": "3742000000", "totalRevenue": "4869000000", "costOfRevenue": "1127000000", "costofGoodsAndServicesSold": "0", "operatingIncome": "-571000000", "sellingGeneralAndAdministrative": "54000000", "researchAndDevelopment": "None", "operatingExpenses": "1127000000", "investmentIncomeNet": "10000000", "netInterestIncome": "-134000000", "interestIncome": "10000000", "interestExpense": "144000000", "nonInterestIncome": "4869000000", "otherNonOperatingIncome": "-23000000", "depreciation": "None", "depreciationAndAmortization": "None", "incomeBeforeTax": "-898000000", "incomeTaxExpense": "119000000", "interestAndDebtExpense": "168000000", "netIncomeFromContinuingOperations": "-1015000000", "comprehensiveIncomeNetOfTax": "-1006000000", "ebit": "-571000000", "ebitda": "-754000000", "netIncome": "-1017000000"}, {"fiscalDateEnding": "2019-12-31", "reportedCurrency": "USD", "grossProfit": "2505000000", "totalRevenue": "5192000000", "costOfRevenue": "2687000000", "costofGoodsAndServicesSold": "425000000", "operatingIncome": "-1652000000", "sellingGeneralAndAdministrative": "59000000", "researchAndDevelopment": "None", "operatingExpenses": "2666000000", "investmentIncomeNet": "5000000", "netInterestIncome": "-141000000", "interestIncome": "-141000000", "interestExpense": "123000000", "nonInterestIncome": "5191000000", "otherNonOperatingIncome": "-44000000", "depreciation": "None", "depreciationAndAmortization": "5000000", "incomeBeforeTax": "-1836000000", "incomeTaxExpense": "-183000000", "interestAndDebtExpense": "0", "netIncomeFromContinuingOperations": "-1656000000", "comprehensiveIncomeNetOfTax": "-1663000000", "ebit": "-1652000000", "ebitda": "-1647000000", "netIncome": "-1653000000"}, {"fiscalDateEnding": "2019-09-30", "reportedCurrency": "USD", "grossProfit": "5493000000", "totalRevenue": "5551000000", "costOfRevenue": "58000000", "costofGoodsAndServicesSold": "0", "operatingIncome": "536000000", "sellingGeneralAndAdministrative": "53000000", "researchAndDevelopment": "None", "operatingExpenses": "58000000", "investmentIncomeNet": "6000000", "netInterestIncome": "-141000000", "interestIncome": "6000000", "interestExpense": "147000000", "nonInterestIncome": "5550000000", "otherNonOperatingIncome": "-23000000", "depreciation": "None", "depreciationAndAmortization": "5000000", "incomeBeforeTax": "371000000", "incomeTaxExpense": "76000000", "interestAndDebtExpense": "0", "netIncomeFromContinuingOperations": "296000000", "comprehensiveIncomeNetOfTax": "295000000", "ebit": "536000000", "ebitda": "541000000", "netIncome": "295000000"}, {"fiscalDateEnding": "2019-06-30", "reportedCurrency": "USD", "grossProfit": "5594000000", "totalRevenue": "5930000000", "costOfRevenue": "336000000", "costofGoodsAndServicesSold": "33000000", "operatingIncome": "303000000", "sellingGeneralAndAdministrative": "56000000", "researchAndDevelopment": "None", "operatingExpenses": "303000000", "investmentIncomeNet": "4000000", "netInterestIncome": "-144000000", "interestIncome": "4000000", "interestExpense": "148000000", "nonInterestIncome": "5930000000", "otherNonOperatingIncome": "-8000000", "depreciation": "None", "depreciationAndAmortization": "None", "incomeBeforeTax": "149000000", "incomeTaxExpense": "74000000", "interestAndDebtExpense": "0", "netIncomeFromContinuingOperations": "77000000", "comprehensiveIncomeNetOfTax": "76000000", "ebit": "303000000", "ebitda": "297000000", "netIncome": "75000000"}, {"fiscalDateEnding": "2019-03-31", "reportedCurrency": "USD", "grossProfit": "5617000000", "totalRevenue": "5737000000", "costOfRevenue": "120000000", "costofGoodsAndServicesSold": "0", "operatingIncome": "365000000", "sellingGeneralAndAdministrative": "59000000", "researchAndDevelopment": "None", "operatingExpenses": "120000000", "investmentIncomeNet": "8000000", "netInterestIncome": "-143000000", "interestIncome": "None", "interestExpense": "143000000", "nonInterestIncome": "5737000000", "otherNonOperatingIncome": "-30000000", "depreciation": "None", "depreciationAndAmortization": "None", "incomeBeforeTax": "192000000", "incomeTaxExpense": "40000000", "interestAndDebtExpense": "0", "netIncomeFromContinuingOperations": "152000000", "comprehensiveIncomeNetOfTax": "153000000", "ebit": "365000000", "ebitda": "335000000", "netIncome": "152000000"}, {"fiscalDateEnding": "2018-12-31", "reportedCurrency": "USD", "grossProfit": "5877000000", "totalRevenue": "5936000000", "costOfRevenue": "59000000", "costofGoodsAndServicesSold": "5269000000", "operatingIncome": "608000000", "sellingGeneralAndAdministrative": "59000000", "researchAndDevelopment": "None", "operatingExpenses": "449000000", "investmentIncomeNet": "11000000", "netInterestIncome": "None", "interestIncome": "None", "interestExpense": "137000000", "nonInterestIncome": "5936000000", "otherNonOperatingIncome": "-13000000", "depreciation": "None", "depreciationAndAmortization": "None", "incomeBeforeTax": "358000000", "incomeTaxExpense": "-306000000", "interestAndDebtExpense": "None", "netIncomeFromContinuingOperations": "667000000", "comprehensiveIncomeNetOfTax": "772000000", "ebit": "608000000", "ebitda": "591000000", "netIncome": "664000000"}, {"fiscalDateEnding": "2018-09-30", "reportedCurrency": "USD", "grossProfit": "6100000000", "totalRevenue": "6172000000", "costOfRevenue": "72000000", "costofGoodsAndServicesSold": "5384000000", "operatingIncome": "716000000", "sellingGeneralAndAdministrative": "72000000", "researchAndDevelopment": "None", "operatingExpenses": "72000000", "investmentIncomeNet": "10000000", "netInterestIncome": "None", "interestIncome": "None", "interestExpense": "140000000", "nonInterestIncome": "6172000000", "otherNonOperatingIncome": "-42000000", "depreciation": "None", "depreciationAndAmortization": "None", "incomeBeforeTax": "535000000", "incomeTaxExpense": "100000000", "interestAndDebtExpense": "None", "netIncomeFromContinuingOperations": "434000000", "comprehensiveIncomeNetOfTax": "442000000", "ebit": "716000000", "ebitda": "675000000", "netIncome": "435000000"}, {"fiscalDateEnding": "2018-06-30", "reportedCurrency": "USD", "grossProfit": "789000000", "totalRevenue": "6147000000", "costOfRevenue": "5358000000", "costofGoodsAndServicesSold": "5293000000", "operatingIncome": "789000000", "sellingGeneralAndAdministrative": "65000000", "researchAndDevelopment": "None", "operatingExpenses": "65000000", "investmentIncomeNet": "13000000", "netInterestIncome": "None", "interestIncome": "None", "interestExpense": "137000000", "nonInterestIncome": "6147000000", "otherNonOperatingIncome": "-19000000", "depreciation": "None", "depreciationAndAmortization": "None", "incomeBeforeTax": "636000000", "incomeTaxExpense": "125000000", "interestAndDebtExpense": "None", "netIncomeFromContinuingOperations": "508000000", "comprehensiveIncomeNetOfTax": "512000000", "ebit": "789000000", "ebitda": "773000000", "netIncome": "511000000"}, {"fiscalDateEnding": "2018-03-31", "reportedCurrency": "USD", "grossProfit": "354000000", "totalRevenue": "5740000000", "costOfRevenue": "5386000000", "costofGoodsAndServicesSold": "5063000000", "operatingIncome": "354000000", "sellingGeneralAndAdministrative": "58000000", "researchAndDevelopment": "None", "operatingExpenses": "323000000", "investmentIncomeNet": "10000000", "netInterestIncome": "None", "interestIncome": "None", "interestExpense": "140000000", "nonInterestIncome": "5740000000", "otherNonOperatingIncome": "-25000000", "depreciation": "None", "depreciationAndAmortization": "None", "incomeBeforeTax": "188000000", "incomeTaxExpense": "142000000", "interestAndDebtExpense": "None", "netIncomeFromContinuingOperations": "47000000", "comprehensiveIncomeNetOfTax": "44000000", "ebit": "354000000", "ebitda": "328000000", "netIncome": "46000000"}, {"fiscalDateEnding": "2017-12-31", "reportedCurrency": "USD", "grossProfit": "483000000", "totalRevenue": "6044000000", "costOfRevenue": "5561000000", "costofGoodsAndServicesSold": "5105000000", "operatingIncome": "383000000", "sellingGeneralAndAdministrative": "71000000", "researchAndDevelopment": "360000000", "operatingExpenses": "716000000", "investmentIncomeNet": "31000000", "netInterestIncome": "None", "interestIncome": "None", "interestExpense": "34000000", "nonInterestIncome": "-14680000000", "otherNonOperatingIncome": "-24000000", "depreciation": "None", "depreciationAndAmortization": "None", "incomeBeforeTax": "226000000", "incomeTaxExpense": "1050000000", "interestAndDebtExpense": "0", "netIncomeFromContinuingOperations": "-805000000", "comprehensiveIncomeNetOfTax": "-845000000", "ebit": "383000000", "ebitda": "260000000", "netIncome": "-824000000"}, {"fiscalDateEnding": "2017-09-30", "reportedCurrency": "USD", "grossProfit": "634000000", "totalRevenue": "5444000000", "costOfRevenue": "4810000000", "costofGoodsAndServicesSold": "4755000000", "operatingIncome": "642000000", "sellingGeneralAndAdministrative": "55000000", "researchAndDevelopment": "None", "operatingExpenses": "55000000", "investmentIncomeNet": "30000000", "netInterestIncome": "None", "interestIncome": "None", "interestExpense": "145000000", "nonInterestIncome": "5444000000", "otherNonOperatingIncome": "-31000000", "depreciation": "None", "depreciationAndAmortization": "None", "incomeBeforeTax": "500000000", "incomeTaxExpense": "135000000", "interestAndDebtExpense": "0", "netIncomeFromContinuingOperations": "365000000", "comprehensiveIncomeNetOfTax": "367000000", "ebit": "642000000", "ebitda": "645000000", "netIncome": "365000000"}, {"fiscalDateEnding": "2017-06-30", "reportedCurrency": "USD", "grossProfit": "146000000", "totalRevenue": "4957000000", "costOfRevenue": "4811000000", "costofGoodsAndServicesSold": "4474000000", "operatingIncome": "146000000", "sellingGeneralAndAdministrative": "75000000", "researchAndDevelopment": "None", "operatingExpenses": "337000000", "investmentIncomeNet": "28000000", "netInterestIncome": "None", "interestIncome": "None", "interestExpense": "121000000", "nonInterestIncome": "208000000", "otherNonOperatingIncome": "-26000000", "depreciation": "None", "depreciationAndAmortization": "None", "incomeBeforeTax": "-1000000", "incomeTaxExpense": "-29000000", "interestAndDebtExpense": "-208000000", "netIncomeFromContinuingOperations": "28000000", "comprehensiveIncomeNetOfTax": "30000000", "ebit": "146000000", "ebitda": "120000000", "netIncome": "28000000"}, {"fiscalDateEnding": "2017-03-31", "reportedCurrency": "USD", "grossProfit": "99000000", "totalRevenue": "4175000000", "costOfRevenue": "4076000000", "costofGoodsAndServicesSold": "4021000000", "operatingIncome": "203000000", "sellingGeneralAndAdministrative": "55000000", "researchAndDevelopment": "None", "operatingExpenses": "55000000", "investmentIncomeNet": "23000000", "netInterestIncome": "None", "interestIncome": "None", "interestExpense": "242000000", "nonInterestIncome": "-104000000", "otherNonOperatingIncome": "-18000000", "depreciation": "None", "depreciationAndAmortization": "None", "incomeBeforeTax": "-57000000", "incomeTaxExpense": "-25000000", "interestAndDebtExpense": "104000000", "netIncomeFromContinuingOperations": "-32000000", "comprehensiveIncomeNetOfTax": "-30000000", "ebit": "203000000", "ebitda": "185000000", "netIncome": "-32000000"}, {"fiscalDateEnding": "2016-12-31", "reportedCurrency": "USD", "grossProfit": "-40000000", "totalRevenue": "4021000000", "costOfRevenue": "4061000000", "costofGoodsAndServicesSold": "3740000000", "operatingIncome": "61000000", "sellingGeneralAndAdministrative": "96000000", "researchAndDevelopment": "329000000", "operatingExpenses": "550000000", "investmentIncomeNet": "21000000", "netInterestIncome": "None", "interestIncome": "None", "interestExpense": "196000000", "nonInterestIncome": "None", "otherNonOperatingIncome": "-99000000", "depreciation": "None", "depreciationAndAmortization": "None", "incomeBeforeTax": "-171000000", "incomeTaxExpense": "-22000000", "interestAndDebtExpense": "None", "netIncomeFromContinuingOperations": "-149000000", "comprehensiveIncomeNetOfTax": "-243000000", "ebit": "61000000", "ebitda": "25000000", "netIncome": "-149000000"}]}