{"symbol": "HAS", "annualReports": [{"fiscalDateEnding": "2020-12-31", "reportedCurrency": "USD", "grossProfit": "1448593000", "totalRevenue": "5465443000", "costOfRevenue": "4016850000", "costofGoodsAndServicesSold": "1718888000", "operatingIncome": "501814000", "sellingGeneralAndAdministrative": "1252140000", "researchAndDevelopment": "259522000", "operatingExpenses": "2557484000", "investmentIncomeNet": "7424000", "netInterestIncome": "-201130000", "interestIncome": "7424000", "interestExpense": "201130000", "nonInterestIncome": "None", "otherNonOperatingIncome": "13954000", "depreciation": "120229000", "depreciationAndAmortization": "144746000", "incomeBeforeTax": "319140000", "incomeTaxExpense": "96621000", "interestAndDebtExpense": "201130000", "netIncomeFromContinuingOperations": "225441000", "comprehensiveIncomeNetOfTax": "211786000", "ebit": "520270000", "ebitda": "665016000", "netIncome": "222519000"}, {"fiscalDateEnding": "2019-12-31", "reportedCurrency": "USD", "grossProfit": "1344275000", "totalRevenue": "4720227000", "costOfRevenue": "3375952000", "costofGoodsAndServicesSold": "1807849000", "operatingIncome": "652050000", "sellingGeneralAndAdministrative": "1037103000", "researchAndDevelopment": "262156000", "operatingExpenses": "1830259000", "investmentIncomeNet": "30107000", "netInterestIncome": "-101878000", "interestIncome": "30107000", "interestExpense": "101878000", "nonInterestIncome": "None", "otherNonOperatingIncome": "13931000", "depreciation": "133528000", "depreciationAndAmortization": "47259000", "incomeBeforeTax": "594210000", "incomeTaxExpense": "73756000", "interestAndDebtExpense": "101878000", "netIncomeFromContinuingOperations": "520454000", "comprehensiveIncomeNetOfTax": "630748000", "ebit": "696088000", "ebitda": "743347000", "netIncome": "520454000"}, {"fiscalDateEnding": "2018-12-31", "reportedCurrency": "USD", "grossProfit": "854140000", "totalRevenue": "4579646000", "costOfRevenue": "3725506000", "costofGoodsAndServicesSold": "1850678000", "operatingIncome": "331052000", "sellingGeneralAndAdministrative": "1287560000", "researchAndDevelopment": "246165000", "operatingExpenses": "2120993000", "investmentIncomeNet": "22357000", "netInterestIncome": "-90826000", "interestIncome": "22357000", "interestExpense": "90826000", "nonInterestIncome": "None", "otherNonOperatingIncome": "7819000", "depreciation": "139255000", "depreciationAndAmortization": "28703000", "incomeBeforeTax": "270402000", "incomeTaxExpense": "49968000", "interestAndDebtExpense": "90826000", "netIncomeFromContinuingOperations": "220434000", "comprehensiveIncomeNetOfTax": "186848000", "ebit": "361228000", "ebitda": "389931000", "netIncome": "220434000"}, {"fiscalDateEnding": "2017-12-31", "reportedCurrency": "USD", "grossProfit": "1327723000", "totalRevenue": "5209782000", "costOfRevenue": "3783791000", "costofGoodsAndServicesSold": "2033693000", "operatingIncome": "810359000", "sellingGeneralAndAdministrative": "1124793000", "researchAndDevelopment": "269020000", "operatingExpenses": "1828119000", "investmentIncomeNet": "22155000", "netInterestIncome": "-98268000", "interestIncome": "22155000", "interestExpense": "98268000", "nonInterestIncome": "None", "otherNonOperatingIncome": "51904000", "depreciation": "143018000", "depreciationAndAmortization": "28818000", "incomeBeforeTax": "786150000", "incomeTaxExpense": "389543000", "interestAndDebtExpense": "98268000", "netIncomeFromContinuingOperations": "396607000", "comprehensiveIncomeNetOfTax": "351752000", "ebit": "884418000", "ebitda": "913236000", "netIncome": "396607000"}, {"fiscalDateEnding": "2016-12-31", "reportedCurrency": "USD", "grossProfit": "-1479005000", "totalRevenue": "5019822000", "costOfRevenue": "3673656000", "costofGoodsAndServicesSold": "1905474000", "operatingIncome": "788048000", "sellingGeneralAndAdministrative": "1110769000", "researchAndDevelopment": "266375000", "operatingExpenses": "1854287000", "investmentIncomeNet": "9367000", "netInterestIncome": "-97405000", "interestIncome": "9367000", "interestExpense": "97405000", "nonInterestIncome": "None", "otherNonOperatingIncome": "-7521000", "depreciation": "119707000", "depreciationAndAmortization": "34763000", "incomeBeforeTax": "710718000", "incomeTaxExpense": "159338000", "interestAndDebtExpense": "97405000", "netIncomeFromContinuingOperations": "533151000", "comprehensiveIncomeNetOfTax": "502811000", "ebit": "808123000", "ebitda": "842886000", "netIncome": "551380000"}], "quarterlyReports": [{"fiscalDateEnding": "2021-09-30", "reportedCurrency": "USD", "grossProfit": "755900000", "totalRevenue": "1926700000", "costOfRevenue": "1170800000", "costofGoodsAndServicesSold": "609500000", "operatingIncome": "367900000", "sellingGeneralAndAdministrative": "361800000", "researchAndDevelopment": "80100000", "operatingExpenses": "641400000", "investmentIncomeNet": "1800000", "netInterestIncome": "-43300000", "interestIncome": "1800000", "interestExpense": "43300000", "nonInterestIncome": "1970000000", "otherNonOperatingIncome": "-3000000", "depreciation": "48600000", "depreciationAndAmortization": "27700000", "incomeBeforeTax": "321700000", "incomeTaxExpense": "68500000", "interestAndDebtExpense": "43300000", "netIncomeFromContinuingOperations": "254900000", "comprehensiveIncomeNetOfTax": "228100000", "ebit": "365000000", "ebitda": "392700000", "netIncome": "253200000"}, {"fiscalDateEnding": "2021-06-30", "reportedCurrency": "USD", "grossProfit": "435600000", "totalRevenue": "1276100000", "costOfRevenue": "840500000", "costofGoodsAndServicesSold": "345000000", "operatingIncome": "76600000", "sellingGeneralAndAdministrative": "354300000", "researchAndDevelopment": "87200000", "operatingExpenses": "582700000", "investmentIncomeNet": "1200000", "netInterestIncome": "-46100000", "interestIncome": "1200000", "interestExpense": "46100000", "nonInterestIncome": "1322200000", "otherNonOperatingIncome": "9400000", "depreciation": "42600000", "depreciationAndAmortization": "29700000", "incomeBeforeTax": "40100000", "incomeTaxExpense": "63000000", "interestAndDebtExpense": "46100000", "netIncomeFromContinuingOperations": "-21900000", "comprehensiveIncomeNetOfTax": "0", "ebit": "86200000", "ebitda": "115900000", "netIncome": "-22900000"}, {"fiscalDateEnding": "2021-03-31", "reportedCurrency": "USD", "grossProfit": "346600000", "totalRevenue": "1066900000", "costOfRevenue": "720300000", "costofGoodsAndServicesSold": "289900000", "operatingIncome": "147300000", "sellingGeneralAndAdministrative": "288600000", "researchAndDevelopment": "61800000", "operatingExpenses": "466600000", "investmentIncomeNet": "1200000", "netInterestIncome": "-47900000", "interestIncome": "1200000", "interestExpense": "47900000", "nonInterestIncome": "1114800000", "otherNonOperatingIncome": "28900000", "depreciation": "25000000", "depreciationAndAmortization": "32900000", "incomeBeforeTax": "128200000", "incomeTaxExpense": "12000000", "interestAndDebtExpense": "47900000", "netIncomeFromContinuingOperations": "117500000", "comprehensiveIncomeNetOfTax": "104800000", "ebit": "176100000", "ebitda": "209000000", "netIncome": "116200000"}, {"fiscalDateEnding": "2020-12-31", "reportedCurrency": "USD", "grossProfit": "1689225000", "totalRevenue": "1722971000", "costOfRevenue": "33746000", "costofGoodsAndServicesSold": "592844000", "operatingIncome": "186364000", "sellingGeneralAndAdministrative": "366460000", "researchAndDevelopment": "84659000", "operatingExpenses": "33746000", "investmentIncomeNet": "1013000", "netInterestIncome": "-47428000", "interestIncome": "2000", "interestExpense": "47428000", "nonInterestIncome": "None", "otherNonOperatingIncome": "-1475000", "depreciation": "26129000", "depreciationAndAmortization": "37061000", "incomeBeforeTax": "137481000", "incomeTaxExpense": "32308000", "interestAndDebtExpense": "47428000", "netIncomeFromContinuingOperations": "287613000", "comprehensiveIncomeNetOfTax": "190550000", "ebit": "184909000", "ebitda": "221970000", "netIncome": "105173000"}, {"fiscalDateEnding": "2020-09-30", "reportedCurrency": "USD", "grossProfit": "572699000", "totalRevenue": "1776623000", "costOfRevenue": "1154524000", "costofGoodsAndServicesSold": "610100000", "operatingIncome": "336600000", "sellingGeneralAndAdministrative": "325400000", "researchAndDevelopment": "62700000", "operatingExpenses": "607128000", "investmentIncomeNet": "713000", "netInterestIncome": "-49400000", "interestIncome": "713000", "interestExpense": "49400000", "nonInterestIncome": "1776623000", "otherNonOperatingIncome": "11300000", "depreciation": "37513000", "depreciationAndAmortization": "36172000", "incomeBeforeTax": "300113000", "incomeTaxExpense": "79200000", "interestAndDebtExpense": "49400000", "netIncomeFromContinuingOperations": "219983000", "comprehensiveIncomeNetOfTax": "248700000", "ebit": "349513000", "ebitda": "385685000", "netIncome": "220900000"}, {"fiscalDateEnding": "2020-06-30", "reportedCurrency": "USD", "grossProfit": "122410000", "totalRevenue": "860279000", "costOfRevenue": "688292000", "costofGoodsAndServicesSold": "253200000", "operatingIncome": "2200000", "sellingGeneralAndAdministrative": "281200000", "researchAndDevelopment": "58400000", "operatingExpenses": "493372000", "investmentIncomeNet": "1031000", "netInterestIncome": "-49577000", "interestIncome": "23000", "interestExpense": "49600000", "nonInterestIncome": "860279000", "otherNonOperatingIncome": "2800000", "depreciation": "32787000", "depreciationAndAmortization": "34702000", "incomeBeforeTax": "-44745000", "incomeTaxExpense": "-10800000", "interestAndDebtExpense": "49577000", "netIncomeFromContinuingOperations": "-32898000", "comprehensiveIncomeNetOfTax": "-47200000", "ebit": "4832000", "ebitda": "39534000", "netIncome": "-33900000"}, {"fiscalDateEnding": "2020-03-31", "reportedCurrency": "USD", "grossProfit": "210269000", "totalRevenue": "1105570000", "costOfRevenue": "895301000", "costofGoodsAndServicesSold": "262700000", "operatingIncome": "-23300000", "sellingGeneralAndAdministrative": "279100000", "researchAndDevelopment": "53800000", "operatingExpenses": "686436000", "investmentIncomeNet": "4667000", "netInterestIncome": "-54725000", "interestIncome": "-25000", "interestExpense": "54700000", "nonInterestIncome": "1105600000", "otherNonOperatingIncome": "1300000", "depreciation": "23800000", "depreciationAndAmortization": "36811000", "incomeBeforeTax": "-73800000", "incomeTaxExpense": "-4100000", "interestAndDebtExpense": "54725000", "netIncomeFromContinuingOperations": "-67810000", "comprehensiveIncomeNetOfTax": "-180300000", "ebit": "-19100000", "ebitda": "17711000", "netIncome": "-69700000"}, {"fiscalDateEnding": "2019-12-31", "reportedCurrency": "USD", "grossProfit": "1344607000", "totalRevenue": "1428007000", "costOfRevenue": "83400000", "costofGoodsAndServicesSold": "577049000", "operatingIncome": "190380000", "sellingGeneralAndAdministrative": "288765000", "researchAndDevelopment": "72910000", "operatingExpenses": "83400000", "investmentIncomeNet": "10943000", "netInterestIncome": "-34782000", "interestIncome": "10943000", "interestExpense": "34782000", "nonInterestIncome": "None", "otherNonOperatingIncome": "132220000", "depreciation": "32512000", "depreciationAndAmortization": "11814000", "incomeBeforeTax": "298761000", "incomeTaxExpense": "31416000", "interestAndDebtExpense": "34782000", "netIncomeFromContinuingOperations": "291629000", "comprehensiveIncomeNetOfTax": "268501000", "ebit": "333543000", "ebitda": "345357000", "netIncome": "267345000"}, {"fiscalDateEnding": "2019-09-30", "reportedCurrency": "USD", "grossProfit": "532848000", "totalRevenue": "1575173000", "costOfRevenue": "1042325000", "costofGoodsAndServicesSold": "627119000", "operatingIncome": "297210000", "sellingGeneralAndAdministrative": "275384000", "researchAndDevelopment": "67354000", "operatingExpenses": "482560000", "investmentIncomeNet": "5485000", "netInterestIncome": "-22764000", "interestIncome": "5485000", "interestExpense": "22764000", "nonInterestIncome": "1575173000", "otherNonOperatingIncome": "-20186000", "depreciation": "38608000", "depreciationAndAmortization": "11814000", "incomeBeforeTax": "259746000", "incomeTaxExpense": "46797000", "interestAndDebtExpense": "22764000", "netIncomeFromContinuingOperations": "212949000", "comprehensiveIncomeNetOfTax": "200748000", "ebit": "282510000", "ebitda": "294324000", "netIncome": "212949000"}, {"fiscalDateEnding": "2019-06-30", "reportedCurrency": "USD", "grossProfit": "310266000", "totalRevenue": "984537000", "costOfRevenue": "674271000", "costofGoodsAndServicesSold": "343694000", "operatingIncome": "128333000", "sellingGeneralAndAdministrative": "247701000", "researchAndDevelopment": "65632000", "operatingExpenses": "396209000", "investmentIncomeNet": "5996000", "netInterestIncome": "-22018000", "interestIncome": "5996000", "interestExpense": "22018000", "nonInterestIncome": "984537000", "otherNonOperatingIncome": "-106203000", "depreciation": "35380000", "depreciationAndAmortization": "11815000", "incomeBeforeTax": "6108000", "incomeTaxExpense": "-7325000", "interestAndDebtExpense": "22018000", "netIncomeFromContinuingOperations": "13433000", "comprehensiveIncomeNetOfTax": "122597000", "ebit": "28126000", "ebitda": "39941000", "netIncome": "13433000"}, {"fiscalDateEnding": "2019-03-31", "reportedCurrency": "USD", "grossProfit": "175566000", "totalRevenue": "732510000", "costOfRevenue": "556944000", "costofGoodsAndServicesSold": "259987000", "operatingIncome": "36127000", "sellingGeneralAndAdministrative": "225253000", "researchAndDevelopment": "56260000", "operatingExpenses": "353217000", "investmentIncomeNet": "7682000", "netInterestIncome": "-22314000", "interestIncome": "7682000", "interestExpense": "22314000", "nonInterestIncome": "732510000", "otherNonOperatingIncome": "8100000", "depreciation": "27028000", "depreciationAndAmortization": "11816000", "incomeBeforeTax": "29595000", "incomeTaxExpense": "2868000", "interestAndDebtExpense": "22314000", "netIncomeFromContinuingOperations": "26727000", "comprehensiveIncomeNetOfTax": "38902000", "ebit": "51909000", "ebitda": "63725000", "netIncome": "26727000"}, {"fiscalDateEnding": "2018-12-31", "reportedCurrency": "USD", "grossProfit": "1389161000", "totalRevenue": "1389161000", "costOfRevenue": "168928000", "costofGoodsAndServicesSold": "601588000", "operatingIncome": "10547000", "sellingGeneralAndAdministrative": "433975000", "researchAndDevelopment": "63115000", "operatingExpenses": "168928000", "investmentIncomeNet": "5130000", "netInterestIncome": "-22435000", "interestIncome": "None", "interestExpense": "22435000", "nonInterestIncome": "None", "otherNonOperatingIncome": "1630000", "depreciation": "34340000", "depreciationAndAmortization": "8830000", "incomeBeforeTax": "-5128000", "incomeTaxExpense": "-13894000", "interestAndDebtExpense": "22435000", "netIncomeFromContinuingOperations": "10547000", "comprehensiveIncomeNetOfTax": "10990000", "ebit": "17307000", "ebitda": "26137000", "netIncome": "8766000"}, {"fiscalDateEnding": "2018-09-30", "reportedCurrency": "USD", "grossProfit": "504836000", "totalRevenue": "1569686000", "costOfRevenue": "1042071000", "costofGoodsAndServicesSold": "655597000", "operatingIncome": "313336000", "sellingGeneralAndAdministrative": "272368000", "researchAndDevelopment": "65807000", "operatingExpenses": "452281000", "investmentIncomeNet": "4671000", "netInterestIncome": "-22779000", "interestIncome": "None", "interestExpense": "22779000", "nonInterestIncome": "None", "otherNonOperatingIncome": "566000", "depreciation": "42623000", "depreciationAndAmortization": "8841000", "incomeBeforeTax": "295794000", "incomeTaxExpense": "31933000", "interestAndDebtExpense": "22779000", "netIncomeFromContinuingOperations": "263861000", "comprehensiveIncomeNetOfTax": "262199000", "ebit": "318573000", "ebitda": "327414000", "netIncome": "263861000"}, {"fiscalDateEnding": "2018-06-30", "reportedCurrency": "USD", "grossProfit": "904458000", "totalRevenue": "904458000", "costOfRevenue": "662113000", "costofGoodsAndServicesSold": "338306000", "operatingIncome": "87588000", "sellingGeneralAndAdministrative": "253208000", "researchAndDevelopment": "59859000", "operatingExpenses": "383666000", "investmentIncomeNet": "6308000", "netInterestIncome": "-22803000", "interestIncome": "None", "interestExpense": "22803000", "nonInterestIncome": "None", "otherNonOperatingIncome": "-2969000", "depreciation": "36071000", "depreciationAndAmortization": "4554000", "incomeBeforeTax": "68124000", "incomeTaxExpense": "7825000", "interestAndDebtExpense": "22803000", "netIncomeFromContinuingOperations": "87588000", "comprehensiveIncomeNetOfTax": "57618000", "ebit": "90927000", "ebitda": "95481000", "netIncome": "60299000"}, {"fiscalDateEnding": "2018-03-31", "reportedCurrency": "USD", "grossProfit": "716341000", "totalRevenue": "716341000", "costOfRevenue": "676675000", "costofGoodsAndServicesSold": "255187000", "operatingIncome": "-80419000", "sellingGeneralAndAdministrative": "328009000", "researchAndDevelopment": "57384000", "operatingExpenses": "478872000", "investmentIncomeNet": "6248000", "netInterestIncome": "-22809000", "interestIncome": "None", "interestExpense": "22809000", "nonInterestIncome": "None", "otherNonOperatingIncome": "8592000", "depreciation": "26221000", "depreciationAndAmortization": "6478000", "incomeBeforeTax": "-88388000", "incomeTaxExpense": "24104000", "interestAndDebtExpense": "22809000", "netIncomeFromContinuingOperations": "-80419000", "comprehensiveIncomeNetOfTax": "-143959000", "ebit": "-65579000", "ebitda": "-59101000", "netIncome": "-112492000"}, {"fiscalDateEnding": "2017-12-31", "reportedCurrency": "USD", "grossProfit": "1596111000", "totalRevenue": "1596111000", "costOfRevenue": "1260544000", "costofGoodsAndServicesSold": "628722000", "operatingIncome": "271088000", "sellingGeneralAndAdministrative": "311525000", "researchAndDevelopment": "76255000", "operatingExpenses": "517078000", "investmentIncomeNet": "6113000", "netInterestIncome": "-24516000", "interestIncome": "None", "interestExpense": "24516000", "nonInterestIncome": "None", "otherNonOperatingIncome": "25901000", "depreciation": "35165000", "depreciationAndAmortization": "6564000", "incomeBeforeTax": "278586000", "incomeTaxExpense": "283884000", "interestAndDebtExpense": "24516000", "netIncomeFromContinuingOperations": "271088000", "comprehensiveIncomeNetOfTax": "-9931000", "ebit": "303102000", "ebitda": "309666000", "netIncome": "-5298000"}, {"fiscalDateEnding": "2017-09-30", "reportedCurrency": "USD", "grossProfit": "1791502000", "totalRevenue": "1791502000", "costOfRevenue": "1188852000", "costofGoodsAndServicesSold": "730656000", "operatingIncome": "360944000", "sellingGeneralAndAdministrative": "312482000", "researchAndDevelopment": "67386000", "operatingExpenses": "525582000", "investmentIncomeNet": "5362000", "netInterestIncome": "-25072000", "interestIncome": "None", "interestExpense": "25072000", "nonInterestIncome": "None", "otherNonOperatingIncome": "8607000", "depreciation": "42062000", "depreciationAndAmortization": "6492000", "incomeBeforeTax": "349841000", "incomeTaxExpense": "84258000", "interestAndDebtExpense": "25072000", "netIncomeFromContinuingOperations": "360944000", "comprehensiveIncomeNetOfTax": "257404000", "ebit": "374913000", "ebitda": "381405000", "netIncome": "265583000"}, {"fiscalDateEnding": "2017-06-30", "reportedCurrency": "USD", "grossProfit": "972506000", "totalRevenue": "972506000", "costOfRevenue": "712167000", "costofGoodsAndServicesSold": "368233000", "operatingIncome": "99984000", "sellingGeneralAndAdministrative": "256901000", "researchAndDevelopment": "62793000", "operatingExpenses": "406727000", "investmentIncomeNet": "5116000", "netInterestIncome": "-24224000", "interestIncome": "None", "interestExpense": "24224000", "nonInterestIncome": "None", "otherNonOperatingIncome": "6010000", "depreciation": "38089000", "depreciationAndAmortization": "7881000", "incomeBeforeTax": "86886000", "incomeTaxExpense": "19163000", "interestAndDebtExpense": "24224000", "netIncomeFromContinuingOperations": "99984000", "comprehensiveIncomeNetOfTax": "38281000", "ebit": "111110000", "ebitda": "118991000", "netIncome": "67723000"}, {"fiscalDateEnding": "2017-03-31", "reportedCurrency": "USD", "grossProfit": "849663000", "totalRevenue": "849663000", "costOfRevenue": "622228000", "costofGoodsAndServicesSold": "306082000", "operatingIncome": "78343000", "sellingGeneralAndAdministrative": "243885000", "researchAndDevelopment": "62586000", "operatingExpenses": "378732000", "investmentIncomeNet": "5564000", "netInterestIncome": "-24456000", "interestIncome": "None", "interestExpense": "24456000", "nonInterestIncome": "None", "otherNonOperatingIncome": "11386000", "depreciation": "27702000", "depreciationAndAmortization": "7881000", "incomeBeforeTax": "70837000", "incomeTaxExpense": "2238000", "interestAndDebtExpense": "24456000", "netIncomeFromContinuingOperations": "849663000", "comprehensiveIncomeNetOfTax": "65998000", "ebit": "95293000", "ebitda": "103174000", "netIncome": "68599000"}, {"fiscalDateEnding": "2016-12-31", "reportedCurrency": "USD", "grossProfit": "1629940000", "totalRevenue": "1702203000", "costOfRevenue": "1346032000", "costofGoodsAndServicesSold": "634572000", "operatingIncome": "255157000", "sellingGeneralAndAdministrative": "353791000", "researchAndDevelopment": "75457000", "operatingExpenses": "606647000", "investmentIncomeNet": "2898000", "netInterestIncome": "-25142000", "interestIncome": "None", "interestExpense": "25142000", "nonInterestIncome": "None", "otherNonOperatingIncome": "-12981000", "depreciation": "30380000", "depreciationAndAmortization": "8690000", "incomeBeforeTax": "232058000", "incomeTaxExpense": "39333000", "interestAndDebtExpense": "25142000", "netIncomeFromContinuingOperations": "255157000", "comprehensiveIncomeNetOfTax": "202144000", "ebit": "257200000", "ebitda": "265890000", "netIncome": "192725000"}]}