{"symbol": "HBI", "annualReports": [{"fiscalDateEnding": "2020-12-31", "reportedCurrency": "USD", "grossProfit": "1848264000", "totalRevenue": "6664350000", "costOfRevenue": "4816086000", "costofGoodsAndServicesSold": "4816086000", "operatingIncome": "6501000", "sellingGeneralAndAdministrative": "1841763000", "researchAndDevelopment": "44710000", "operatingExpenses": "1841763000", "investmentIncomeNet": "None", "netInterestIncome": "-166491000", "interestIncome": "-166491000", "interestExpense": "166491000", "nonInterestIncome": "None", "otherNonOperatingIncome": "-23132000", "depreciation": "95759000", "depreciationAndAmortization": "132446000", "incomeBeforeTax": "-183122000", "incomeTaxExpense": "-107543000", "interestAndDebtExpense": "166491000", "netIncomeFromContinuingOperations": "-75579000", "comprehensiveIncomeNetOfTax": "-24890000", "ebit": "6501000", "ebitda": "115815000", "netIncome": "-75579000"}, {"fiscalDateEnding": "2019-12-31", "reportedCurrency": "USD", "grossProfit": "2719330000", "totalRevenue": "6956192000", "costOfRevenue": "6256577000", "costofGoodsAndServicesSold": "4247593000", "operatingIncome": "889730000", "sellingGeneralAndAdministrative": "1829600000", "researchAndDevelopment": "51520000", "operatingExpenses": "2060504000", "investmentIncomeNet": "None", "netInterestIncome": "-10731000", "interestIncome": "-178579000", "interestExpense": "10731000", "nonInterestIncome": "6966923000", "otherNonOperatingIncome": "-31424000", "depreciation": "96030000", "depreciationAndAmortization": "10069000", "incomeBeforeTax": "679727000", "incomeTaxExpense": "79007000", "interestAndDebtExpense": "178579000", "netIncomeFromContinuingOperations": "600720000", "comprehensiveIncomeNetOfTax": "557755000", "ebit": "889730000", "ebitda": "700527000", "netIncome": "600720000"}, {"fiscalDateEnding": "2018-12-31", "reportedCurrency": "USD", "grossProfit": "2653219000", "totalRevenue": "6803955000", "costOfRevenue": "4150736000", "costofGoodsAndServicesSold": "4150736000", "operatingIncome": "864651000", "sellingGeneralAndAdministrative": "1788568000", "researchAndDevelopment": "59313000", "operatingExpenses": "2074367000", "investmentIncomeNet": "None", "netInterestIncome": "-9278000", "interestIncome": "-194675000", "interestExpense": "9278000", "nonInterestIncome": "6803955000", "otherNonOperatingIncome": "-26395000", "depreciation": "95359000", "depreciationAndAmortization": "36437000", "incomeBeforeTax": "643581000", "incomeTaxExpense": "103915000", "interestAndDebtExpense": "194675000", "netIncomeFromContinuingOperations": "539666000", "comprehensiveIncomeNetOfTax": "475930000", "ebit": "864651000", "ebitda": "689296000", "netIncome": "539666000"}, {"fiscalDateEnding": "2017-12-31", "reportedCurrency": "USD", "grossProfit": "2489451000", "totalRevenue": "6471410000", "costOfRevenue": "3981959000", "costofGoodsAndServicesSold": "3981959000", "operatingIncome": "736175000", "sellingGeneralAndAdministrative": "1725424000", "researchAndDevelopment": "65457000", "operatingExpenses": "2133601000", "investmentIncomeNet": "None", "netInterestIncome": "-10394000", "interestIncome": "-174435000", "interestExpense": "10394000", "nonInterestIncome": "-4028000", "otherNonOperatingIncome": "-32645000", "depreciation": "87595000", "depreciationAndAmortization": "34892000", "incomeBeforeTax": "526998000", "incomeTaxExpense": "453117000", "interestAndDebtExpense": "174435000", "netIncomeFromContinuingOperations": "75978000", "comprehensiveIncomeNetOfTax": "77741000", "ebit": "736175000", "ebitda": "572284000", "netIncome": "73881000"}, {"fiscalDateEnding": "2016-12-31", "reportedCurrency": "USD", "grossProfit": "2276048000", "totalRevenue": "6028199000", "costOfRevenue": "3752151000", "costofGoodsAndServicesSold": "3752151000", "operatingIncome": "790051000", "sellingGeneralAndAdministrative": "1485997000", "researchAndDevelopment": "70096000", "operatingExpenses": "1826782000", "investmentIncomeNet": "None", "netInterestIncome": "-9034000", "interestIncome": "-152692000", "interestExpense": "9034000", "nonInterestIncome": "-12667000", "otherNonOperatingIncome": "-66160000", "depreciation": "81057000", "depreciationAndAmortization": "22118000", "incomeBeforeTax": "573654000", "incomeTaxExpense": "34272000", "interestAndDebtExpense": "152692000", "netIncomeFromContinuingOperations": "536927000", "comprehensiveIncomeNetOfTax": "498324000", "ebit": "790051000", "ebitda": "604806000", "netIncome": "539382000"}], "quarterlyReports": [{"fiscalDateEnding": "2021-09-30", "reportedCurrency": "USD", "grossProfit": "699661000", "totalRevenue": "1789551000", "costOfRevenue": "1554905000", "costofGoodsAndServicesSold": "1089890000", "operatingIncome": "234646000", "sellingGeneralAndAdministrative": "465015000", "researchAndDevelopment": "None", "operatingExpenses": "465015000", "investmentIncomeNet": "None", "netInterestIncome": "-40860000", "interestIncome": "-40860000", "interestExpense": "40860000", "nonInterestIncome": "1789551000", "otherNonOperatingIncome": "-1811000", "depreciation": "19618000", "depreciationAndAmortization": "27132000", "incomeBeforeTax": "167005000", "incomeTaxExpense": "15228000", "interestAndDebtExpense": "40860000", "netIncomeFromContinuingOperations": "176747000", "comprehensiveIncomeNetOfTax": "121377000", "ebit": "234646000", "ebitda": "234997000", "netIncome": "151777000"}, {"fiscalDateEnding": "2021-06-30", "reportedCurrency": "USD", "grossProfit": "681629000", "totalRevenue": "1751311000", "costOfRevenue": "1533917000", "costofGoodsAndServicesSold": "1069682000", "operatingIncome": "217394000", "sellingGeneralAndAdministrative": "464235000", "researchAndDevelopment": "None", "operatingExpenses": "464235000", "investmentIncomeNet": "None", "netInterestIncome": "-42440000", "interestIncome": "-42440000", "interestExpense": "42440000", "nonInterestIncome": "1751311000", "otherNonOperatingIncome": "-1855000", "depreciation": "19423000", "depreciationAndAmortization": "27016000", "incomeBeforeTax": "153912000", "incomeTaxExpense": "25236000", "interestAndDebtExpense": "42440000", "netIncomeFromContinuingOperations": "147863000", "comprehensiveIncomeNetOfTax": "124633000", "ebit": "217394000", "ebitda": "223368000", "netIncome": "128676000"}, {"fiscalDateEnding": "2021-03-31", "reportedCurrency": "USD", "grossProfit": "602681000", "totalRevenue": "1503449000", "costOfRevenue": "1483974000", "costofGoodsAndServicesSold": "905348000", "operatingIncome": "190122000", "sellingGeneralAndAdministrative": "412559000", "researchAndDevelopment": "None", "operatingExpenses": "578626000", "investmentIncomeNet": "None", "netInterestIncome": "-4580000", "interestIncome": "-44460000", "interestExpense": "4580000", "nonInterestIncome": "1508029000", "otherNonOperatingIncome": "-2561000", "depreciation": "24142000", "depreciationAndAmortization": "3020000", "incomeBeforeTax": "-248565000", "incomeTaxExpense": "14697000", "interestAndDebtExpense": "44460000", "netIncomeFromContinuingOperations": "128404000", "comprehensiveIncomeNetOfTax": "-273188000", "ebit": "190122000", "ebitda": "-240965000", "netIncome": "-263262000"}, {"fiscalDateEnding": "2020-12-31", "reportedCurrency": "USD", "grossProfit": "124807000", "totalRevenue": "1800843000", "costOfRevenue": "1676036000", "costofGoodsAndServicesSold": "1676036000", "operatingIncome": "-443736000", "sellingGeneralAndAdministrative": "568543000", "researchAndDevelopment": "None", "operatingExpenses": "568543000", "investmentIncomeNet": "None", "netInterestIncome": "-44115000", "interestIncome": "-44115000", "interestExpense": "44115000", "nonInterestIncome": "None", "otherNonOperatingIncome": "-6283000", "depreciation": "28083000", "depreciationAndAmortization": "38176000", "incomeBeforeTax": "-494134000", "incomeTaxExpense": "-161970000", "interestAndDebtExpense": "44115000", "netIncomeFromContinuingOperations": "-332164000", "comprehensiveIncomeNetOfTax": "-284340000", "ebit": "-443736000", "ebitda": "-411843000", "netIncome": "-332164000"}, {"fiscalDateEnding": "2020-09-30", "reportedCurrency": "USD", "grossProfit": "571471000", "totalRevenue": "1808266000", "costOfRevenue": "1642983000", "costofGoodsAndServicesSold": "1120392000", "operatingIncome": "189087000", "sellingGeneralAndAdministrative": "382384000", "researchAndDevelopment": "None", "operatingExpenses": "451430000", "investmentIncomeNet": "None", "netInterestIncome": "-3184000", "interestIncome": "-43868000", "interestExpense": "3184000", "nonInterestIncome": "1808266000", "otherNonOperatingIncome": "-4898000", "depreciation": "22277000", "depreciationAndAmortization": "9288000", "incomeBeforeTax": "125394000", "incomeTaxExpense": "22464000", "interestAndDebtExpense": "43500000", "netIncomeFromContinuingOperations": "103278000", "comprehensiveIncomeNetOfTax": "119504000", "ebit": "174571000", "ebitda": "137866000", "netIncome": "103278000"}, {"fiscalDateEnding": "2020-06-30", "reportedCurrency": "USD", "grossProfit": "513862000", "totalRevenue": "1738779000", "costOfRevenue": "1505959000", "costofGoodsAndServicesSold": "1029221000", "operatingIncome": "202133000", "sellingGeneralAndAdministrative": "311729000", "researchAndDevelopment": "None", "operatingExpenses": "400192000", "investmentIncomeNet": "None", "netInterestIncome": "-2996000", "interestIncome": "-41659000", "interestExpense": "2996000", "nonInterestIncome": "1738779000", "otherNonOperatingIncome": "-4653000", "depreciation": "22618000", "depreciationAndAmortization": "8716000", "incomeBeforeTax": "194827000", "incomeTaxExpense": "19837000", "interestAndDebtExpense": "41075000", "netIncomeFromContinuingOperations": "161181000", "comprehensiveIncomeNetOfTax": "253597000", "ebit": "241536000", "ebitda": "206539000", "netIncome": "161181000"}, {"fiscalDateEnding": "2020-03-31", "reportedCurrency": "USD", "grossProfit": "418168000", "totalRevenue": "1314339000", "costOfRevenue": "1298657000", "costofGoodsAndServicesSold": "784902000", "operatingIncome": "47953000", "sellingGeneralAndAdministrative": "370215000", "researchAndDevelopment": "None", "operatingExpenses": "455927000", "investmentIncomeNet": "None", "netInterestIncome": "-2123000", "interestIncome": "-36849000", "interestExpense": "2123000", "nonInterestIncome": "1316462000", "otherNonOperatingIncome": "-6101000", "depreciation": "22781000", "depreciationAndAmortization": "11067000", "incomeBeforeTax": "-7167000", "incomeTaxExpense": "707000", "interestAndDebtExpense": "36027000", "netIncomeFromContinuingOperations": "-7874000", "comprehensiveIncomeNetOfTax": "-113651000", "ebit": "47953000", "ebitda": "6023000", "netIncome": "-7874000"}, {"fiscalDateEnding": "2019-12-31", "reportedCurrency": "USD", "grossProfit": "706743000", "totalRevenue": "1751005000", "costOfRevenue": "1507590000", "costofGoodsAndServicesSold": "1044262000", "operatingIncome": "243415000", "sellingGeneralAndAdministrative": "463328000", "researchAndDevelopment": "51520000", "operatingExpenses": "463328000", "investmentIncomeNet": "None", "netInterestIncome": "-3710000", "interestIncome": "-40907000", "interestExpense": "3710000", "nonInterestIncome": "1751005000", "otherNonOperatingIncome": "-7658000", "depreciation": "24418000", "depreciationAndAmortization": "-23682000", "incomeBeforeTax": "194850000", "incomeTaxExpense": "9864000", "interestAndDebtExpense": "40907000", "netIncomeFromContinuingOperations": "179490000", "comprehensiveIncomeNetOfTax": "179297000", "ebit": "243415000", "ebitda": "174878000", "netIncome": "184986000"}, {"fiscalDateEnding": "2019-09-30", "reportedCurrency": "USD", "grossProfit": "717033000", "totalRevenue": "1866967000", "costOfRevenue": "1605841000", "costofGoodsAndServicesSold": "1149934000", "operatingIncome": "267071000", "sellingGeneralAndAdministrative": "449962000", "researchAndDevelopment": "51520000", "operatingExpenses": "451212000", "investmentIncomeNet": "None", "netInterestIncome": "-2263000", "interestIncome": "-43091000", "interestExpense": "2263000", "nonInterestIncome": "1866967000", "otherNonOperatingIncome": "-8066000", "depreciation": "24723000", "depreciationAndAmortization": "8630000", "incomeBeforeTax": "215914000", "incomeTaxExpense": "30823000", "interestAndDebtExpense": "43091000", "netIncomeFromContinuingOperations": "187776000", "comprehensiveIncomeNetOfTax": "145758000", "ebit": "267071000", "ebitda": "226807000", "netIncome": "185091000"}, {"fiscalDateEnding": "2019-06-30", "reportedCurrency": "USD", "grossProfit": "675523000", "totalRevenue": "1760927000", "costOfRevenue": "1085404000", "costofGoodsAndServicesSold": "1085404000", "operatingIncome": "229600000", "sellingGeneralAndAdministrative": "445923000", "researchAndDevelopment": "51520000", "operatingExpenses": "448882000", "investmentIncomeNet": "None", "netInterestIncome": "-2318000", "interestIncome": "-46522000", "interestExpense": "2318000", "nonInterestIncome": "1760927000", "otherNonOperatingIncome": "-8249000", "depreciation": "24035000", "depreciationAndAmortization": "8220000", "incomeBeforeTax": "174829000", "incomeTaxExpense": "25274000", "interestAndDebtExpense": "46522000", "netIncomeFromContinuingOperations": "153972000", "comprehensiveIncomeNetOfTax": "144748000", "ebit": "229600000", "ebitda": "185367000", "netIncome": "149555000"}, {"fiscalDateEnding": "2019-03-31", "reportedCurrency": "USD", "grossProfit": "620031000", "totalRevenue": "1588024000", "costOfRevenue": "967993000", "costofGoodsAndServicesSold": "967993000", "operatingIncome": "149644000", "sellingGeneralAndAdministrative": "470387000", "researchAndDevelopment": "51520000", "operatingExpenses": "490263000", "investmentIncomeNet": "None", "netInterestIncome": "-2440000", "interestIncome": "None", "interestExpense": "2440000", "nonInterestIncome": "1588024000", "otherNonOperatingIncome": "-7451000", "depreciation": "22854000", "depreciationAndAmortization": "9380000", "incomeBeforeTax": "94134000", "incomeTaxExpense": "13046000", "interestAndDebtExpense": "48059000", "netIncomeFromContinuingOperations": "79482000", "comprehensiveIncomeNetOfTax": "87952000", "ebit": "149644000", "ebitda": "105954000", "netIncome": "81088000"}, {"fiscalDateEnding": "2018-12-31", "reportedCurrency": "USD", "grossProfit": "704157000", "totalRevenue": "1768301000", "costOfRevenue": "1064144000", "costofGoodsAndServicesSold": "1064144000", "operatingIncome": "244123000", "sellingGeneralAndAdministrative": "460034000", "researchAndDevelopment": "59313000", "operatingExpenses": "460034000", "investmentIncomeNet": "None", "netInterestIncome": "-2327000", "interestIncome": "None", "interestExpense": "2327000", "nonInterestIncome": "1768301000", "otherNonOperatingIncome": "-6779000", "depreciation": "24449000", "depreciationAndAmortization": "8033000", "incomeBeforeTax": "189657000", "incomeTaxExpense": "39629000", "interestAndDebtExpense": "47687000", "netIncomeFromContinuingOperations": "161621000", "comprehensiveIncomeNetOfTax": "133584000", "ebit": "244123000", "ebitda": "200017000", "netIncome": "150028000"}, {"fiscalDateEnding": "2018-09-30", "reportedCurrency": "USD", "grossProfit": "711835000", "totalRevenue": "1848707000", "costOfRevenue": "1136872000", "costofGoodsAndServicesSold": "1136872000", "operatingIncome": "256057000", "sellingGeneralAndAdministrative": "455778000", "researchAndDevelopment": "59313000", "operatingExpenses": "465869000", "investmentIncomeNet": "None", "netInterestIncome": "-2324000", "interestIncome": "None", "interestExpense": "2324000", "nonInterestIncome": "1848707000", "otherNonOperatingIncome": "-7285000", "depreciation": "None", "depreciationAndAmortization": "10091000", "incomeBeforeTax": "195977000", "incomeTaxExpense": "25168000", "interestAndDebtExpense": "52795000", "netIncomeFromContinuingOperations": "171421000", "comprehensiveIncomeNetOfTax": "156865000", "ebit": "256057000", "ebitda": "208392000", "netIncome": "170809000"}, {"fiscalDateEnding": "2018-06-30", "reportedCurrency": "USD", "grossProfit": "659131000", "totalRevenue": "1715443000", "costOfRevenue": "1056312000", "costofGoodsAndServicesSold": "1056312000", "operatingIncome": "219238000", "sellingGeneralAndAdministrative": "439893000", "researchAndDevelopment": "59313000", "operatingExpenses": "449018000", "investmentIncomeNet": "None", "netInterestIncome": "-2284000", "interestIncome": "None", "interestExpense": "2284000", "nonInterestIncome": "1715443000", "otherNonOperatingIncome": "-6570000", "depreciation": "None", "depreciationAndAmortization": "9125000", "incomeBeforeTax": "164238000", "incomeTaxExpense": "24211000", "interestAndDebtExpense": "48430000", "netIncomeFromContinuingOperations": "140633000", "comprehensiveIncomeNetOfTax": "118172000", "ebit": "219238000", "ebitda": "175647000", "netIncome": "140027000"}, {"fiscalDateEnding": "2018-03-31", "reportedCurrency": "USD", "grossProfit": "578096000", "totalRevenue": "1471504000", "costOfRevenue": "893408000", "costofGoodsAndServicesSold": "893408000", "operatingIncome": "145233000", "sellingGeneralAndAdministrative": "432863000", "researchAndDevelopment": "59313000", "operatingExpenses": "442051000", "investmentIncomeNet": "None", "netInterestIncome": "-2343000", "interestIncome": "None", "interestExpense": "2343000", "nonInterestIncome": "1471504000", "otherNonOperatingIncome": "-5761000", "depreciation": "None", "depreciationAndAmortization": "9188000", "incomeBeforeTax": "93709000", "incomeTaxExpense": "14907000", "interestAndDebtExpense": "45763000", "netIncomeFromContinuingOperations": "79409000", "comprehensiveIncomeNetOfTax": "67309000", "ebit": "145233000", "ebitda": "105240000", "netIncome": "78802000"}, {"fiscalDateEnding": "2017-12-31", "reportedCurrency": "USD", "grossProfit": "626661000", "totalRevenue": "1645175000", "costOfRevenue": "1018514000", "costofGoodsAndServicesSold": "1019614000", "operatingIncome": "117575000", "sellingGeneralAndAdministrative": "480134000", "researchAndDevelopment": "65457000", "operatingExpenses": "849365000", "investmentIncomeNet": "None", "netInterestIncome": "-2451000", "interestIncome": "None", "interestExpense": "2451000", "nonInterestIncome": "-1875000", "otherNonOperatingIncome": "-12635000", "depreciation": "None", "depreciationAndAmortization": "11297000", "incomeBeforeTax": "48702000", "incomeTaxExpense": "433313000", "interestAndDebtExpense": "44251000", "netIncomeFromContinuingOperations": "-384611000", "comprehensiveIncomeNetOfTax": "-378113000", "ebit": "117575000", "ebitda": "62450000", "netIncome": "-384611000"}, {"fiscalDateEnding": "2017-09-30", "reportedCurrency": "USD", "grossProfit": "678457000", "totalRevenue": "1799270000", "costOfRevenue": "1120813000", "costofGoodsAndServicesSold": "1120813000", "operatingIncome": "258466000", "sellingGeneralAndAdministrative": "419991000", "researchAndDevelopment": "None", "operatingExpenses": "435432000", "investmentIncomeNet": "None", "netInterestIncome": "-2506000", "interestIncome": "None", "interestExpense": "2506000", "nonInterestIncome": "-594000", "otherNonOperatingIncome": "-7043000", "depreciation": "None", "depreciationAndAmortization": "10279000", "incomeBeforeTax": "207506000", "incomeTaxExpense": "4150000", "interestAndDebtExpense": "43917000", "netIncomeFromContinuingOperations": "203356000", "comprehensiveIncomeNetOfTax": "208407000", "ebit": "258466000", "ebitda": "220291000", "netIncome": "203356000"}, {"fiscalDateEnding": "2017-06-30", "reportedCurrency": "USD", "grossProfit": "645902000", "totalRevenue": "1646610000", "costOfRevenue": "1000708000", "costofGoodsAndServicesSold": "1000708000", "operatingIncome": "233705000", "sellingGeneralAndAdministrative": "412197000", "researchAndDevelopment": "None", "operatingExpenses": "418328000", "investmentIncomeNet": "None", "netInterestIncome": "-2736000", "interestIncome": "None", "interestExpense": "2736000", "nonInterestIncome": "None", "otherNonOperatingIncome": "-6422000", "depreciation": "None", "depreciationAndAmortization": "6131000", "incomeBeforeTax": "183521000", "incomeTaxExpense": "10989000", "interestAndDebtExpense": "44130000", "netIncomeFromContinuingOperations": "172164000", "comprehensiveIncomeNetOfTax": "160604000", "ebit": "233705000", "ebitda": "192388000", "netIncome": "172532000"}, {"fiscalDateEnding": "2017-03-31", "reportedCurrency": "USD", "grossProfit": "539531000", "totalRevenue": "1380355000", "costOfRevenue": "840824000", "costofGoodsAndServicesSold": "840824000", "operatingIncome": "126429000", "sellingGeneralAndAdministrative": "413102000", "researchAndDevelopment": "None", "operatingExpenses": "420287000", "investmentIncomeNet": "None", "netInterestIncome": "-2701000", "interestIncome": "None", "interestExpense": "2701000", "nonInterestIncome": "None", "otherNonOperatingIncome": "-6545000", "depreciation": "None", "depreciationAndAmortization": "7185000", "incomeBeforeTax": "75282000", "incomeTaxExpense": "4665000", "interestAndDebtExpense": "42137000", "netIncomeFromContinuingOperations": "73082000", "comprehensiveIncomeNetOfTax": "86843000", "ebit": "126429000", "ebitda": "85168000", "netIncome": "70617000"}, {"fiscalDateEnding": "2016-12-31", "reportedCurrency": "USD", "grossProfit": "612135000", "totalRevenue": "1594377000", "costOfRevenue": "1614002000", "costofGoodsAndServicesSold": "963174000", "operatingIncome": "218084000", "sellingGeneralAndAdministrative": "394051000", "researchAndDevelopment": "70096000", "operatingExpenses": "720924000", "investmentIncomeNet": "None", "netInterestIncome": "-2633000", "interestIncome": "None", "interestExpense": "2633000", "nonInterestIncome": "0", "otherNonOperatingIncome": "-15627000", "depreciation": "None", "depreciationAndAmortization": "8206000", "incomeBeforeTax": "162691000", "incomeTaxExpense": "5579000", "interestAndDebtExpense": "41153000", "netIncomeFromContinuingOperations": "155725000", "comprehensiveIncomeNetOfTax": "102363000", "ebit": "218084000", "ebitda": "173530000", "netIncome": "157112000"}]}