{"symbol": "HCA", "annualReports": [{"fiscalDateEnding": "2020-12-31", "reportedCurrency": "USD", "grossProfit": "25251000000", "totalRevenue": "49647000000", "costOfRevenue": "24396000000", "costofGoodsAndServicesSold": "8369000000", "operatingIncome": "15422000000", "sellingGeneralAndAdministrative": "416000000", "researchAndDevelopment": "None", "operatingExpenses": "9836000000", "investmentIncomeNet": "None", "netInterestIncome": "-1584000000", "interestIncome": "-1530000000", "interestExpense": "1584000000", "nonInterestIncome": "51231000000", "otherNonOperatingIncome": "-248000000", "depreciation": "2693000000", "depreciationAndAmortization": "106000000", "incomeBeforeTax": "4797000000", "incomeTaxExpense": "1043000000", "interestAndDebtExpense": "1879000000", "netIncomeFromContinuingOperations": "4387000000", "comprehensiveIncomeNetOfTax": "3712000000", "ebit": "6381000000", "ebitda": "6487000000", "netIncome": "3754000000"}, {"fiscalDateEnding": "2019-12-31", "reportedCurrency": "USD", "grossProfit": "25296000000", "totalRevenue": "49319000000", "costOfRevenue": "24023000000", "costofGoodsAndServicesSold": "32041000000", "operatingIncome": "15352000000", "sellingGeneralAndAdministrative": "370000000", "researchAndDevelopment": "None", "operatingExpenses": "9926000000", "investmentIncomeNet": "None", "netInterestIncome": "-1824000000", "interestIncome": "-1781000000", "interestExpense": "1824000000", "nonInterestIncome": "51143000000", "otherNonOperatingIncome": "-150000000", "depreciation": "2579000000", "depreciationAndAmortization": "93000000", "incomeBeforeTax": "4604000000", "incomeTaxExpense": "1099000000", "interestAndDebtExpense": "2035000000", "netIncomeFromContinuingOperations": "4145000000", "comprehensiveIncomeNetOfTax": "3426000000", "ebit": "6428000000", "ebitda": "6521000000", "netIncome": "3505000000"}, {"fiscalDateEnding": "2018-12-31", "reportedCurrency": "USD", "grossProfit": "23572000000", "totalRevenue": "45341000000", "costOfRevenue": "21769000000", "costofGoodsAndServicesSold": "29149000000", "operatingIncome": "14620000000", "sellingGeneralAndAdministrative": "344000000", "researchAndDevelopment": "None", "operatingExpenses": "8524000000", "investmentIncomeNet": "None", "netInterestIncome": "-1755000000", "interestIncome": "-1726000000", "interestExpense": "1755000000", "nonInterestIncome": "47096000000", "otherNonOperatingIncome": "448000000", "depreciation": "2262000000", "depreciationAndAmortization": "2278000000", "incomeBeforeTax": "4733000000", "incomeTaxExpense": "946000000", "interestAndDebtExpense": "1764000000", "netIncomeFromContinuingOperations": "4389000000", "comprehensiveIncomeNetOfTax": "3779000000", "ebit": "6488000000", "ebitda": "8766000000", "netIncome": "3787000000"}, {"fiscalDateEnding": "2017-12-31", "reportedCurrency": "USD", "grossProfit": "49051000000", "totalRevenue": "49424000000", "costOfRevenue": "373000000", "costofGoodsAndServicesSold": "27375000000", "operatingIncome": "36588000000", "sellingGeneralAndAdministrative": "373000000", "researchAndDevelopment": "None", "operatingExpenses": "12455000000", "investmentIncomeNet": "None", "netInterestIncome": "-1690000000", "interestIncome": "-1645000000", "interestExpense": "1690000000", "nonInterestIncome": "-31000000", "otherNonOperatingIncome": "14000000", "depreciation": "2111000000", "depreciationAndAmortization": "2131000000", "incomeBeforeTax": "3854000000", "incomeTaxExpense": "1638000000", "interestAndDebtExpense": "1729000000", "netIncomeFromContinuingOperations": "2743000000", "comprehensiveIncomeNetOfTax": "2276000000", "ebit": "5544000000", "ebitda": "7675000000", "netIncome": "2216000000"}, {"fiscalDateEnding": "2016-12-31", "reportedCurrency": "USD", "grossProfit": "44337000000", "totalRevenue": "44710000000", "costOfRevenue": "373000000", "costofGoodsAndServicesSold": "25830000000", "operatingIncome": "33445000000", "sellingGeneralAndAdministrative": "373000000", "researchAndDevelopment": "None", "operatingExpenses": "10869000000", "investmentIncomeNet": "None", "netInterestIncome": "-1707000000", "interestIncome": "-1653000000", "interestExpense": "1707000000", "nonInterestIncome": "19000000", "otherNonOperatingIncome": "73000000", "depreciation": "1946000000", "depreciationAndAmortization": "1966000000", "incomeBeforeTax": "4268000000", "incomeTaxExpense": "1378000000", "interestAndDebtExpense": "1711000000", "netIncomeFromContinuingOperations": "3432000000", "comprehensiveIncomeNetOfTax": "2817000000", "ebit": "5975000000", "ebitda": "7941000000", "netIncome": "2890000000"}], "quarterlyReports": [{"fiscalDateEnding": "2021-09-30", "reportedCurrency": "USD", "grossProfit": "8744000000", "totalRevenue": "15925000000", "costOfRevenue": "7181000000", "costofGoodsAndServicesSold": "2463000000", "operatingIncome": "6127000000", "sellingGeneralAndAdministrative": "87000000", "researchAndDevelopment": "None", "operatingExpenses": "1570000000", "investmentIncomeNet": "None", "netInterestIncome": "-398000000", "interestIncome": "-363000000", "interestExpense": "398000000", "nonInterestIncome": "16323000000", "otherNonOperatingIncome": "1082000000", "depreciation": "None", "depreciationAndAmortization": "716000000", "incomeBeforeTax": "2954000000", "incomeTaxExpense": "685000000", "interestAndDebtExpense": "398000000", "netIncomeFromContinuingOperations": "2472000000", "comprehensiveIncomeNetOfTax": "2252000000", "ebit": "3352000000", "ebitda": "4068000000", "netIncome": "2269000000"}, {"fiscalDateEnding": "2021-06-30", "reportedCurrency": "USD", "grossProfit": "7533000000", "totalRevenue": "14045000000", "costOfRevenue": "6512000000", "costofGoodsAndServicesSold": "2380000000", "operatingIncome": "4933000000", "sellingGeneralAndAdministrative": "127000000", "researchAndDevelopment": "None", "operatingExpenses": "2592000000", "investmentIncomeNet": "None", "netInterestIncome": "-386000000", "interestIncome": "-364000000", "interestExpense": "386000000", "nonInterestIncome": "14431000000", "otherNonOperatingIncome": "18000000", "depreciation": "None", "depreciationAndAmortization": "712000000", "incomeBeforeTax": "1903000000", "incomeTaxExpense": "453000000", "interestAndDebtExpense": "398000000", "netIncomeFromContinuingOperations": "1664000000", "comprehensiveIncomeNetOfTax": "1466000000", "ebit": "2289000000", "ebitda": "3001000000", "netIncome": "1450000000"}, {"fiscalDateEnding": "2021-03-31", "reportedCurrency": "USD", "grossProfit": "7207000000", "totalRevenue": "13595000000", "costOfRevenue": "6388000000", "costofGoodsAndServicesSold": "2224000000", "operatingIncome": "4699000000", "sellingGeneralAndAdministrative": "87000000", "researchAndDevelopment": "None", "operatingExpenses": "2506000000", "investmentIncomeNet": "None", "netInterestIncome": "-384000000", "interestIncome": "-363000000", "interestExpense": "384000000", "nonInterestIncome": "13979000000", "otherNonOperatingIncome": "23000000", "depreciation": "None", "depreciationAndAmortization": "697000000", "incomeBeforeTax": "1816000000", "incomeTaxExpense": "393000000", "interestAndDebtExpense": "384000000", "netIncomeFromContinuingOperations": "1580000000", "comprehensiveIncomeNetOfTax": "1434000000", "ebit": "2200000000", "ebitda": "2897000000", "netIncome": "1423000000"}, {"fiscalDateEnding": "2020-12-31", "reportedCurrency": "USD", "grossProfit": "7347000000", "totalRevenue": "13909000000", "costOfRevenue": "6562000000", "costofGoodsAndServicesSold": "2370000000", "operatingIncome": "4632000000", "sellingGeneralAndAdministrative": "127000000", "researchAndDevelopment": "None", "operatingExpenses": "2716000000", "investmentIncomeNet": "None", "netInterestIncome": "-383000000", "interestIncome": "-377000000", "interestExpense": "383000000", "nonInterestIncome": "14292000000", "otherNonOperatingIncome": "5000000", "depreciation": "None", "depreciationAndAmortization": "662000000", "incomeBeforeTax": "1804000000", "incomeTaxExpense": "378000000", "interestAndDebtExpense": "383000000", "netIncomeFromContinuingOperations": "1694000000", "comprehensiveIncomeNetOfTax": "1439000000", "ebit": "2187000000", "ebitda": "2849000000", "netIncome": "1426000000"}, {"fiscalDateEnding": "2020-09-30", "reportedCurrency": "USD", "grossProfit": "6726000000", "totalRevenue": "12940000000", "costOfRevenue": "6214000000", "costofGoodsAndServicesSold": "8225000000", "operatingIncome": "4358000000", "sellingGeneralAndAdministrative": "117000000", "researchAndDevelopment": "None", "operatingExpenses": "2354000000", "investmentIncomeNet": "None", "netInterestIncome": "-385000000", "interestIncome": "-345000000", "interestExpense": "385000000", "nonInterestIncome": "13325000000", "otherNonOperatingIncome": "54000000", "depreciation": "None", "depreciationAndAmortization": "694000000", "incomeBeforeTax": "877000000", "incomeTaxExpense": "209000000", "interestAndDebtExpense": "385000000", "netIncomeFromContinuingOperations": "779000000", "comprehensiveIncomeNetOfTax": "715000000", "ebit": "1262000000", "ebitda": "1956000000", "netIncome": "668000000"}, {"fiscalDateEnding": "2020-06-30", "reportedCurrency": "USD", "grossProfit": "5247000000", "totalRevenue": "10653000000", "costOfRevenue": "5406000000", "costofGoodsAndServicesSold": "7078000000", "operatingIncome": "3024000000", "sellingGeneralAndAdministrative": "76000000", "researchAndDevelopment": "None", "operatingExpenses": "2250000000", "investmentIncomeNet": "None", "netInterestIncome": "-388000000", "interestIncome": "-387000000", "interestExpense": "388000000", "nonInterestIncome": "11041000000", "otherNonOperatingIncome": "-26000000", "depreciation": "None", "depreciationAndAmortization": "691000000", "incomeBeforeTax": "1423000000", "incomeTaxExpense": "344000000", "interestAndDebtExpense": "388000000", "netIncomeFromContinuingOperations": "1216000000", "comprehensiveIncomeNetOfTax": "1088000000", "ebit": "1811000000", "ebitda": "2502000000", "netIncome": "1079000000"}, {"fiscalDateEnding": "2020-03-31", "reportedCurrency": "USD", "grossProfit": "5931000000", "totalRevenue": "12145000000", "costOfRevenue": "6214000000", "costofGoodsAndServicesSold": "8241000000", "operatingIncome": "3408000000", "sellingGeneralAndAdministrative": "96000000", "researchAndDevelopment": "None", "operatingExpenses": "2516000000", "investmentIncomeNet": "None", "netInterestIncome": "-428000000", "interestIncome": "-421000000", "interestExpense": "428000000", "nonInterestIncome": "12573000000", "otherNonOperatingIncome": "-281000000", "depreciation": "None", "depreciationAndAmortization": "674000000", "incomeBeforeTax": "693000000", "incomeTaxExpense": "112000000", "interestAndDebtExpense": "723000000", "netIncomeFromContinuingOperations": "698000000", "comprehensiveIncomeNetOfTax": "470000000", "ebit": "1121000000", "ebitda": "1795000000", "netIncome": "581000000"}, {"fiscalDateEnding": "2019-12-31", "reportedCurrency": "USD", "grossProfit": "13523000000", "totalRevenue": "13523000000", "costOfRevenue": "6230000000", "costofGoodsAndServicesSold": "8337000000", "operatingIncome": "13523000000", "sellingGeneralAndAdministrative": "102000000", "researchAndDevelopment": "None", "operatingExpenses": "2592000000", "investmentIncomeNet": "None", "netInterestIncome": "-438000000", "interestIncome": "-418000000", "interestExpense": "438000000", "nonInterestIncome": "13523000000", "otherNonOperatingIncome": "21000000", "depreciation": "None", "depreciationAndAmortization": "23000000", "incomeBeforeTax": "1405000000", "incomeTaxExpense": "334000000", "interestAndDebtExpense": "438000000", "netIncomeFromContinuingOperations": "13523000000", "comprehensiveIncomeNetOfTax": "1072000000", "ebit": "1843000000", "ebitda": "1866000000", "netIncome": "1071000000"}, {"fiscalDateEnding": "2019-09-30", "reportedCurrency": "USD", "grossProfit": "5941000000", "totalRevenue": "12033000000", "costOfRevenue": "6092000000", "costofGoodsAndServicesSold": "8061000000", "operatingIncome": "3468000000", "sellingGeneralAndAdministrative": "88000000", "researchAndDevelopment": "None", "operatingExpenses": "2475000000", "investmentIncomeNet": "None", "netInterestIncome": "-448000000", "interestIncome": "-444000000", "interestExpense": "448000000", "nonInterestIncome": "12481000000", "otherNonOperatingIncome": "-207000000", "depreciation": "None", "depreciationAndAmortization": "33000000", "incomeBeforeTax": "827000000", "incomeTaxExpense": "215000000", "interestAndDebtExpense": "659000000", "netIncomeFromContinuingOperations": "764000000", "comprehensiveIncomeNetOfTax": "582000000", "ebit": "1275000000", "ebitda": "1308000000", "netIncome": "612000000"}, {"fiscalDateEnding": "2019-06-30", "reportedCurrency": "USD", "grossProfit": "6212000000", "totalRevenue": "12143000000", "costOfRevenue": "5931000000", "costofGoodsAndServicesSold": "7955000000", "operatingIncome": "3756000000", "sellingGeneralAndAdministrative": "94000000", "researchAndDevelopment": "None", "operatingExpenses": "2438000000", "investmentIncomeNet": "None", "netInterestIncome": "-477000000", "interestIncome": "-469000000", "interestExpense": "477000000", "nonInterestIncome": "12620000000", "otherNonOperatingIncome": "26000000", "depreciation": "None", "depreciationAndAmortization": "636000000", "incomeBeforeTax": "1054000000", "incomeTaxExpense": "271000000", "interestAndDebtExpense": "477000000", "netIncomeFromContinuingOperations": "927000000", "comprehensiveIncomeNetOfTax": "726000000", "ebit": "1531000000", "ebitda": "2167000000", "netIncome": "783000000"}, {"fiscalDateEnding": "2019-03-31", "reportedCurrency": "USD", "grossProfit": "6322000000", "totalRevenue": "12055000000", "costOfRevenue": "5733000000", "costofGoodsAndServicesSold": "7688000000", "operatingIncome": "3937000000", "sellingGeneralAndAdministrative": "86000000", "researchAndDevelopment": "None", "operatingExpenses": "2386000000", "investmentIncomeNet": "None", "netInterestIncome": "-461000000", "interestIncome": "None", "interestExpense": "461000000", "nonInterestIncome": "12516000000", "otherNonOperatingIncome": "10000000", "depreciation": "None", "depreciationAndAmortization": "619000000", "incomeBeforeTax": "1318000000", "incomeTaxExpense": "279000000", "interestAndDebtExpense": "461000000", "netIncomeFromContinuingOperations": "1181000000", "comprehensiveIncomeNetOfTax": "1046000000", "ebit": "1779000000", "ebitda": "2398000000", "netIncome": "1039000000"}, {"fiscalDateEnding": "2018-12-31", "reportedCurrency": "USD", "grossProfit": "12274000000", "totalRevenue": "12274000000", "costOfRevenue": "5575000000", "costofGoodsAndServicesSold": "7487000000", "operatingIncome": "12274000000", "sellingGeneralAndAdministrative": "90000000", "researchAndDevelopment": "None", "operatingExpenses": "2365000000", "investmentIncomeNet": "None", "netInterestIncome": "-446000000", "interestIncome": "None", "interestExpense": "446000000", "nonInterestIncome": "12274000000", "otherNonOperatingIncome": "12000000", "depreciation": "None", "depreciationAndAmortization": "581000000", "incomeBeforeTax": "1308000000", "incomeTaxExpense": "244000000", "interestAndDebtExpense": "446000000", "netIncomeFromContinuingOperations": "12274000000", "comprehensiveIncomeNetOfTax": "1044000000", "ebit": "1754000000", "ebitda": "2335000000", "netIncome": "1064000000"}, {"fiscalDateEnding": "2018-09-30", "reportedCurrency": "USD", "grossProfit": "5539000000", "totalRevenue": "11006000000", "costOfRevenue": "5467000000", "costofGoodsAndServicesSold": "7267000000", "operatingIncome": "3352000000", "sellingGeneralAndAdministrative": "90000000", "researchAndDevelopment": "None", "operatingExpenses": "2181000000", "investmentIncomeNet": "None", "netInterestIncome": "-442000000", "interestIncome": "None", "interestExpense": "442000000", "nonInterestIncome": "11448000000", "otherNonOperatingIncome": "6000000", "depreciation": "None", "depreciationAndAmortization": "582000000", "incomeBeforeTax": "932000000", "incomeTaxExpense": "173000000", "interestAndDebtExpense": "451000000", "netIncomeFromContinuingOperations": "896000000", "comprehensiveIncomeNetOfTax": "754000000", "ebit": "1374000000", "ebitda": "1956000000", "netIncome": "759000000"}, {"fiscalDateEnding": "2018-06-30", "reportedCurrency": "USD", "grossProfit": "5745000000", "totalRevenue": "11102000000", "costOfRevenue": "5357000000", "costofGoodsAndServicesSold": "7191000000", "operatingIncome": "3544000000", "sellingGeneralAndAdministrative": "83000000", "researchAndDevelopment": "None", "operatingExpenses": "2192000000", "investmentIncomeNet": "None", "netInterestIncome": "-436000000", "interestIncome": "None", "interestExpense": "436000000", "nonInterestIncome": "11538000000", "otherNonOperatingIncome": "16000000", "depreciation": "None", "depreciationAndAmortization": "562000000", "incomeBeforeTax": "1092000000", "incomeTaxExpense": "272000000", "interestAndDebtExpense": "436000000", "netIncomeFromContinuingOperations": "966000000", "comprehensiveIncomeNetOfTax": "756000000", "ebit": "1528000000", "ebitda": "2090000000", "netIncome": "820000000"}, {"fiscalDateEnding": "2018-03-31", "reportedCurrency": "USD", "grossProfit": "11607000000", "totalRevenue": "11688000000", "costOfRevenue": "81000000", "costofGoodsAndServicesSold": "7204000000", "operatingIncome": "9416000000", "sellingGeneralAndAdministrative": "81000000", "researchAndDevelopment": "None", "operatingExpenses": "1786000000", "investmentIncomeNet": "None", "netInterestIncome": "-431000000", "interestIncome": "None", "interestExpense": "431000000", "nonInterestIncome": "405000000", "otherNonOperatingIncome": "414000000", "depreciation": "None", "depreciationAndAmortization": "553000000", "incomeBeforeTax": "1401000000", "incomeTaxExpense": "257000000", "interestAndDebtExpense": "431000000", "netIncomeFromContinuingOperations": "1282000000", "comprehensiveIncomeNetOfTax": "1225000000", "ebit": "1832000000", "ebitda": "2385000000", "netIncome": "1144000000"}, {"fiscalDateEnding": "2017-12-31", "reportedCurrency": "USD", "grossProfit": "-1000000", "totalRevenue": "11562000000", "costOfRevenue": "100000000", "costofGoodsAndServicesSold": "7128000000", "operatingIncome": "-1000000", "sellingGeneralAndAdministrative": "100000000", "researchAndDevelopment": "None", "operatingExpenses": "1000000", "investmentIncomeNet": "None", "netInterestIncome": "-433000000", "interestIncome": "None", "interestExpense": "433000000", "nonInterestIncome": "-1000000", "otherNonOperatingIncome": "7000000", "depreciation": "None", "depreciationAndAmortization": "550000000", "incomeBeforeTax": "1210000000", "incomeTaxExpense": "736000000", "interestAndDebtExpense": "433000000", "netIncomeFromContinuingOperations": "-1000000", "comprehensiveIncomeNetOfTax": "464000000", "ebit": "1643000000", "ebitda": "2193000000", "netIncome": "474000000"}, {"fiscalDateEnding": "2017-09-30", "reportedCurrency": "USD", "grossProfit": "11766000000", "totalRevenue": "11857000000", "costOfRevenue": "91000000", "costofGoodsAndServicesSold": "6858000000", "operatingIncome": "8329000000", "sellingGeneralAndAdministrative": "91000000", "researchAndDevelopment": "None", "operatingExpenses": "3430000000", "investmentIncomeNet": "None", "netInterestIncome": "-427000000", "interestIncome": "None", "interestExpense": "427000000", "nonInterestIncome": "-32000000", "otherNonOperatingIncome": "-19000000", "depreciation": "None", "depreciationAndAmortization": "539000000", "incomeBeforeTax": "674000000", "incomeTaxExpense": "248000000", "interestAndDebtExpense": "466000000", "netIncomeFromContinuingOperations": "530000000", "comprehensiveIncomeNetOfTax": "451000000", "ebit": "1101000000", "ebitda": "1640000000", "netIncome": "426000000"}, {"fiscalDateEnding": "2017-06-30", "reportedCurrency": "USD", "grossProfit": "11681000000", "totalRevenue": "11773000000", "costOfRevenue": "92000000", "costofGoodsAndServicesSold": "6691000000", "operatingIncome": "8551000000", "sellingGeneralAndAdministrative": "92000000", "researchAndDevelopment": "None", "operatingExpenses": "3128000000", "investmentIncomeNet": "None", "netInterestIncome": "-411000000", "interestIncome": "None", "interestExpense": "411000000", "nonInterestIncome": "2000000", "otherNonOperatingIncome": "15000000", "depreciation": "None", "depreciationAndAmortization": "521000000", "incomeBeforeTax": "1022000000", "incomeTaxExpense": "365000000", "interestAndDebtExpense": "411000000", "netIncomeFromContinuingOperations": "795000000", "comprehensiveIncomeNetOfTax": "684000000", "ebit": "1433000000", "ebitda": "1954000000", "netIncome": "657000000"}, {"fiscalDateEnding": "2017-03-31", "reportedCurrency": "USD", "grossProfit": "11216000000", "totalRevenue": "11306000000", "costOfRevenue": "90000000", "costofGoodsAndServicesSold": "6698000000", "operatingIncome": "8436000000", "sellingGeneralAndAdministrative": "90000000", "researchAndDevelopment": "None", "operatingExpenses": "2779000000", "investmentIncomeNet": "None", "netInterestIncome": "-419000000", "interestIncome": "None", "interestExpense": "419000000", "nonInterestIncome": "1000000", "otherNonOperatingIncome": "11000000", "depreciation": "None", "depreciationAndAmortization": "521000000", "incomeBeforeTax": "948000000", "incomeTaxExpense": "289000000", "interestAndDebtExpense": "419000000", "netIncomeFromContinuingOperations": "777000000", "comprehensiveIncomeNetOfTax": "677000000", "ebit": "1367000000", "ebitda": "1888000000", "netIncome": "659000000"}, {"fiscalDateEnding": "2016-12-31", "reportedCurrency": "USD", "grossProfit": "15000000", "totalRevenue": "15000000", "costOfRevenue": "68000000", "costofGoodsAndServicesSold": "6566000000", "operatingIncome": "15000000", "sellingGeneralAndAdministrative": "101000000", "researchAndDevelopment": "None", "operatingExpenses": "-15000000", "investmentIncomeNet": "None", "netInterestIncome": "-432000000", "interestIncome": "None", "interestExpense": "432000000", "nonInterestIncome": "15000000", "otherNonOperatingIncome": "25000000", "depreciation": "None", "depreciationAndAmortization": "503000000", "incomeBeforeTax": "1400000000", "incomeTaxExpense": "480000000", "interestAndDebtExpense": "432000000", "netIncomeFromContinuingOperations": "15000000", "comprehensiveIncomeNetOfTax": "923000000", "ebit": "1832000000", "ebitda": "2335000000", "netIncome": "920000000"}]}