{"symbol": "HLT", "annualReports": [{"fiscalDateEnding": "2020-12-31", "reportedCurrency": "USD", "grossProfit": "3366000000", "totalRevenue": "4307000000", "costOfRevenue": "941000000", "costofGoodsAndServicesSold": "3724000000", "operatingIncome": "-418000000", "sellingGeneralAndAdministrative": "311000000", "researchAndDevelopment": "None", "operatingExpenses": "941000000", "investmentIncomeNet": "None", "netInterestIncome": "-429000000", "interestIncome": "-456000000", "interestExpense": "429000000", "nonInterestIncome": "4280000000", "otherNonOperatingIncome": "-2000000", "depreciation": "None", "depreciationAndAmortization": "331000000", "incomeBeforeTax": "-511000000", "incomeTaxExpense": "204000000", "interestAndDebtExpense": "429000000", "netIncomeFromContinuingOperations": "-1128000000", "comprehensiveIncomeNetOfTax": "-735000000", "ebit": "-82000000", "ebitda": "249000000", "netIncome": "-715000000"}, {"fiscalDateEnding": "2019-12-31", "reportedCurrency": "USD", "grossProfit": "8665000000", "totalRevenue": "9452000000", "costOfRevenue": "787000000", "costofGoodsAndServicesSold": "7017000000", "operatingIncome": "1657000000", "sellingGeneralAndAdministrative": "441000000", "researchAndDevelopment": "None", "operatingExpenses": "706000000", "investmentIncomeNet": "None", "netInterestIncome": "-414000000", "interestIncome": "-416000000", "interestExpense": "414000000", "nonInterestIncome": "9450000000", "otherNonOperatingIncome": "3000000", "depreciation": "60000000", "depreciationAndAmortization": "346000000", "incomeBeforeTax": "523000000", "incomeTaxExpense": "-358000000", "interestAndDebtExpense": "414000000", "netIncomeFromContinuingOperations": "1602000000", "comprehensiveIncomeNetOfTax": "823000000", "ebit": "937000000", "ebitda": "1283000000", "netIncome": "881000000"}, {"fiscalDateEnding": "2018-12-31", "reportedCurrency": "USD", "grossProfit": "8382000000", "totalRevenue": "8906000000", "costOfRevenue": "524000000", "costofGoodsAndServicesSold": "6655000000", "operatingIncome": "1432000000", "sellingGeneralAndAdministrative": "443000000", "researchAndDevelopment": "None", "operatingExpenses": "524000000", "investmentIncomeNet": "None", "netInterestIncome": "-371000000", "interestIncome": "-382000000", "interestExpense": "371000000", "nonInterestIncome": "8895000000", "otherNonOperatingIncome": "28000000", "depreciation": "54000000", "depreciationAndAmortization": "325000000", "incomeBeforeTax": "455000000", "incomeTaxExpense": "-309000000", "interestAndDebtExpense": "371000000", "netIncomeFromContinuingOperations": "769000000", "comprehensiveIncomeNetOfTax": "707000000", "ebit": "826000000", "ebitda": "1151000000", "netIncome": "764000000"}, {"fiscalDateEnding": "2017-12-31", "reportedCurrency": "USD", "grossProfit": "1428000000", "totalRevenue": "8131000000", "costOfRevenue": "7712000000", "costofGoodsAndServicesSold": "6931000000", "operatingIncome": "1132000000", "sellingGeneralAndAdministrative": "434000000", "researchAndDevelopment": "None", "operatingExpenses": "781000000", "investmentIncomeNet": "None", "netInterestIncome": "-408000000", "interestIncome": "-57000000", "interestExpense": "351000000", "nonInterestIncome": "-57000000", "otherNonOperatingIncome": "29000000", "depreciation": "59000000", "depreciationAndAmortization": "336000000", "incomeBeforeTax": "1420000000", "incomeTaxExpense": "336000000", "interestAndDebtExpense": "468000000", "netIncomeFromContinuingOperations": "1264000000", "comprehensiveIncomeNetOfTax": "1281000000", "ebit": "1771000000", "ebitda": "2107000000", "netIncome": "1084000000"}, {"fiscalDateEnding": "2016-12-31", "reportedCurrency": "USD", "grossProfit": "1781000000", "totalRevenue": "6576000000", "costOfRevenue": "9882000000", "costofGoodsAndServicesSold": "8494000000", "operatingIncome": "868000000", "sellingGeneralAndAdministrative": "616000000", "researchAndDevelopment": "None", "operatingExpenses": "1330000000", "investmentIncomeNet": "12000000", "netInterestIncome": "-587000000", "interestIncome": "-253000000", "interestExpense": "334000000", "nonInterestIncome": "-13000000", "otherNonOperatingIncome": "22000000", "depreciation": "358000000", "depreciationAndAmortization": "353000000", "incomeBeforeTax": "-219000000", "incomeTaxExpense": "-557000000", "interestAndDebtExpense": "587000000", "netIncomeFromContinuingOperations": "364000000", "comprehensiveIncomeNetOfTax": "121000000", "ebit": "115000000", "ebitda": "468000000", "netIncome": "338000000"}], "quarterlyReports": [{"fiscalDateEnding": "2021-09-30", "reportedCurrency": "USD", "grossProfit": "1498000000", "totalRevenue": "1651000000", "costOfRevenue": "153000000", "costofGoodsAndServicesSold": "1144000000", "operatingIncome": "432000000", "sellingGeneralAndAdministrative": "107000000", "researchAndDevelopment": "None", "operatingExpenses": "161000000", "investmentIncomeNet": "None", "netInterestIncome": "-98000000", "interestIncome": "-98000000", "interestExpense": "98000000", "nonInterestIncome": "1749000000", "otherNonOperatingIncome": "6000000", "depreciation": "None", "depreciationAndAmortization": "46000000", "incomeBeforeTax": "341000000", "incomeTaxExpense": "100000000", "interestAndDebtExpense": "98000000", "netIncomeFromContinuingOperations": "240000000", "comprehensiveIncomeNetOfTax": "238000000", "ebit": "439000000", "ebitda": "485000000", "netIncome": "241000000"}, {"fiscalDateEnding": "2021-06-30", "reportedCurrency": "USD", "grossProfit": "1083000000", "totalRevenue": "1227000000", "costOfRevenue": "144000000", "costofGoodsAndServicesSold": "952000000", "operatingIncome": "224000000", "sellingGeneralAndAdministrative": "98000000", "researchAndDevelopment": "None", "operatingExpenses": "144000000", "investmentIncomeNet": "None", "netInterestIncome": "-101000000", "interestIncome": "-102000000", "interestExpense": "101000000", "nonInterestIncome": "1328000000", "otherNonOperatingIncome": "5000000", "depreciation": "None", "depreciationAndAmortization": "46000000", "incomeBeforeTax": "131000000", "incomeTaxExpense": "1000000", "interestAndDebtExpense": "101000000", "netIncomeFromContinuingOperations": "126000000", "comprehensiveIncomeNetOfTax": "144000000", "ebit": "232000000", "ebitda": "278000000", "netIncome": "130000000"}, {"fiscalDateEnding": "2021-03-31", "reportedCurrency": "USD", "grossProfit": "625000000", "totalRevenue": "773000000", "costOfRevenue": "148000000", "costofGoodsAndServicesSold": "695000000", "operatingIncome": "21000000", "sellingGeneralAndAdministrative": "97000000", "researchAndDevelopment": "None", "operatingExpenses": "148000000", "investmentIncomeNet": "None", "netInterestIncome": "-103000000", "interestIncome": "-101000000", "interestExpense": "103000000", "nonInterestIncome": "876000000", "otherNonOperatingIncome": "5000000", "depreciation": "None", "depreciationAndAmortization": "51000000", "incomeBeforeTax": "-73000000", "incomeTaxExpense": "35000000", "interestAndDebtExpense": "103000000", "netIncomeFromContinuingOperations": "-179000000", "comprehensiveIncomeNetOfTax": "-128000000", "ebit": "30000000", "ebitda": "81000000", "netIncome": "-108000000"}, {"fiscalDateEnding": "2020-12-31", "reportedCurrency": "USD", "grossProfit": "890000000", "totalRevenue": "1222000000", "costOfRevenue": "309000000", "costofGoodsAndServicesSold": "764000000", "operatingIncome": "-195000000", "sellingGeneralAndAdministrative": "122000000", "researchAndDevelopment": "None", "operatingExpenses": "309000000", "investmentIncomeNet": "None", "netInterestIncome": "-113000000", "interestIncome": "-124000000", "interestExpense": "113000000", "nonInterestIncome": "890000000", "otherNonOperatingIncome": "18000000", "depreciation": "None", "depreciationAndAmortization": "62000000", "incomeBeforeTax": "-100000000", "incomeTaxExpense": "124000000", "interestAndDebtExpense": "113000000", "netIncomeFromContinuingOperations": "-195000000", "comprehensiveIncomeNetOfTax": "-231000000", "ebit": "13000000", "ebitda": "75000000", "netIncome": "-224000000"}, {"fiscalDateEnding": "2020-09-30", "reportedCurrency": "USD", "grossProfit": "640000000", "totalRevenue": "805000000", "costOfRevenue": "165000000", "costofGoodsAndServicesSold": "736000000", "operatingIncome": "11000000", "sellingGeneralAndAdministrative": "66000000", "researchAndDevelopment": "None", "operatingExpenses": "165000000", "investmentIncomeNet": "None", "netInterestIncome": "-116000000", "interestIncome": "-128000000", "interestExpense": "116000000", "nonInterestIncome": "921000000", "otherNonOperatingIncome": "3000000", "depreciation": "None", "depreciationAndAmortization": "90000000", "incomeBeforeTax": "-46000000", "incomeTaxExpense": "-33000000", "interestAndDebtExpense": "116000000", "netIncomeFromContinuingOperations": "-147000000", "comprehensiveIncomeNetOfTax": "-51000000", "ebit": "70000000", "ebitda": "160000000", "netIncome": "-79000000"}, {"fiscalDateEnding": "2020-06-30", "reportedCurrency": "USD", "grossProfit": "241000000", "totalRevenue": "445000000", "costOfRevenue": "204000000", "costofGoodsAndServicesSold": "649000000", "operatingIncome": "-302000000", "sellingGeneralAndAdministrative": "63000000", "researchAndDevelopment": "None", "operatingExpenses": "204000000", "investmentIncomeNet": "None", "netInterestIncome": "-106000000", "interestIncome": "-119000000", "interestExpense": "106000000", "nonInterestIncome": "551000000", "otherNonOperatingIncome": "-23000000", "depreciation": "None", "depreciationAndAmortization": "88000000", "incomeBeforeTax": "-418000000", "incomeTaxExpense": "12000000", "interestAndDebtExpense": "106000000", "netIncomeFromContinuingOperations": "-456000000", "comprehensiveIncomeNetOfTax": "-412000000", "ebit": "-312000000", "ebitda": "-224000000", "netIncome": "-430000000"}, {"fiscalDateEnding": "2020-03-31", "reportedCurrency": "USD", "grossProfit": "1572000000", "totalRevenue": "1835000000", "costOfRevenue": "263000000", "costofGoodsAndServicesSold": "1575000000", "operatingIncome": "68000000", "sellingGeneralAndAdministrative": "60000000", "researchAndDevelopment": "None", "operatingExpenses": "263000000", "investmentIncomeNet": "None", "netInterestIncome": "-94000000", "interestIncome": "-85000000", "interestExpense": "94000000", "nonInterestIncome": "1929000000", "otherNonOperatingIncome": "0", "depreciation": "None", "depreciationAndAmortization": "91000000", "incomeBeforeTax": "53000000", "incomeTaxExpense": "35000000", "interestAndDebtExpense": "94000000", "netIncomeFromContinuingOperations": "-52000000", "comprehensiveIncomeNetOfTax": "-41000000", "ebit": "147000000", "ebitda": "238000000", "netIncome": "18000000"}, {"fiscalDateEnding": "2019-12-31", "reportedCurrency": "USD", "grossProfit": "2369000000", "totalRevenue": "2669000000", "costOfRevenue": "204000000", "costofGoodsAndServicesSold": "1791000000", "operatingIncome": "348000000", "sellingGeneralAndAdministrative": "114000000", "researchAndDevelopment": "None", "operatingExpenses": "204000000", "investmentIncomeNet": "None", "netInterestIncome": "-110000000", "interestIncome": "-116000000", "interestExpense": "110000000", "nonInterestIncome": "2369000000", "otherNonOperatingIncome": "11000000", "depreciation": "None", "depreciationAndAmortization": "90000000", "incomeBeforeTax": "108000000", "incomeTaxExpense": "-67000000", "interestAndDebtExpense": "110000000", "netIncomeFromContinuingOperations": "348000000", "comprehensiveIncomeNetOfTax": "183000000", "ebit": "218000000", "ebitda": "308000000", "netIncome": "175000000"}, {"fiscalDateEnding": "2019-09-30", "reportedCurrency": "USD", "grossProfit": "2104000000", "totalRevenue": "2297000000", "costOfRevenue": "193000000", "costofGoodsAndServicesSold": "1753000000", "operatingIncome": "519000000", "sellingGeneralAndAdministrative": "107000000", "researchAndDevelopment": "None", "operatingExpenses": "112000000", "investmentIncomeNet": "None", "netInterestIncome": "-105000000", "interestIncome": "-98000000", "interestExpense": "105000000", "nonInterestIncome": "2402000000", "otherNonOperatingIncome": "0", "depreciation": "None", "depreciationAndAmortization": "86000000", "incomeBeforeTax": "157000000", "incomeTaxExpense": "-131000000", "interestAndDebtExpense": "105000000", "netIncomeFromContinuingOperations": "552000000", "comprehensiveIncomeNetOfTax": "246000000", "ebit": "262000000", "ebitda": "348000000", "netIncome": "288000000"}, {"fiscalDateEnding": "2019-06-30", "reportedCurrency": "USD", "grossProfit": "2181000000", "totalRevenue": "2380000000", "costOfRevenue": "199000000", "costofGoodsAndServicesSold": "1792000000", "operatingIncome": "478000000", "sellingGeneralAndAdministrative": "113000000", "researchAndDevelopment": "None", "operatingExpenses": "199000000", "investmentIncomeNet": "None", "netInterestIncome": "-101000000", "interestIncome": "-104000000", "interestExpense": "101000000", "nonInterestIncome": "2481000000", "otherNonOperatingIncome": "-12000000", "depreciation": "None", "depreciationAndAmortization": "86000000", "incomeBeforeTax": "159000000", "incomeTaxExpense": "-101000000", "interestAndDebtExpense": "101000000", "netIncomeFromContinuingOperations": "463000000", "comprehensiveIncomeNetOfTax": "252000000", "ebit": "260000000", "ebitda": "346000000", "netIncome": "260000000"}, {"fiscalDateEnding": "2019-03-31", "reportedCurrency": "USD", "grossProfit": "1915000000", "totalRevenue": "2106000000", "costOfRevenue": "191000000", "costofGoodsAndServicesSold": "1681000000", "operatingIncome": "312000000", "sellingGeneralAndAdministrative": "107000000", "researchAndDevelopment": "None", "operatingExpenses": "191000000", "investmentIncomeNet": "None", "netInterestIncome": "-98000000", "interestIncome": "-98000000", "interestExpense": "98000000", "nonInterestIncome": "2204000000", "otherNonOperatingIncome": "4000000", "depreciation": "None", "depreciationAndAmortization": "84000000", "incomeBeforeTax": "99000000", "incomeTaxExpense": "-59000000", "interestAndDebtExpense": "98000000", "netIncomeFromContinuingOperations": "277000000", "comprehensiveIncomeNetOfTax": "142000000", "ebit": "197000000", "ebitda": "281000000", "netIncome": "158000000"}, {"fiscalDateEnding": "2018-12-31", "reportedCurrency": "USD", "grossProfit": "2288000000", "totalRevenue": "2572000000", "costOfRevenue": "176000000", "costofGoodsAndServicesSold": "1713000000", "operatingIncome": "362000000", "sellingGeneralAndAdministrative": "115000000", "researchAndDevelopment": "None", "operatingExpenses": "176000000", "investmentIncomeNet": "None", "netInterestIncome": "-94000000", "interestIncome": "None", "interestExpense": "94000000", "nonInterestIncome": "2288000000", "otherNonOperatingIncome": "2000000", "depreciation": "None", "depreciationAndAmortization": "83000000", "incomeBeforeTax": "183000000", "incomeTaxExpense": "-41000000", "interestAndDebtExpense": "94000000", "netIncomeFromContinuingOperations": "362000000", "comprehensiveIncomeNetOfTax": "172000000", "ebit": "277000000", "ebitda": "360000000", "netIncome": "224000000"}, {"fiscalDateEnding": "2018-09-30", "reportedCurrency": "USD", "grossProfit": "2033000000", "totalRevenue": "2148000000", "costOfRevenue": "115000000", "costofGoodsAndServicesSold": "1668000000", "operatingIncome": "385000000", "sellingGeneralAndAdministrative": "109000000", "researchAndDevelopment": "None", "operatingExpenses": "115000000", "investmentIncomeNet": "None", "netInterestIncome": "-99000000", "interestIncome": "None", "interestExpense": "99000000", "nonInterestIncome": "2247000000", "otherNonOperatingIncome": "13000000", "depreciation": "None", "depreciationAndAmortization": "81000000", "incomeBeforeTax": "33000000", "incomeTaxExpense": "-129000000", "interestAndDebtExpense": "99000000", "netIncomeFromContinuingOperations": "422000000", "comprehensiveIncomeNetOfTax": "158000000", "ebit": "132000000", "ebitda": "213000000", "netIncome": "162000000"}, {"fiscalDateEnding": "2018-06-30", "reportedCurrency": "USD", "grossProfit": "418000000", "totalRevenue": "2291000000", "costOfRevenue": "1873000000", "costofGoodsAndServicesSold": "1679000000", "operatingIncome": "406000000", "sellingGeneralAndAdministrative": "115000000", "researchAndDevelopment": "None", "operatingExpenses": "194000000", "investmentIncomeNet": "None", "netInterestIncome": "-95000000", "interestIncome": "None", "interestExpense": "95000000", "nonInterestIncome": "-12000000", "otherNonOperatingIncome": "-1000000", "depreciation": "None", "depreciationAndAmortization": "79000000", "incomeBeforeTax": "136000000", "incomeTaxExpense": "-81000000", "interestAndDebtExpense": "95000000", "netIncomeFromContinuingOperations": "217000000", "comprehensiveIncomeNetOfTax": "155000000", "ebit": "231000000", "ebitda": "310000000", "netIncome": "217000000"}, {"fiscalDateEnding": "2018-03-31", "reportedCurrency": "USD", "grossProfit": "293000000", "totalRevenue": "2074000000", "costOfRevenue": "1781000000", "costofGoodsAndServicesSold": "1595000000", "operatingIncome": "279000000", "sellingGeneralAndAdministrative": "104000000", "researchAndDevelopment": "None", "operatingExpenses": "186000000", "investmentIncomeNet": "None", "netInterestIncome": "-83000000", "interestIncome": "None", "interestExpense": "83000000", "nonInterestIncome": "11000000", "otherNonOperatingIncome": "14000000", "depreciation": "None", "depreciationAndAmortization": "82000000", "incomeBeforeTax": "103000000", "incomeTaxExpense": "-58000000", "interestAndDebtExpense": "83000000", "netIncomeFromContinuingOperations": "163000000", "comprehensiveIncomeNetOfTax": "222000000", "ebit": "186000000", "ebitda": "268000000", "netIncome": "161000000"}, {"fiscalDateEnding": "2017-12-31", "reportedCurrency": "USD", "grossProfit": "2279000000", "totalRevenue": "2279000000", "costOfRevenue": "1916000000", "costofGoodsAndServicesSold": "1720000000", "operatingIncome": "259000000", "sellingGeneralAndAdministrative": "108000000", "researchAndDevelopment": "None", "operatingExpenses": "196000000", "investmentIncomeNet": "None", "netInterestIncome": "-104000000", "interestIncome": "-13000000", "interestExpense": "91000000", "nonInterestIncome": "2068000000", "otherNonOperatingIncome": "13000000", "depreciation": "None", "depreciationAndAmortization": "84000000", "incomeBeforeTax": "1278000000", "incomeTaxExpense": "549000000", "interestAndDebtExpense": "104000000", "netIncomeFromContinuingOperations": "348000000", "comprehensiveIncomeNetOfTax": "808000000", "ebit": "1369000000", "ebitda": "1453000000", "netIncome": "729000000"}, {"fiscalDateEnding": "2017-09-30", "reportedCurrency": "USD", "grossProfit": "389000000", "totalRevenue": "2354000000", "costOfRevenue": "1965000000", "costofGoodsAndServicesSold": "1778000000", "operatingIncome": "332000000", "sellingGeneralAndAdministrative": "104000000", "researchAndDevelopment": "None", "operatingExpenses": "187000000", "investmentIncomeNet": "None", "netInterestIncome": "-100000000", "interestIncome": "-15000000", "interestExpense": "85000000", "nonInterestIncome": "2000000", "otherNonOperatingIncome": "7000000", "depreciation": "None", "depreciationAndAmortization": "83000000", "incomeBeforeTax": "62000000", "incomeTaxExpense": "-96000000", "interestAndDebtExpense": "100000000", "netIncomeFromContinuingOperations": "181000000", "comprehensiveIncomeNetOfTax": "206000000", "ebit": "147000000", "ebitda": "230000000", "netIncome": "158000000"}, {"fiscalDateEnding": "2017-06-30", "reportedCurrency": "USD", "grossProfit": "376000000", "totalRevenue": "2076000000", "costOfRevenue": "1970000000", "costofGoodsAndServicesSold": "1766000000", "operatingIncome": "324000000", "sellingGeneralAndAdministrative": "117000000", "researchAndDevelopment": "None", "operatingExpenses": "204000000", "investmentIncomeNet": "None", "netInterestIncome": "-100000000", "interestIncome": "-14000000", "interestExpense": "86000000", "nonInterestIncome": "5000000", "otherNonOperatingIncome": "7000000", "depreciation": "None", "depreciationAndAmortization": "83000000", "incomeBeforeTax": "249000000", "incomeTaxExpense": "99000000", "interestAndDebtExpense": "100000000", "netIncomeFromContinuingOperations": "166000000", "comprehensiveIncomeNetOfTax": "200000000", "ebit": "335000000", "ebitda": "418000000", "netIncome": "150000000"}, {"fiscalDateEnding": "2017-03-31", "reportedCurrency": "USD", "grossProfit": "300000000", "totalRevenue": "1896000000", "costOfRevenue": "1861000000", "costofGoodsAndServicesSold": "1667000000", "operatingIncome": "217000000", "sellingGeneralAndAdministrative": "105000000", "researchAndDevelopment": "None", "operatingExpenses": "194000000", "investmentIncomeNet": "None", "netInterestIncome": "-104000000", "interestIncome": "-15000000", "interestExpense": "89000000", "nonInterestIncome": "-64000000", "otherNonOperatingIncome": "2000000", "depreciation": "None", "depreciationAndAmortization": "86000000", "incomeBeforeTax": "65000000", "incomeTaxExpense": "18000000", "interestAndDebtExpense": "164000000", "netIncomeFromContinuingOperations": "74000000", "comprehensiveIncomeNetOfTax": "67000000", "ebit": "154000000", "ebitda": "240000000", "netIncome": "47000000"}, {"fiscalDateEnding": "2016-12-31", "reportedCurrency": "USD", "grossProfit": "2920000000", "totalRevenue": "1839000000", "costOfRevenue": "2555000000", "costofGoodsAndServicesSold": "2120000000", "operatingIncome": "244000000", "sellingGeneralAndAdministrative": "224000000", "researchAndDevelopment": "None", "operatingExpenses": "416000000", "investmentIncomeNet": "2000000", "netInterestIncome": "-153000000", "interestIncome": "-105000000", "interestExpense": "48000000", "nonInterestIncome": "20000000", "otherNonOperatingIncome": "17000000", "depreciation": "95000000", "depreciationAndAmortization": "80000000", "incomeBeforeTax": "-955000000", "incomeTaxExpense": "-568000000", "interestAndDebtExpense": "153000000", "netIncomeFromContinuingOperations": "406000000", "comprehensiveIncomeNetOfTax": "-572000000", "ebit": "-907000000", "ebitda": "-827000000", "netIncome": "-387000000"}]}