{"symbol": "HOLX", "annualReports": [{"fiscalDateEnding": "2021-09-30", "reportedCurrency": "USD", "grossProfit": "3795800000", "totalRevenue": "5632300000", "costOfRevenue": "1836500000", "costofGoodsAndServicesSold": "276700000", "operatingIncome": "2480300000", "sellingGeneralAndAdministrative": "994400000", "researchAndDevelopment": "276300000", "operatingExpenses": "1315500000", "investmentIncomeNet": "1400000", "netInterestIncome": "-93600000", "interestIncome": "1400000", "interestExpense": "93600000", "nonInterestIncome": "5597500000", "otherNonOperatingIncome": "-5400000", "depreciation": "88000000", "depreciationAndAmortization": "42200600", "incomeBeforeTax": "2362900000", "incomeTaxExpense": "491400000", "interestAndDebtExpense": "115200000", "netIncomeFromContinuingOperations": "1869700000", "comprehensiveIncomeNetOfTax": "1860300000", "ebit": "2456500000", "ebitda": "2498700600", "netIncome": "1871500000"}, {"fiscalDateEnding": "2020-09-30", "reportedCurrency": "USD", "grossProfit": "2227500000", "totalRevenue": "3776400000", "costOfRevenue": "1548900000", "costofGoodsAndServicesSold": "253200000", "operatingIncome": "1105000000", "sellingGeneralAndAdministrative": "840600000", "researchAndDevelopment": "222500000", "operatingExpenses": "1122500000", "investmentIncomeNet": "4300000", "netInterestIncome": "-116500000", "interestIncome": "4300000", "interestExpense": "116500000", "nonInterestIncome": "3776400000", "otherNonOperatingIncome": "9100000", "depreciation": "83100000", "depreciationAndAmortization": "39700300", "incomeBeforeTax": "1006600000", "incomeTaxExpense": "-108600000", "interestAndDebtExpense": "116500000", "netIncomeFromContinuingOperations": "1110500000", "comprehensiveIncomeNetOfTax": "1103100000", "ebit": "1123100000", "ebitda": "1162800300", "netIncome": "1115200000"}, {"fiscalDateEnding": "2019-09-30", "reportedCurrency": "USD", "grossProfit": "1170900000", "totalRevenue": "3367300000", "costOfRevenue": "2196400000", "costofGoodsAndServicesSold": "52000000", "operatingIncome": "-123800000", "sellingGeneralAndAdministrative": "897200000", "researchAndDevelopment": "232200000", "operatingExpenses": "1294700000", "investmentIncomeNet": "4600000", "netInterestIncome": "-140800000", "interestIncome": "4600000", "interestExpense": "140800000", "nonInterestIncome": "3366500000", "otherNonOperatingIncome": "3100000", "depreciation": "92500000", "depreciationAndAmortization": "318500000", "incomeBeforeTax": "-257700000", "incomeTaxExpense": "-54100000", "interestAndDebtExpense": "141600000", "netIncomeFromContinuingOperations": "-203600000", "comprehensiveIncomeNetOfTax": "-220400000", "ebit": "-116900000", "ebitda": "201600000", "netIncome": "-203600000"}, {"fiscalDateEnding": "2018-09-30", "reportedCurrency": "USD", "grossProfit": "1696700000", "totalRevenue": "3217900000", "costOfRevenue": "1521200000", "costofGoodsAndServicesSold": "1201800000", "operatingIncome": "-237900000", "sellingGeneralAndAdministrative": "910700000", "researchAndDevelopment": "218700000", "operatingExpenses": "1934600000", "investmentIncomeNet": "6300000", "netInterestIncome": "-148700000", "interestIncome": "6300000", "interestExpense": "148700000", "nonInterestIncome": "-45900000", "otherNonOperatingIncome": "7600000", "depreciation": "101600000", "depreciationAndAmortization": "319400000", "incomeBeforeTax": "-418600000", "incomeTaxExpense": "-307300000", "interestAndDebtExpense": "194600000", "netIncomeFromContinuingOperations": "-111300000", "comprehensiveIncomeNetOfTax": "-120600000", "ebit": "-269900000", "ebitda": "49500000", "netIncome": "-111300000"}, {"fiscalDateEnding": "2017-09-30", "reportedCurrency": "USD", "grossProfit": "1621000000", "totalRevenue": "3058800000", "costOfRevenue": "1437800000", "costofGoodsAndServicesSold": "1140700000", "operatingIncome": "1370200000", "sellingGeneralAndAdministrative": "841900000", "researchAndDevelopment": "232800000", "operatingExpenses": "250800000", "investmentIncomeNet": "3800000", "netInterestIncome": "-153200000", "interestIncome": "3800000", "interestExpense": "153200000", "nonInterestIncome": "896500000", "otherNonOperatingIncome": "12900000", "depreciation": "89600000", "depreciationAndAmortization": "62500000", "incomeBeforeTax": "1230500000", "incomeTaxExpense": "475000000", "interestAndDebtExpense": "156400000", "netIncomeFromContinuingOperations": "755500000", "comprehensiveIncomeNetOfTax": "771600000", "ebit": "1383700000", "ebitda": "1446200000", "netIncome": "755500000"}], "quarterlyReports": [{"fiscalDateEnding": "2021-09-30", "reportedCurrency": "USD", "grossProfit": "828100000", "totalRevenue": "1316600000", "costOfRevenue": "488500000", "costofGoodsAndServicesSold": "-612400000", "operatingIncome": "439500000", "sellingGeneralAndAdministrative": "294500000", "researchAndDevelopment": "76500000", "operatingExpenses": "388600000", "investmentIncomeNet": "300000", "netInterestIncome": "-22700000", "interestIncome": "200000", "interestExpense": "22700000", "nonInterestIncome": "5637500000", "otherNonOperatingIncome": "-6500000", "depreciation": "23800000", "depreciationAndAmortization": "11500600", "incomeBeforeTax": "412400000", "incomeTaxExpense": "81800000", "interestAndDebtExpense": "22700000", "netIncomeFromContinuingOperations": "-3600000", "comprehensiveIncomeNetOfTax": "311900000", "ebit": "435100000", "ebitda": "446600600", "netIncome": "330600000"}, {"fiscalDateEnding": "2021-06-30", "reportedCurrency": "USD", "grossProfit": "701600000", "totalRevenue": "1168300000", "costOfRevenue": "466700000", "costofGoodsAndServicesSold": "303900000", "operatingIncome": "358600000", "sellingGeneralAndAdministrative": "260000000", "researchAndDevelopment": "69000000", "operatingExpenses": "343000000", "investmentIncomeNet": "400000", "netInterestIncome": "-21600000", "interestIncome": "400000", "interestExpense": "21600000", "nonInterestIncome": "-6500000", "otherNonOperatingIncome": "100000", "depreciation": "22700000", "depreciationAndAmortization": "10400000", "incomeBeforeTax": "337500000", "incomeTaxExpense": "69400000", "interestAndDebtExpense": "21600000", "netIncomeFromContinuingOperations": "268100000", "comprehensiveIncomeNetOfTax": "261700000", "ebit": "359100000", "ebitda": "369500000", "netIncome": "268100000"}, {"fiscalDateEnding": "2021-03-31", "reportedCurrency": "USD", "grossProfit": "1085800000", "totalRevenue": "1537600000", "costOfRevenue": "451800000", "costofGoodsAndServicesSold": "300700000", "operatingIncome": "796800000", "sellingGeneralAndAdministrative": "220400000", "researchAndDevelopment": "71500000", "operatingExpenses": "289000000", "investmentIncomeNet": "300000", "netInterestIncome": "-21300000", "interestIncome": "300000", "interestExpense": "21300000", "nonInterestIncome": "6800000", "otherNonOperatingIncome": "4700000", "depreciation": "20400000", "depreciationAndAmortization": "10200000", "incomeBeforeTax": "780500000", "incomeTaxExpense": "161100000", "interestAndDebtExpense": "21300000", "netIncomeFromContinuingOperations": "619400000", "comprehensiveIncomeNetOfTax": "614300000", "ebit": "801800000", "ebitda": "812000000", "netIncome": "619400000"}, {"fiscalDateEnding": "2020-12-31", "reportedCurrency": "USD", "grossProfit": "1180400000", "totalRevenue": "1609800000", "costOfRevenue": "429400000", "costofGoodsAndServicesSold": "284500000", "operatingIncome": "885500000", "sellingGeneralAndAdministrative": "219500000", "researchAndDevelopment": "59300000", "operatingExpenses": "294900000", "investmentIncomeNet": "400000", "netInterestIncome": "-28100000", "interestIncome": "400000", "interestExpense": "28100000", "nonInterestIncome": "-40300000", "otherNonOperatingIncome": "-3800000", "depreciation": "21100000", "depreciationAndAmortization": "10100000", "incomeBeforeTax": "832400000", "incomeTaxExpense": "179000000", "interestAndDebtExpense": "49700000", "netIncomeFromContinuingOperations": "653400000", "comprehensiveIncomeNetOfTax": "672400000", "ebit": "860500000", "ebitda": "870600000", "netIncome": "653400000"}, {"fiscalDateEnding": "2020-09-30", "reportedCurrency": "USD", "grossProfit": "931800000", "totalRevenue": "1347000000", "costOfRevenue": "415200000", "costofGoodsAndServicesSold": "-432700000", "operatingIncome": "632800000", "sellingGeneralAndAdministrative": "221300000", "researchAndDevelopment": "57000000", "operatingExpenses": "299000000", "investmentIncomeNet": "300000", "netInterestIncome": "-25000000", "interestIncome": "300000", "interestExpense": "25000000", "nonInterestIncome": "3778300000", "otherNonOperatingIncome": "9000000", "depreciation": "20300000", "depreciationAndAmortization": "10200000", "incomeBeforeTax": "617000000", "incomeTaxExpense": "123500000", "interestAndDebtExpense": "25000000", "netIncomeFromContinuingOperations": "690200000", "comprehensiveIncomeNetOfTax": "505800000", "ebit": "642000000", "ebitda": "652200000", "netIncome": "493500000"}, {"fiscalDateEnding": "2020-06-30", "reportedCurrency": "USD", "grossProfit": "466100000", "totalRevenue": "822900000", "costOfRevenue": "356800000", "costofGoodsAndServicesSold": "225100000", "operatingIncome": "191000000", "sellingGeneralAndAdministrative": "208800000", "researchAndDevelopment": "55100000", "operatingExpenses": "275100000", "investmentIncomeNet": "500000", "netInterestIncome": "-27400000", "interestIncome": "500000", "interestExpense": "27400000", "nonInterestIncome": "-2100000", "otherNonOperatingIncome": "4300000", "depreciation": "20500000", "depreciationAndAmortization": "10200000", "incomeBeforeTax": "168400000", "incomeTaxExpense": "32000000", "interestAndDebtExpense": "27400000", "netIncomeFromContinuingOperations": "136400000", "comprehensiveIncomeNetOfTax": "133400000", "ebit": "195800000", "ebitda": "206000000", "netIncome": "136400000"}, {"fiscalDateEnding": "2020-03-31", "reportedCurrency": "USD", "grossProfit": "395800000", "totalRevenue": "756100000", "costOfRevenue": "360300000", "costofGoodsAndServicesSold": "223300000", "operatingIncome": "156400000", "sellingGeneralAndAdministrative": "177100000", "researchAndDevelopment": "49300000", "operatingExpenses": "239400000", "investmentIncomeNet": "1300000", "netInterestIncome": "-31300000", "interestIncome": "1300000", "interestExpense": "31300000", "nonInterestIncome": "3300000", "otherNonOperatingIncome": "-7500000", "depreciation": "20700000", "depreciationAndAmortization": "10100000", "incomeBeforeTax": "118900000", "incomeTaxExpense": "24100000", "interestAndDebtExpense": "31300000", "netIncomeFromContinuingOperations": "94800000", "comprehensiveIncomeNetOfTax": "64600000", "ebit": "150200000", "ebitda": "160300000", "netIncome": "94800000"}, {"fiscalDateEnding": "2019-12-31", "reportedCurrency": "USD", "grossProfit": "433800000", "totalRevenue": "850500000", "costOfRevenue": "416700000", "costofGoodsAndServicesSold": "237500000", "operatingIncome": "124800000", "sellingGeneralAndAdministrative": "233400000", "researchAndDevelopment": "61200000", "operatingExpenses": "309000000", "investmentIncomeNet": "2100000", "netInterestIncome": "-32800000", "interestIncome": "2100000", "interestExpense": "32800000", "nonInterestIncome": "-3200000", "otherNonOperatingIncome": "3300000", "depreciation": "21600000", "depreciationAndAmortization": "9100300", "incomeBeforeTax": "97400000", "incomeTaxExpense": "-288400000", "interestAndDebtExpense": "32800000", "netIncomeFromContinuingOperations": "385800000", "comprehensiveIncomeNetOfTax": "399400000", "ebit": "130200000", "ebitda": "139300300", "netIncome": "385800000"}, {"fiscalDateEnding": "2019-09-30", "reportedCurrency": "USD", "grossProfit": "249500000", "totalRevenue": "865800000", "costOfRevenue": "616300000", "costofGoodsAndServicesSold": "-648800000", "operatingIncome": "-86500000", "sellingGeneralAndAdministrative": "225600000", "researchAndDevelopment": "60400000", "operatingExpenses": "336000000", "investmentIncomeNet": "1300000", "netInterestIncome": "-34800000", "interestIncome": "1300000", "interestExpense": "34800000", "nonInterestIncome": "3367300000", "otherNonOperatingIncome": "-2700000", "depreciation": "22800000", "depreciationAndAmortization": "278400000", "incomeBeforeTax": "-122700000", "incomeTaxExpense": "800000", "interestAndDebtExpense": "34800000", "netIncomeFromContinuingOperations": "16400000", "comprehensiveIncomeNetOfTax": "-131600000", "ebit": "-87900000", "ebitda": "190500000", "netIncome": "-123500000"}, {"fiscalDateEnding": "2019-06-30", "reportedCurrency": "USD", "grossProfit": "444800000", "totalRevenue": "852400000", "costOfRevenue": "407600000", "costofGoodsAndServicesSold": "235800000", "operatingIncome": "145300000", "sellingGeneralAndAdministrative": "223500000", "researchAndDevelopment": "61400000", "operatingExpenses": "299500000", "investmentIncomeNet": "1200000", "netInterestIncome": "-35100000", "interestIncome": "1200000", "interestExpense": "35100000", "nonInterestIncome": "0", "otherNonOperatingIncome": "2900000", "depreciation": "22900000", "depreciationAndAmortization": "11900000", "incomeBeforeTax": "114300000", "incomeTaxExpense": "20400000", "interestAndDebtExpense": "35100000", "netIncomeFromContinuingOperations": "93900000", "comprehensiveIncomeNetOfTax": "90200000", "ebit": "149400000", "ebitda": "161300000", "netIncome": "93900000"}, {"fiscalDateEnding": "2019-03-31", "reportedCurrency": "USD", "grossProfit": "42400000", "totalRevenue": "818400000", "costOfRevenue": "776000000", "costofGoodsAndServicesSold": "232900000", "operatingIncome": "-323200000", "sellingGeneralAndAdministrative": "223400000", "researchAndDevelopment": "57300000", "operatingExpenses": "365600000", "investmentIncomeNet": "800000", "netInterestIncome": "-34800000", "interestIncome": "800000", "interestExpense": "34800000", "nonInterestIncome": "0", "otherNonOperatingIncome": "3500000", "depreciation": "23100000", "depreciationAndAmortization": "14100000", "incomeBeforeTax": "-353700000", "incomeTaxExpense": "-81100000", "interestAndDebtExpense": "34800000", "netIncomeFromContinuingOperations": "-272600000", "comprehensiveIncomeNetOfTax": "-271200000", "ebit": "-318900000", "ebitda": "-304800000", "netIncome": "-272600000"}, {"fiscalDateEnding": "2018-12-31", "reportedCurrency": "USD", "grossProfit": "434100000", "totalRevenue": "830700000", "costOfRevenue": "396600000", "costofGoodsAndServicesSold": "232100000", "operatingIncome": "140500000", "sellingGeneralAndAdministrative": "224600000", "researchAndDevelopment": "53200000", "operatingExpenses": "293600000", "investmentIncomeNet": "1300000", "netInterestIncome": "-36100000", "interestIncome": "None", "interestExpense": "36100000", "nonInterestIncome": "-800000", "otherNonOperatingIncome": "-600000", "depreciation": "23700000", "depreciationAndAmortization": "14100000", "incomeBeforeTax": "104300000", "incomeTaxExpense": "5700000", "interestAndDebtExpense": "36900000", "netIncomeFromContinuingOperations": "98600000", "comprehensiveIncomeNetOfTax": "92200000", "ebit": "140400000", "ebitda": "154500000", "netIncome": "98600000"}, {"fiscalDateEnding": "2018-09-30", "reportedCurrency": "USD", "grossProfit": "421100000", "totalRevenue": "813500000", "costOfRevenue": "392400000", "costofGoodsAndServicesSold": "544900000", "operatingIncome": "99000000", "sellingGeneralAndAdministrative": "251600000", "researchAndDevelopment": "52700000", "operatingExpenses": "322000000", "investmentIncomeNet": "1900000", "netInterestIncome": "-34300000", "interestIncome": "None", "interestExpense": "34300000", "nonInterestIncome": "0", "otherNonOperatingIncome": "4700000", "depreciation": "23800000", "depreciationAndAmortization": "275000000", "incomeBeforeTax": "71300000", "incomeTaxExpense": "20800000", "interestAndDebtExpense": "34300000", "netIncomeFromContinuingOperations": "386300000", "comprehensiveIncomeNetOfTax": "43600000", "ebit": "105600000", "ebitda": "380600000", "netIncome": "50500000"}, {"fiscalDateEnding": "2018-06-30", "reportedCurrency": "USD", "grossProfit": "436000000", "totalRevenue": "824000000", "costOfRevenue": "388000000", "costofGoodsAndServicesSold": "226100000", "operatingIncome": "133100000", "sellingGeneralAndAdministrative": "227400000", "researchAndDevelopment": "54400000", "operatingExpenses": "302900000", "investmentIncomeNet": "1500000", "netInterestIncome": "-34500000", "interestIncome": "None", "interestExpense": "34500000", "nonInterestIncome": "0", "otherNonOperatingIncome": "5200000", "depreciation": "25800000", "depreciationAndAmortization": "15300000", "incomeBeforeTax": "105300000", "incomeTaxExpense": "-7600000", "interestAndDebtExpense": "34500000", "netIncomeFromContinuingOperations": "112900000", "comprehensiveIncomeNetOfTax": "94900000", "ebit": "139800000", "ebitda": "155100000", "netIncome": "112900000"}, {"fiscalDateEnding": "2018-03-31", "reportedCurrency": "USD", "grossProfit": "415100000", "totalRevenue": "789300000", "costOfRevenue": "374200000", "costofGoodsAndServicesSold": "217100000", "operatingIncome": "-604200000", "sellingGeneralAndAdministrative": "214300000", "researchAndDevelopment": "56800000", "operatingExpenses": "1019300000", "investmentIncomeNet": "2100000", "netInterestIncome": "-38900000", "interestIncome": "None", "interestExpense": "38900000", "nonInterestIncome": "-44900000", "otherNonOperatingIncome": "-5100000", "depreciation": "25000000", "depreciationAndAmortization": "14700000", "incomeBeforeTax": "-691000000", "incomeTaxExpense": "-9600000", "interestAndDebtExpense": "83800000", "netIncomeFromContinuingOperations": "-681400000", "comprehensiveIncomeNetOfTax": "-670300000", "ebit": "-652100000", "ebitda": "-637400000", "netIncome": "-681400000"}, {"fiscalDateEnding": "2017-12-31", "reportedCurrency": "USD", "grossProfit": "424500000", "totalRevenue": "791100000", "costOfRevenue": "366600000", "costofGoodsAndServicesSold": "213700000", "operatingIncome": "134100000", "sellingGeneralAndAdministrative": "217400000", "researchAndDevelopment": "54800000", "operatingExpenses": "290400000", "investmentIncomeNet": "800000", "netInterestIncome": "-41000000", "interestIncome": "None", "interestExpense": "41000000", "nonInterestIncome": "-1000000", "otherNonOperatingIncome": "2900000", "depreciation": "27000000", "depreciationAndAmortization": "14400000", "incomeBeforeTax": "735900000", "incomeTaxExpense": "329200000", "interestAndDebtExpense": "42000000", "netIncomeFromContinuingOperations": "406700000", "comprehensiveIncomeNetOfTax": "411200000", "ebit": "776900000", "ebitda": "791300000", "netIncome": "406700000"}, {"fiscalDateEnding": "2017-09-30", "reportedCurrency": "USD", "grossProfit": "400000", "totalRevenue": "800000", "costOfRevenue": "400000", "costofGoodsAndServicesSold": "305800000", "operatingIncome": "109300000", "sellingGeneralAndAdministrative": "-2300000", "researchAndDevelopment": "60500000", "operatingExpenses": "308600000", "investmentIncomeNet": "500000", "netInterestIncome": "-36100000", "interestIncome": "None", "interestExpense": "36100000", "nonInterestIncome": "600000", "otherNonOperatingIncome": "-800000", "depreciation": "26100000", "depreciationAndAmortization": "15200000", "incomeBeforeTax": "-10300000", "incomeTaxExpense": "-10400000", "interestAndDebtExpense": "-600000", "netIncomeFromContinuingOperations": "415400000", "comprehensiveIncomeNetOfTax": "93900000", "ebit": "25800000", "ebitda": "41000000", "netIncome": "100000"}, {"fiscalDateEnding": "2017-06-30", "reportedCurrency": "USD", "grossProfit": "400000", "totalRevenue": "800000", "costOfRevenue": "400000", "costofGoodsAndServicesSold": "317400000", "operatingIncome": "115000000", "sellingGeneralAndAdministrative": "210900000", "researchAndDevelopment": "62500000", "operatingExpenses": "294600000", "investmentIncomeNet": "1100000", "netInterestIncome": "-39100000", "interestIncome": "None", "interestExpense": "39100000", "nonInterestIncome": "-2600000", "otherNonOperatingIncome": "100000", "depreciation": "24000000", "depreciationAndAmortization": "15200000", "incomeBeforeTax": "15100000", "incomeTaxExpense": "15000000", "interestAndDebtExpense": "2600000", "netIncomeFromContinuingOperations": "385100000", "comprehensiveIncomeNetOfTax": "72300000", "ebit": "54200000", "ebitda": "69400000", "netIncome": "100000"}, {"fiscalDateEnding": "2017-03-31", "reportedCurrency": "USD", "grossProfit": "400000", "totalRevenue": "700000", "costOfRevenue": "300000", "costofGoodsAndServicesSold": "261500000", "operatingIncome": "999800000", "sellingGeneralAndAdministrative": "220800000", "researchAndDevelopment": "55400000", "operatingExpenses": "-611100000", "investmentIncomeNet": "1900000", "netInterestIncome": "-37500000", "interestIncome": "None", "interestExpense": "37500000", "nonInterestIncome": "899700000", "otherNonOperatingIncome": "3400000", "depreciation": "19100000", "depreciationAndAmortization": "10800000", "incomeBeforeTax": "441300000", "incomeTaxExpense": "440800000", "interestAndDebtExpense": "37500000", "netIncomeFromContinuingOperations": "8500000", "comprehensiveIncomeNetOfTax": "529400000", "ebit": "478800000", "ebitda": "489600000", "netIncome": "500000"}, {"fiscalDateEnding": "2016-12-31", "reportedCurrency": "USD", "grossProfit": "400000", "totalRevenue": "700000", "costOfRevenue": "300000", "costofGoodsAndServicesSold": "256100000", "operatingIncome": "146000000", "sellingGeneralAndAdministrative": "179800000", "researchAndDevelopment": "54400000", "operatingExpenses": "258800000", "investmentIncomeNet": "300000", "netInterestIncome": "-40400000", "interestIncome": "None", "interestExpense": "40400000", "nonInterestIncome": "0", "otherNonOperatingIncome": "10200000", "depreciation": "20400000", "depreciationAndAmortization": "21400000", "incomeBeforeTax": "29700000", "incomeTaxExpense": "29600000", "interestAndDebtExpense": "40400000", "netIncomeFromContinuingOperations": "86500000", "comprehensiveIncomeNetOfTax": "76000000", "ebit": "70100000", "ebitda": "91500000", "netIncome": "100000"}]}