{"symbol": "HON", "annualReports": [{"fiscalDateEnding": "2020-12-31", "reportedCurrency": "USD", "grossProfit": "10468000000", "totalRevenue": "32678000000", "costOfRevenue": "27960000000", "costofGoodsAndServicesSold": "22169000000", "operatingIncome": "3343000000", "sellingGeneralAndAdministrative": "4772000000", "researchAndDevelopment": "1334000000", "operatingExpenses": "7125000000", "investmentIncomeNet": "107000000", "netInterestIncome": "-27000000", "interestIncome": "107000000", "interestExpense": "27000000", "nonInterestIncome": "32705000000", "otherNonOperatingIncome": "675000000", "depreciation": "644000000", "depreciationAndAmortization": "427000000", "incomeBeforeTax": "5926000000", "incomeTaxExpense": "1147000000", "interestAndDebtExpense": "359000000", "netIncomeFromContinuingOperations": "4865000000", "comprehensiveIncomeNetOfTax": "4599000000", "ebit": "5953000000", "ebitda": "6380000000", "netIncome": "4779000000"}, {"fiscalDateEnding": "2019-12-31", "reportedCurrency": "USD", "grossProfit": "12370000000", "totalRevenue": "36905000000", "costOfRevenue": "30835000000", "costofGoodsAndServicesSold": "24339000000", "operatingIncome": "4318000000", "sellingGeneralAndAdministrative": "5519000000", "researchAndDevelopment": "1556000000", "operatingExpenses": "8052000000", "investmentIncomeNet": "255000000", "netInterestIncome": "-30000000", "interestIncome": "255000000", "interestExpense": "30000000", "nonInterestIncome": "36935000000", "otherNonOperatingIncome": "1065000000", "depreciation": "673000000", "depreciationAndAmortization": "480000000", "incomeBeforeTax": "7472000000", "incomeTaxExpense": "1329000000", "interestAndDebtExpense": "357000000", "netIncomeFromContinuingOperations": "6230000000", "comprehensiveIncomeNetOfTax": "6388000000", "ebit": "7502000000", "ebitda": "7982000000", "netIncome": "6143000000"}, {"fiscalDateEnding": "2018-12-31", "reportedCurrency": "USD", "grossProfit": "12756000000", "totalRevenue": "42259000000", "costOfRevenue": "36367000000", "costofGoodsAndServicesSold": "29046000000", "operatingIncome": "3626000000", "sellingGeneralAndAdministrative": "6051000000", "researchAndDevelopment": "1809000000", "operatingExpenses": "9130000000", "investmentIncomeNet": "217000000", "netInterestIncome": "-150000000", "interestIncome": "217000000", "interestExpense": "367000000", "nonInterestIncome": "42259000000", "otherNonOperatingIncome": "1149000000", "depreciation": "721000000", "depreciationAndAmortization": "395000000", "incomeBeforeTax": "7424000000", "incomeTaxExpense": "659000000", "interestAndDebtExpense": "367000000", "netIncomeFromContinuingOperations": "6828000000", "comprehensiveIncomeNetOfTax": "5569000000", "ebit": "3626000000", "ebitda": "4021000000", "netIncome": "6765000000"}, {"fiscalDateEnding": "2017-12-31", "reportedCurrency": "USD", "grossProfit": "12390000000", "totalRevenue": "40309000000", "costOfRevenue": "34575000000", "costofGoodsAndServicesSold": "28144000000", "operatingIncome": "4124000000", "sellingGeneralAndAdministrative": "6087000000", "researchAndDevelopment": "1835000000", "operatingExpenses": "8835000000", "investmentIncomeNet": "151000000", "netInterestIncome": "-165000000", "interestIncome": "151000000", "interestExpense": "316000000", "nonInterestIncome": "-225000000", "otherNonOperatingIncome": "963000000", "depreciation": "717000000", "depreciationAndAmortization": "398000000", "incomeBeforeTax": "6907000000", "incomeTaxExpense": "5362000000", "interestAndDebtExpense": "316000000", "netIncomeFromContinuingOperations": "1698000000", "comprehensiveIncomeNetOfTax": "2016000000", "ebit": "4124000000", "ebitda": "4522000000", "netIncome": "1545000000"}, {"fiscalDateEnding": "2016-12-31", "reportedCurrency": "USD", "grossProfit": "12152000000", "totalRevenue": "39522000000", "costOfRevenue": "33487000000", "costofGoodsAndServicesSold": "27677000000", "operatingIncome": "3672000000", "sellingGeneralAndAdministrative": "5574000000", "researchAndDevelopment": "1864000000", "operatingExpenses": "8480000000", "investmentIncomeNet": "106000000", "netInterestIncome": "-232000000", "interestIncome": "106000000", "interestExpense": "338000000", "nonInterestIncome": "220000000", "otherNonOperatingIncome": "739000000", "depreciation": "726000000", "depreciationAndAmortization": "304000000", "incomeBeforeTax": "6415000000", "incomeTaxExpense": "1603000000", "interestAndDebtExpense": "338000000", "netIncomeFromContinuingOperations": "4846000000", "comprehensiveIncomeNetOfTax": "4641000000", "ebit": "3672000000", "ebitda": "3976000000", "netIncome": "4812000000"}], "quarterlyReports": [{"fiscalDateEnding": "2021-09-30", "reportedCurrency": "USD", "grossProfit": "1568000000", "totalRevenue": "8469000000", "costOfRevenue": "6901000000", "costofGoodsAndServicesSold": "5746000000", "operatingIncome": "413000000", "sellingGeneralAndAdministrative": "1152000000", "researchAndDevelopment": "None", "operatingExpenses": "1155000000", "investmentIncomeNet": "28000000", "netInterestIncome": "-62000000", "interestIncome": "28000000", "interestExpense": "90000000", "nonInterestIncome": "8469000000", "otherNonOperatingIncome": "215000000", "depreciation": "171000000", "depreciationAndAmortization": "308000000", "incomeBeforeTax": "1684000000", "incomeTaxExpense": "427000000", "interestAndDebtExpense": "90000000", "netIncomeFromContinuingOperations": "1273000000", "comprehensiveIncomeNetOfTax": "1139000000", "ebit": "413000000", "ebitda": "2082000000", "netIncome": "1257000000"}, {"fiscalDateEnding": "2021-06-30", "reportedCurrency": "USD", "grossProfit": "1579000000", "totalRevenue": "8795000000", "costOfRevenue": "7216000000", "costofGoodsAndServicesSold": "6003000000", "operatingIncome": "366000000", "sellingGeneralAndAdministrative": "1207000000", "researchAndDevelopment": "None", "operatingExpenses": "1213000000", "investmentIncomeNet": "23000000", "netInterestIncome": "-60000000", "interestIncome": "23000000", "interestExpense": "83000000", "nonInterestIncome": "8795000000", "otherNonOperatingIncome": "366000000", "depreciation": "164000000", "depreciationAndAmortization": "284000000", "incomeBeforeTax": "1864000000", "incomeTaxExpense": "434000000", "interestAndDebtExpense": "83000000", "netIncomeFromContinuingOperations": "1447000000", "comprehensiveIncomeNetOfTax": "1539000000", "ebit": "366000000", "ebitda": "2231000000", "netIncome": "1430000000"}, {"fiscalDateEnding": "2021-03-31", "reportedCurrency": "USD", "grossProfit": "1380000000", "totalRevenue": "8449000000", "costOfRevenue": "7069000000", "costofGoodsAndServicesSold": "5709000000", "operatingIncome": "20000000", "sellingGeneralAndAdministrative": "1236000000", "researchAndDevelopment": "None", "operatingExpenses": "1360000000", "investmentIncomeNet": "19000000", "netInterestIncome": "-71000000", "interestIncome": "19000000", "interestExpense": "90000000", "nonInterestIncome": "8449000000", "otherNonOperatingIncome": "442000000", "depreciation": "171000000", "depreciationAndAmortization": "341000000", "incomeBeforeTax": "1840000000", "incomeTaxExpense": "413000000", "interestAndDebtExpense": "90000000", "netIncomeFromContinuingOperations": "1448000000", "comprehensiveIncomeNetOfTax": "1620000000", "ebit": "20000000", "ebitda": "2271000000", "netIncome": "1427000000"}, {"fiscalDateEnding": "2020-12-31", "reportedCurrency": "USD", "grossProfit": "2924000000", "totalRevenue": "8900000000", "costOfRevenue": "7732000000", "costofGoodsAndServicesSold": "5976000000", "operatingIncome": "2924000000", "sellingGeneralAndAdministrative": "1248000000", "researchAndDevelopment": "None", "operatingExpenses": "3090000000", "investmentIncomeNet": "21000000", "netInterestIncome": "-95000000", "interestIncome": "21000000", "interestExpense": "95000000", "nonInterestIncome": "8900000000", "otherNonOperatingIncome": "129000000", "depreciation": "164000000", "depreciationAndAmortization": "254000000", "incomeBeforeTax": "1690000000", "incomeTaxExpense": "331000000", "interestAndDebtExpense": "95000000", "netIncomeFromContinuingOperations": "2924000000", "comprehensiveIncomeNetOfTax": "1420000000", "ebit": "2924000000", "ebitda": "2039000000", "netIncome": "1359000000"}, {"fiscalDateEnding": "2020-09-30", "reportedCurrency": "USD", "grossProfit": "2414000000", "totalRevenue": "7934000000", "costOfRevenue": "6492000000", "costofGoodsAndServicesSold": "5383000000", "operatingIncome": "333000000", "sellingGeneralAndAdministrative": "1103000000", "researchAndDevelopment": "None", "operatingExpenses": "1109000000", "investmentIncomeNet": "20000000", "netInterestIncome": "-81000000", "interestIncome": "20000000", "interestExpense": "101000000", "nonInterestIncome": "7934000000", "otherNonOperatingIncome": "-62000000", "depreciation": "166000000", "depreciationAndAmortization": "255000000", "incomeBeforeTax": "1125000000", "incomeTaxExpense": "367000000", "interestAndDebtExpense": "101000000", "netIncomeFromContinuingOperations": "781000000", "comprehensiveIncomeNetOfTax": "626000000", "ebit": "333000000", "ebitda": "1481000000", "netIncome": "758000000"}, {"fiscalDateEnding": "2020-06-30", "reportedCurrency": "USD", "grossProfit": "2201000000", "totalRevenue": "7697000000", "costOfRevenue": "6465000000", "costofGoodsAndServicesSold": "5276000000", "operatingIncome": "43000000", "sellingGeneralAndAdministrative": "1183000000", "researchAndDevelopment": "None", "operatingExpenses": "1189000000", "investmentIncomeNet": "22000000", "netInterestIncome": "-68000000", "interestIncome": "22000000", "interestExpense": "90000000", "nonInterestIncome": "7697000000", "otherNonOperatingIncome": "291000000", "depreciation": "161000000", "depreciationAndAmortization": "250000000", "incomeBeforeTax": "1201000000", "incomeTaxExpense": "120000000", "interestAndDebtExpense": "90000000", "netIncomeFromContinuingOperations": "1099000000", "comprehensiveIncomeNetOfTax": "1121000000", "ebit": "43000000", "ebitda": "1541000000", "netIncome": "1081000000"}, {"fiscalDateEnding": "2020-03-31", "reportedCurrency": "USD", "grossProfit": "2929000000", "totalRevenue": "8759000000", "costOfRevenue": "6863000000", "costofGoodsAndServicesSold": "5534000000", "operatingIncome": "567000000", "sellingGeneralAndAdministrative": "1238000000", "researchAndDevelopment": "None", "operatingExpenses": "1329000000", "investmentIncomeNet": "44000000", "netInterestIncome": "-29000000", "interestIncome": "44000000", "interestExpense": "73000000", "nonInterestIncome": "8759000000", "otherNonOperatingIncome": "317000000", "depreciation": "153000000", "depreciationAndAmortization": "243000000", "incomeBeforeTax": "1910000000", "incomeTaxExpense": "329000000", "interestAndDebtExpense": "73000000", "netIncomeFromContinuingOperations": "1606000000", "comprehensiveIncomeNetOfTax": "1432000000", "ebit": "567000000", "ebitda": "2226000000", "netIncome": "1581000000"}, {"fiscalDateEnding": "2019-12-31", "reportedCurrency": "USD", "grossProfit": "3168000000", "totalRevenue": "9496000000", "costOfRevenue": "8441000000", "costofGoodsAndServicesSold": "6328000000", "operatingIncome": "3168000000", "sellingGeneralAndAdministrative": "1473000000", "researchAndDevelopment": "None", "operatingExpenses": "3669000000", "investmentIncomeNet": "61000000", "netInterestIncome": "-7000000", "interestIncome": "61000000", "interestExpense": "7000000", "nonInterestIncome": "9496000000", "otherNonOperatingIncome": "164000000", "depreciation": "173000000", "depreciationAndAmortization": "437000000", "incomeBeforeTax": "1740000000", "incomeTaxExpense": "178000000", "interestAndDebtExpense": "91000000", "netIncomeFromContinuingOperations": "3168000000", "comprehensiveIncomeNetOfTax": "1662000000", "ebit": "1747000000", "ebitda": "2184000000", "netIncome": "1562000000"}, {"fiscalDateEnding": "2019-09-30", "reportedCurrency": "USD", "grossProfit": "3048000000", "totalRevenue": "9303000000", "costOfRevenue": "7355000000", "costofGoodsAndServicesSold": "6038000000", "operatingIncome": "631000000", "sellingGeneralAndAdministrative": "1296000000", "researchAndDevelopment": "None", "operatingExpenses": "1317000000", "investmentIncomeNet": "64000000", "netInterestIncome": "-8000000", "interestIncome": "64000000", "interestExpense": "8000000", "nonInterestIncome": "9311000000", "otherNonOperatingIncome": "311000000", "depreciation": "165000000", "depreciationAndAmortization": "15000000", "incomeBeforeTax": "1943000000", "incomeTaxExpense": "319000000", "interestAndDebtExpense": "96000000", "netIncomeFromContinuingOperations": "1648000000", "comprehensiveIncomeNetOfTax": "1787000000", "ebit": "1951000000", "ebitda": "1966000000", "netIncome": "1624000000"}, {"fiscalDateEnding": "2019-06-30", "reportedCurrency": "USD", "grossProfit": "3149000000", "totalRevenue": "9382000000", "costOfRevenue": "7520000000", "costofGoodsAndServicesSold": "6094000000", "operatingIncome": "436000000", "sellingGeneralAndAdministrative": "1387000000", "researchAndDevelopment": "None", "operatingExpenses": "1426000000", "investmentIncomeNet": "63000000", "netInterestIncome": "-22000000", "interestIncome": "63000000", "interestExpense": "85000000", "nonInterestIncome": "9382000000", "otherNonOperatingIncome": "305000000", "depreciation": "172000000", "depreciationAndAmortization": "295000000", "incomeBeforeTax": "1967000000", "incomeTaxExpense": "426000000", "interestAndDebtExpense": "85000000", "netIncomeFromContinuingOperations": "1556000000", "comprehensiveIncomeNetOfTax": "1335000000", "ebit": "436000000", "ebitda": "2347000000", "netIncome": "1541000000"}, {"fiscalDateEnding": "2019-03-31", "reportedCurrency": "USD", "grossProfit": "3005000000", "totalRevenue": "8848000000", "costOfRevenue": "7316000000", "costofGoodsAndServicesSold": "5879000000", "operatingIncome": "95000000", "sellingGeneralAndAdministrative": "1363000000", "researchAndDevelopment": "None", "operatingExpenses": "1437000000", "investmentIncomeNet": "67000000", "netInterestIncome": "-18000000", "interestIncome": "67000000", "interestExpense": "85000000", "nonInterestIncome": "8848000000", "otherNonOperatingIncome": "285000000", "depreciation": "163000000", "depreciationAndAmortization": "261000000", "incomeBeforeTax": "1822000000", "incomeTaxExpense": "406000000", "interestAndDebtExpense": "85000000", "netIncomeFromContinuingOperations": "1436000000", "comprehensiveIncomeNetOfTax": "1604000000", "ebit": "95000000", "ebitda": "2168000000", "netIncome": "1416000000"}, {"fiscalDateEnding": "2018-12-31", "reportedCurrency": "USD", "grossProfit": "3044000000", "totalRevenue": "9729000000", "costOfRevenue": "8923000000", "costofGoodsAndServicesSold": "6685000000", "operatingIncome": "3044000000", "sellingGeneralAndAdministrative": "1524000000", "researchAndDevelopment": "None", "operatingExpenses": "4047000000", "investmentIncomeNet": "63000000", "netInterestIncome": "None", "interestIncome": "None", "interestExpense": "90000000", "nonInterestIncome": "9729000000", "otherNonOperatingIncome": "290000000", "depreciation": "163000000", "depreciationAndAmortization": "254000000", "incomeBeforeTax": "1701000000", "incomeTaxExpense": "-20000000", "interestAndDebtExpense": "90000000", "netIncomeFromContinuingOperations": "3044000000", "comprehensiveIncomeNetOfTax": "402000000", "ebit": "3044000000", "ebitda": "2045000000", "netIncome": "1721000000"}, {"fiscalDateEnding": "2018-09-30", "reportedCurrency": "USD", "grossProfit": "3206000000", "totalRevenue": "10807000000", "costOfRevenue": "9230000000", "costofGoodsAndServicesSold": "7556000000", "operatingIncome": "-97000000", "sellingGeneralAndAdministrative": "1524000000", "researchAndDevelopment": "None", "operatingExpenses": "1674000000", "investmentIncomeNet": "55000000", "netInterestIncome": "None", "interestIncome": "None", "interestExpense": "99000000", "nonInterestIncome": "10807000000", "otherNonOperatingIncome": "275000000", "depreciation": "186000000", "depreciationAndAmortization": "286000000", "incomeBeforeTax": "1840000000", "incomeTaxExpense": "-498000000", "interestAndDebtExpense": "99000000", "netIncomeFromContinuingOperations": "2356000000", "comprehensiveIncomeNetOfTax": "2444000000", "ebit": "-97000000", "ebitda": "2225000000", "netIncome": "2338000000"}, {"fiscalDateEnding": "2018-06-30", "reportedCurrency": "USD", "grossProfit": "3305000000", "totalRevenue": "22193000000", "costOfRevenue": "9268000000", "costofGoodsAndServicesSold": "7614000000", "operatingIncome": "11270000000", "sellingGeneralAndAdministrative": "1528000000", "researchAndDevelopment": "None", "operatingExpenses": "1655000000", "investmentIncomeNet": "49000000", "netInterestIncome": "None", "interestIncome": "None", "interestExpense": "95000000", "nonInterestIncome": "11274000000", "otherNonOperatingIncome": "316000000", "depreciation": "193000000", "depreciationAndAmortization": "288000000", "incomeBeforeTax": "1985000000", "incomeTaxExpense": "718000000", "interestAndDebtExpense": "95000000", "netIncomeFromContinuingOperations": "1280000000", "comprehensiveIncomeNetOfTax": "1227000000", "ebit": "11270000000", "ebitda": "2369000000", "netIncome": "1267000000"}, {"fiscalDateEnding": "2018-03-31", "reportedCurrency": "USD", "grossProfit": "3201000000", "totalRevenue": "20656000000", "costOfRevenue": "8811000000", "costofGoodsAndServicesSold": "7191000000", "operatingIncome": "10227000000", "sellingGeneralAndAdministrative": "1475000000", "researchAndDevelopment": "None", "operatingExpenses": "1618000000", "investmentIncomeNet": "50000000", "netInterestIncome": "None", "interestIncome": "None", "interestExpense": "83000000", "nonInterestIncome": "10264000000", "otherNonOperatingIncome": "268000000", "depreciation": "179000000", "depreciationAndAmortization": "288000000", "incomeBeforeTax": "1898000000", "incomeTaxExpense": "459000000", "interestAndDebtExpense": "83000000", "netIncomeFromContinuingOperations": "1451000000", "comprehensiveIncomeNetOfTax": "1495000000", "ebit": "10227000000", "ebitda": "2267000000", "netIncome": "1439000000"}, {"fiscalDateEnding": "2017-12-31", "reportedCurrency": "USD", "grossProfit": "3303000000", "totalRevenue": "10843000000", "costOfRevenue": "9898000000", "costofGoodsAndServicesSold": "7540000000", "operatingIncome": "3347000000", "sellingGeneralAndAdministrative": "1684000000", "researchAndDevelopment": "1835000000", "operatingExpenses": "4237000000", "investmentIncomeNet": "45000000", "netInterestIncome": "None", "interestIncome": "None", "interestExpense": "81000000", "nonInterestIncome": "10843000000", "otherNonOperatingIncome": "129000000", "depreciation": "183000000", "depreciationAndAmortization": "283000000", "incomeBeforeTax": "1655000000", "incomeTaxExpense": "4174000000", "interestAndDebtExpense": "81000000", "netIncomeFromContinuingOperations": "3347000000", "comprehensiveIncomeNetOfTax": "-1917000000", "ebit": "3347000000", "ebitda": "1969000000", "netIncome": "-2519000000"}, {"fiscalDateEnding": "2017-09-30", "reportedCurrency": "USD", "grossProfit": "3067000000", "totalRevenue": "10045000000", "costOfRevenue": "8382000000", "costofGoodsAndServicesSold": "7054000000", "operatingIncome": "154000000", "sellingGeneralAndAdministrative": "1524000000", "researchAndDevelopment": "None", "operatingExpenses": "1509000000", "investmentIncomeNet": "39000000", "netInterestIncome": "None", "interestIncome": "None", "interestExpense": "81000000", "nonInterestIncome": "-76000000", "otherNonOperatingIncome": "316000000", "depreciation": "180000000", "depreciationAndAmortization": "285000000", "incomeBeforeTax": "1761000000", "incomeTaxExpense": "416000000", "interestAndDebtExpense": "81000000", "netIncomeFromContinuingOperations": "1365000000", "comprehensiveIncomeNetOfTax": "1340000000", "ebit": "154000000", "ebitda": "2132000000", "netIncome": "1345000000"}, {"fiscalDateEnding": "2017-06-30", "reportedCurrency": "USD", "grossProfit": "3054000000", "totalRevenue": "9994000000", "costOfRevenue": "8286000000", "costofGoodsAndServicesSold": "7024000000", "operatingIncome": "272000000", "sellingGeneralAndAdministrative": "1456000000", "researchAndDevelopment": "None", "operatingExpenses": "1436000000", "investmentIncomeNet": "36000000", "netInterestIncome": "None", "interestIncome": "None", "interestExpense": "79000000", "nonInterestIncome": "-84000000", "otherNonOperatingIncome": "259000000", "depreciation": "184000000", "depreciationAndAmortization": "276000000", "incomeBeforeTax": "1769000000", "incomeTaxExpense": "378000000", "interestAndDebtExpense": "79000000", "netIncomeFromContinuingOperations": "1400000000", "comprehensiveIncomeNetOfTax": "1116000000", "ebit": "272000000", "ebitda": "2125000000", "netIncome": "1391000000"}, {"fiscalDateEnding": "2017-03-31", "reportedCurrency": "USD", "grossProfit": "2966000000", "totalRevenue": "9458000000", "costOfRevenue": "7778000000", "costofGoodsAndServicesSold": "6529000000", "operatingIncome": "258000000", "sellingGeneralAndAdministrative": "1422000000", "researchAndDevelopment": "None", "operatingExpenses": "1422000000", "investmentIncomeNet": "31000000", "netInterestIncome": "None", "interestIncome": "None", "interestExpense": "75000000", "nonInterestIncome": "-34000000", "otherNonOperatingIncome": "258000000", "depreciation": "170000000", "depreciationAndAmortization": "271000000", "incomeBeforeTax": "1720000000", "incomeTaxExpense": "392000000", "interestAndDebtExpense": "75000000", "netIncomeFromContinuingOperations": "1332000000", "comprehensiveIncomeNetOfTax": "1475000000", "ebit": "258000000", "ebitda": "2064000000", "netIncome": "1328000000"}, {"fiscalDateEnding": "2016-12-31", "reportedCurrency": "USD", "grossProfit": "3106000000", "totalRevenue": "9985000000", "costOfRevenue": "8772000000", "costofGoodsAndServicesSold": "7406000000", "operatingIncome": "3106000000", "sellingGeneralAndAdministrative": "1598000000", "researchAndDevelopment": "2143000000", "operatingExpenses": "4036000000", "investmentIncomeNet": "None", "netInterestIncome": "None", "interestIncome": "None", "interestExpense": "86000000", "nonInterestIncome": "106000000", "otherNonOperatingIncome": "542000000", "depreciation": "180000000", "depreciationAndAmortization": "257000000", "incomeBeforeTax": "1423000000", "incomeTaxExpense": "389000000", "interestAndDebtExpense": "86000000", "netIncomeFromContinuingOperations": "3106000000", "comprehensiveIncomeNetOfTax": "810000000", "ebit": "3106000000", "ebitda": "1764000000", "netIncome": "1034000000"}]}