{"symbol": "HPE", "annualReports": [{"fiscalDateEnding": "2020-10-31", "reportedCurrency": "USD", "grossProfit": "20540000000", "totalRevenue": "26982000000", "costOfRevenue": "6442000000", "costofGoodsAndServicesSold": "18513000000", "operatingIncome": "-329000000", "sellingGeneralAndAdministrative": "4624000000", "researchAndDevelopment": "1874000000", "operatingExpenses": "7789000000", "investmentIncomeNet": "44000000", "netInterestIncome": "-134000000", "interestIncome": "469000000", "interestExpense": "603000000", "nonInterestIncome": "None", "otherNonOperatingIncome": "-215000000", "depreciation": "2200000000", "depreciationAndAmortization": "387000000", "incomeBeforeTax": "-442000000", "incomeTaxExpense": "-120000000", "interestAndDebtExpense": "215000000", "netIncomeFromContinuingOperations": "-322000000", "comprehensiveIncomeNetOfTax": "-491000000", "ebit": "161000000", "ebitda": "548000000", "netIncome": "-322000000"}, {"fiscalDateEnding": "2019-10-31", "reportedCurrency": "USD", "grossProfit": "22693000000", "totalRevenue": "29135000000", "costOfRevenue": "6442000000", "costofGoodsAndServicesSold": "19642000000", "operatingIncome": "1274000000", "sellingGeneralAndAdministrative": "4907000000", "researchAndDevelopment": "1842000000", "operatingExpenses": "7773000000", "investmentIncomeNet": "64000000", "netInterestIncome": "-150000000", "interestIncome": "458000000", "interestExpense": "608000000", "nonInterestIncome": "-126000000", "otherNonOperatingIncome": "-177000000", "depreciation": "2300000000", "depreciationAndAmortization": "267000000", "incomeBeforeTax": "1553000000", "incomeTaxExpense": "504000000", "interestAndDebtExpense": "177000000", "netIncomeFromContinuingOperations": "1049000000", "comprehensiveIncomeNetOfTax": "540000000", "ebit": "2161000000", "ebitda": "2428000000", "netIncome": "1049000000"}, {"fiscalDateEnding": "2018-10-31", "reportedCurrency": "USD", "grossProfit": "3760000000", "totalRevenue": "30852000000", "costOfRevenue": "27092000000", "costofGoodsAndServicesSold": "21621000000", "operatingIncome": "1737000000", "sellingGeneralAndAdministrative": "4921000000", "researchAndDevelopment": "1667000000", "operatingExpenses": "6997000000", "investmentIncomeNet": "104000000", "netInterestIncome": "-631000000", "interestIncome": "-236000000", "interestExpense": "631000000", "nonInterestIncome": "295000000", "otherNonOperatingIncome": "-274000000", "depreciation": "2300000000", "depreciationAndAmortization": "294000000", "incomeBeforeTax": "164000000", "incomeTaxExpense": "-1744000000", "interestAndDebtExpense": "274000000", "netIncomeFromContinuingOperations": "2012000000", "comprehensiveIncomeNetOfTax": "1771000000", "ebit": "795000000", "ebitda": "1089000000", "netIncome": "1908000000"}, {"fiscalDateEnding": "2017-10-31", "reportedCurrency": "USD", "grossProfit": "2652000000", "totalRevenue": "28871000000", "costOfRevenue": "26219000000", "costofGoodsAndServicesSold": "20177000000", "operatingIncome": "564000000", "sellingGeneralAndAdministrative": "5012000000", "researchAndDevelopment": "1490000000", "operatingExpenses": "7467000000", "investmentIncomeNet": "104000000", "netInterestIncome": "-599000000", "interestIncome": "-350000000", "interestExpense": "599000000", "nonInterestIncome": "-440000000", "otherNonOperatingIncome": "-350000000", "depreciation": "2200000000", "depreciationAndAmortization": "321000000", "incomeBeforeTax": "180000000", "incomeTaxExpense": "-164000000", "interestAndDebtExpense": "599000000", "netIncomeFromContinuingOperations": "436000000", "comprehensiveIncomeNetOfTax": "1318000000", "ebit": "779000000", "ebitda": "1100000000", "netIncome": "344000000"}, {"fiscalDateEnding": "2016-10-31", "reportedCurrency": "USD", "grossProfit": "4455000000", "totalRevenue": "30280000000", "costOfRevenue": "45668000000", "costofGoodsAndServicesSold": "35429000000", "operatingIncome": "3903000000", "sellingGeneralAndAdministrative": "5380000000", "researchAndDevelopment": "1714000000", "operatingExpenses": "12349000000", "investmentIncomeNet": "122000000", "netInterestIncome": "-577000000", "interestIncome": "-30000000", "interestExpense": "547000000", "nonInterestIncome": "-430000000", "otherNonOperatingIncome": "-388000000", "depreciation": "2000000000", "depreciationAndAmortization": "755000000", "incomeBeforeTax": "3784000000", "incomeTaxExpense": "623000000", "interestAndDebtExpense": "577000000", "netIncomeFromContinuingOperations": "3237000000", "comprehensiveIncomeNetOfTax": "1577000000", "ebit": "4331000000", "ebitda": "5086000000", "netIncome": "3161000000"}], "quarterlyReports": [{"fiscalDateEnding": "2021-07-31", "reportedCurrency": "USD", "grossProfit": "5489000000", "totalRevenue": "6897000000", "costOfRevenue": "1408000000", "costofGoodsAndServicesSold": "4515000000", "operatingIncome": "282000000", "sellingGeneralAndAdministrative": "1291000000", "researchAndDevelopment": "506000000", "operatingExpenses": "1882000000", "investmentIncomeNet": "None", "netInterestIncome": "125000000", "interestIncome": "29000000", "interestExpense": "50000000", "nonInterestIncome": "None", "otherNonOperatingIncome": "-50000000", "depreciation": "None", "depreciationAndAmortization": "82000000", "incomeBeforeTax": "406000000", "incomeTaxExpense": "14000000", "interestAndDebtExpense": "None", "netIncomeFromContinuingOperations": "392000000", "comprehensiveIncomeNetOfTax": "523000000", "ebit": "282000000", "ebitda": "364000000", "netIncome": "392000000"}, {"fiscalDateEnding": "2021-04-30", "reportedCurrency": "USD", "grossProfit": "5367000000", "totalRevenue": "6700000000", "costOfRevenue": "1333000000", "costofGoodsAndServicesSold": "4413000000", "operatingIncome": "278000000", "sellingGeneralAndAdministrative": "1199000000", "researchAndDevelopment": "503000000", "operatingExpenses": "1799000000", "investmentIncomeNet": "None", "netInterestIncome": "124000000", "interestIncome": "-7000000", "interestExpense": "11000000", "nonInterestIncome": "None", "otherNonOperatingIncome": "-11000000", "depreciation": "None", "depreciationAndAmortization": "84000000", "incomeBeforeTax": "288000000", "incomeTaxExpense": "29000000", "interestAndDebtExpense": "None", "netIncomeFromContinuingOperations": "259000000", "comprehensiveIncomeNetOfTax": "393000000", "ebit": "278000000", "ebitda": "362000000", "netIncome": "259000000"}, {"fiscalDateEnding": "2021-01-31", "reportedCurrency": "USD", "grossProfit": "5486000000", "totalRevenue": "6833000000", "costOfRevenue": "1347000000", "costofGoodsAndServicesSold": "4545000000", "operatingIncome": "222000000", "sellingGeneralAndAdministrative": "1159000000", "researchAndDevelopment": "468000000", "operatingExpenses": "1755000000", "investmentIncomeNet": "None", "netInterestIncome": "122000000", "interestIncome": "-18000000", "interestExpense": "44000000", "nonInterestIncome": "None", "otherNonOperatingIncome": "-44000000", "depreciation": "None", "depreciationAndAmortization": "110000000", "incomeBeforeTax": "205000000", "incomeTaxExpense": "-18000000", "interestAndDebtExpense": "None", "netIncomeFromContinuingOperations": "223000000", "comprehensiveIncomeNetOfTax": "266000000", "ebit": "222000000", "ebitda": "332000000", "netIncome": "223000000"}, {"fiscalDateEnding": "2020-10-31", "reportedCurrency": "USD", "grossProfit": "2206000000", "totalRevenue": "7208000000", "costOfRevenue": "5002000000", "costofGoodsAndServicesSold": "5002000000", "operatingIncome": "145000000", "sellingGeneralAndAdministrative": "1166000000", "researchAndDevelopment": "484000000", "operatingExpenses": "1757000000", "investmentIncomeNet": "None", "netInterestIncome": "-477000000", "interestIncome": "-40000000", "interestExpense": "215000000", "nonInterestIncome": "None", "otherNonOperatingIncome": "-57000000", "depreciation": "None", "depreciationAndAmortization": "82000000", "incomeBeforeTax": "125000000", "incomeTaxExpense": "-32000000", "interestAndDebtExpense": "None", "netIncomeFromContinuingOperations": "157000000", "comprehensiveIncomeNetOfTax": "-26000000", "ebit": "145000000", "ebitda": "227000000", "netIncome": "157000000"}, {"fiscalDateEnding": "2020-07-31", "reportedCurrency": "USD", "grossProfit": "5536000000", "totalRevenue": "6816000000", "costOfRevenue": "1280000000", "costofGoodsAndServicesSold": "4749000000", "operatingIncome": "12000000", "sellingGeneralAndAdministrative": "1131000000", "researchAndDevelopment": "455000000", "operatingExpenses": "1697000000", "investmentIncomeNet": "None", "netInterestIncome": "115000000", "interestIncome": "-44000000", "interestExpense": "None", "nonInterestIncome": "None", "otherNonOperatingIncome": "-71000000", "depreciation": "None", "depreciationAndAmortization": "97000000", "incomeBeforeTax": "-34000000", "incomeTaxExpense": "-43000000", "interestAndDebtExpense": "None", "netIncomeFromContinuingOperations": "9000000", "comprehensiveIncomeNetOfTax": "-122000000", "ebit": "12000000", "ebitda": "109000000", "netIncome": "9000000"}, {"fiscalDateEnding": "2020-04-30", "reportedCurrency": "USD", "grossProfit": "3896000000", "totalRevenue": "6009000000", "costOfRevenue": "2113000000", "costofGoodsAndServicesSold": "4095000000", "operatingIncome": "-834000000", "sellingGeneralAndAdministrative": "1109000000", "researchAndDevelopment": "450000000", "operatingExpenses": "2528000000", "investmentIncomeNet": "None", "netInterestIncome": "115000000", "interestIncome": "-78000000", "interestExpense": "None", "nonInterestIncome": "None", "otherNonOperatingIncome": "-68000000", "depreciation": "None", "depreciationAndAmortization": "86000000", "incomeBeforeTax": "-911000000", "incomeTaxExpense": "-90000000", "interestAndDebtExpense": "None", "netIncomeFromContinuingOperations": "-821000000", "comprehensiveIncomeNetOfTax": "-746000000", "ebit": "-834000000", "ebitda": "-748000000", "netIncome": "-821000000"}, {"fiscalDateEnding": "2020-01-31", "reportedCurrency": "USD", "grossProfit": "5546000000", "totalRevenue": "6949000000", "costOfRevenue": "1403000000", "costofGoodsAndServicesSold": "4667000000", "operatingIncome": "348000000", "sellingGeneralAndAdministrative": "1218000000", "researchAndDevelopment": "485000000", "operatingExpenses": "1807000000", "investmentIncomeNet": "None", "netInterestIncome": "113000000", "interestIncome": "14000000", "interestExpense": "-5000000", "nonInterestIncome": "None", "otherNonOperatingIncome": "-19000000", "depreciation": "None", "depreciationAndAmortization": "122000000", "incomeBeforeTax": "378000000", "incomeTaxExpense": "45000000", "interestAndDebtExpense": "None", "netIncomeFromContinuingOperations": "333000000", "comprehensiveIncomeNetOfTax": "403000000", "ebit": "348000000", "ebitda": "470000000", "netIncome": "333000000"}, {"fiscalDateEnding": "2019-10-31", "reportedCurrency": "USD", "grossProfit": "2393000000", "totalRevenue": "7215000000", "costOfRevenue": "4822000000", "costofGoodsAndServicesSold": "4822000000", "operatingIncome": "460000000", "sellingGeneralAndAdministrative": "1229000000", "researchAndDevelopment": "438000000", "operatingExpenses": "1782000000", "investmentIncomeNet": "None", "netInterestIncome": "-38000000", "interestIncome": "-39000000", "interestExpense": "-144000000", "nonInterestIncome": "-63000000", "otherNonOperatingIncome": "-38000000", "depreciation": "None", "depreciationAndAmortization": "68000000", "incomeBeforeTax": "723000000", "incomeTaxExpense": "243000000", "interestAndDebtExpense": "None", "netIncomeFromContinuingOperations": "480000000", "comprehensiveIncomeNetOfTax": "-97000000", "ebit": "460000000", "ebitda": "528000000", "netIncome": "480000000"}, {"fiscalDateEnding": "2019-07-31", "reportedCurrency": "USD", "grossProfit": "5281000000", "totalRevenue": "7217000000", "costOfRevenue": "1936000000", "costofGoodsAndServicesSold": "4768000000", "operatingIncome": "-76000000", "sellingGeneralAndAdministrative": "1253000000", "researchAndDevelopment": "481000000", "operatingExpenses": "2355000000", "investmentIncomeNet": "None", "netInterestIncome": "-70000000", "interestIncome": "-67000000", "interestExpense": "-139000000", "nonInterestIncome": "53000000", "otherNonOperatingIncome": "-70000000", "depreciation": "None", "depreciationAndAmortization": "58000000", "incomeBeforeTax": "-265000000", "incomeTaxExpense": "-238000000", "interestAndDebtExpense": "None", "netIncomeFromContinuingOperations": "-27000000", "comprehensiveIncomeNetOfTax": "3000000", "ebit": "-76000000", "ebitda": "-18000000", "netIncome": "-27000000"}, {"fiscalDateEnding": "2019-04-30", "reportedCurrency": "USD", "grossProfit": "5725000000", "totalRevenue": "7150000000", "costOfRevenue": "1425000000", "costofGoodsAndServicesSold": "4845000000", "operatingIncome": "434000000", "sellingGeneralAndAdministrative": "1214000000", "researchAndDevelopment": "457000000", "operatingExpenses": "1824000000", "investmentIncomeNet": "None", "netInterestIncome": "-18000000", "interestIncome": "-15000000", "interestExpense": "-145000000", "nonInterestIncome": "105000000", "otherNonOperatingIncome": "-18000000", "depreciation": "None", "depreciationAndAmortization": "69000000", "incomeBeforeTax": "440000000", "incomeTaxExpense": "21000000", "interestAndDebtExpense": "None", "netIncomeFromContinuingOperations": "419000000", "comprehensiveIncomeNetOfTax": "533000000", "ebit": "434000000", "ebitda": "503000000", "netIncome": "419000000"}, {"fiscalDateEnding": "2019-01-31", "reportedCurrency": "USD", "grossProfit": "6142000000", "totalRevenue": "7553000000", "costOfRevenue": "1411000000", "costofGoodsAndServicesSold": "5207000000", "operatingIncome": "456000000", "sellingGeneralAndAdministrative": "1211000000", "researchAndDevelopment": "466000000", "operatingExpenses": "1812000000", "investmentIncomeNet": "None", "netInterestIncome": "None", "interestIncome": "None", "interestExpense": "-73000000", "nonInterestIncome": "-221000000", "otherNonOperatingIncome": "-51000000", "depreciation": "None", "depreciationAndAmortization": "72000000", "incomeBeforeTax": "655000000", "incomeTaxExpense": "478000000", "interestAndDebtExpense": "None", "netIncomeFromContinuingOperations": "177000000", "comprehensiveIncomeNetOfTax": "101000000", "ebit": "456000000", "ebitda": "528000000", "netIncome": "177000000"}, {"fiscalDateEnding": "2018-10-31", "reportedCurrency": "USD", "grossProfit": "1061000000", "totalRevenue": "7946000000", "costOfRevenue": "6885000000", "costofGoodsAndServicesSold": "5507000000", "operatingIncome": "653000000", "sellingGeneralAndAdministrative": "1219000000", "researchAndDevelopment": "439000000", "operatingExpenses": "1835000000", "investmentIncomeNet": "None", "netInterestIncome": "None", "interestIncome": "None", "interestExpense": "-82000000", "nonInterestIncome": "191000000", "otherNonOperatingIncome": "-96000000", "depreciation": "None", "depreciationAndAmortization": "72000000", "incomeBeforeTax": "591000000", "incomeTaxExpense": "1348000000", "interestAndDebtExpense": "None", "netIncomeFromContinuingOperations": "-772000000", "comprehensiveIncomeNetOfTax": "-1069000000", "ebit": "653000000", "ebitda": "725000000", "netIncome": "-757000000"}, {"fiscalDateEnding": "2018-07-31", "reportedCurrency": "USD", "grossProfit": "1079000000", "totalRevenue": "7764000000", "costOfRevenue": "6685000000", "costofGoodsAndServicesSold": "5399000000", "operatingIncome": "490000000", "sellingGeneralAndAdministrative": "1221000000", "researchAndDevelopment": "435000000", "operatingExpenses": "1735000000", "investmentIncomeNet": "None", "netInterestIncome": "None", "interestIncome": "None", "interestExpense": "-311000000", "nonInterestIncome": "233000000", "otherNonOperatingIncome": "-53000000", "depreciation": "None", "depreciationAndAmortization": "72000000", "incomeBeforeTax": "464000000", "incomeTaxExpense": "13000000", "interestAndDebtExpense": "None", "netIncomeFromContinuingOperations": "452000000", "comprehensiveIncomeNetOfTax": "527000000", "ebit": "490000000", "ebitda": "562000000", "netIncome": "451000000"}, {"fiscalDateEnding": "2018-04-30", "reportedCurrency": "USD", "grossProfit": "948000000", "totalRevenue": "7468000000", "costOfRevenue": "6520000000", "costofGoodsAndServicesSold": "5210000000", "operatingIncome": "366000000", "sellingGeneralAndAdministrative": "1245000000", "researchAndDevelopment": "403000000", "operatingExpenses": "1726000000", "investmentIncomeNet": "None", "netInterestIncome": "None", "interestIncome": "None", "interestExpense": "-312000000", "nonInterestIncome": "260000000", "otherNonOperatingIncome": "-88000000", "depreciation": "None", "depreciationAndAmortization": "72000000", "incomeBeforeTax": "-188000000", "incomeTaxExpense": "-966000000", "interestAndDebtExpense": "None", "netIncomeFromContinuingOperations": "850000000", "comprehensiveIncomeNetOfTax": "937000000", "ebit": "366000000", "ebitda": "438000000", "netIncome": "778000000"}, {"fiscalDateEnding": "2018-01-31", "reportedCurrency": "USD", "grossProfit": "870000000", "totalRevenue": "7674000000", "costOfRevenue": "6804000000", "costofGoodsAndServicesSold": "5505000000", "operatingIncome": "228000000", "sellingGeneralAndAdministrative": "1218000000", "researchAndDevelopment": "389000000", "operatingExpenses": "1701000000", "investmentIncomeNet": "None", "netInterestIncome": "None", "interestIncome": "None", "interestExpense": "-312000000", "nonInterestIncome": "-389000000", "otherNonOperatingIncome": "1000000", "depreciation": "None", "depreciationAndAmortization": "78000000", "incomeBeforeTax": "-703000000", "incomeTaxExpense": "-2139000000", "interestAndDebtExpense": "None", "netIncomeFromContinuingOperations": "1482000000", "comprehensiveIncomeNetOfTax": "1376000000", "ebit": "228000000", "ebitda": "306000000", "netIncome": "1436000000"}, {"fiscalDateEnding": "2017-10-31", "reportedCurrency": "USD", "grossProfit": "737000000", "totalRevenue": "7660000000", "costOfRevenue": "6923000000", "costofGoodsAndServicesSold": "5383000000", "operatingIncome": "-224000000", "sellingGeneralAndAdministrative": "1288000000", "researchAndDevelopment": "364000000", "operatingExpenses": "1904000000", "investmentIncomeNet": "None", "netInterestIncome": "-135000000", "interestIncome": "None", "interestExpense": "135000000", "nonInterestIncome": "81000000", "otherNonOperatingIncome": "-66000000", "depreciation": "None", "depreciationAndAmortization": "86000000", "incomeBeforeTax": "-155000000", "incomeTaxExpense": "-679000000", "interestAndDebtExpense": "135000000", "netIncomeFromContinuingOperations": "378000000", "comprehensiveIncomeNetOfTax": "838000000", "ebit": "-20000000", "ebitda": "66000000", "netIncome": "524000000"}, {"fiscalDateEnding": "2017-07-31", "reportedCurrency": "USD", "grossProfit": "848000000", "totalRevenue": "7501000000", "costOfRevenue": "7361000000", "costofGoodsAndServicesSold": "5306000000", "operatingIncome": "201000000", "sellingGeneralAndAdministrative": "1285000000", "researchAndDevelopment": "390000000", "operatingExpenses": "2373000000", "investmentIncomeNet": "None", "netInterestIncome": "-164000000", "interestIncome": "None", "interestExpense": "164000000", "nonInterestIncome": "-279000000", "otherNonOperatingIncome": "-96000000", "depreciation": "None", "depreciationAndAmortization": "132000000", "incomeBeforeTax": "5000000", "incomeTaxExpense": "-160000000", "interestAndDebtExpense": "164000000", "netIncomeFromContinuingOperations": "285000000", "comprehensiveIncomeNetOfTax": "349000000", "ebit": "169000000", "ebitda": "301000000", "netIncome": "165000000"}, {"fiscalDateEnding": "2017-04-30", "reportedCurrency": "USD", "grossProfit": "793000000", "totalRevenue": "6808000000", "costOfRevenue": "6652000000", "costofGoodsAndServicesSold": "4799000000", "operatingIncome": "195000000", "sellingGeneralAndAdministrative": "1229000000", "researchAndDevelopment": "376000000", "operatingExpenses": "2211000000", "investmentIncomeNet": "None", "netInterestIncome": "-142000000", "interestIncome": "None", "interestExpense": "142000000", "nonInterestIncome": "-198000000", "otherNonOperatingIncome": "-88000000", "depreciation": "None", "depreciationAndAmortization": "107000000", "incomeBeforeTax": "-21000000", "incomeTaxExpense": "591000000", "interestAndDebtExpense": "142000000", "netIncomeFromContinuingOperations": "-478000000", "comprehensiveIncomeNetOfTax": "-611000000", "ebit": "121000000", "ebitda": "228000000", "netIncome": "-612000000"}, {"fiscalDateEnding": "2017-01-31", "reportedCurrency": "USD", "grossProfit": "1203000000", "totalRevenue": "6902000000", "costOfRevenue": "10204000000", "costofGoodsAndServicesSold": "4689000000", "operatingIncome": "453000000", "sellingGeneralAndAdministrative": "1204000000", "researchAndDevelopment": "356000000", "operatingExpenses": "2558000000", "investmentIncomeNet": "None", "netInterestIncome": "-158000000", "interestIncome": "None", "interestExpense": "158000000", "nonInterestIncome": "-44000000", "otherNonOperatingIncome": "-100000000", "depreciation": "None", "depreciationAndAmortization": "101000000", "incomeBeforeTax": "351000000", "incomeTaxExpense": "84000000", "interestAndDebtExpense": "158000000", "netIncomeFromContinuingOperations": "251000000", "comprehensiveIncomeNetOfTax": "742000000", "ebit": "509000000", "ebitda": "610000000", "netIncome": "267000000"}, {"fiscalDateEnding": "2016-10-31", "reportedCurrency": "USD", "grossProfit": "1310000000", "totalRevenue": "5234000000", "costOfRevenue": "11168000000", "costofGoodsAndServicesSold": "8666000000", "operatingIncome": "335000000", "sellingGeneralAndAdministrative": "481000000", "researchAndDevelopment": "-40000000", "operatingExpenses": "2993000000", "investmentIncomeNet": "None", "netInterestIncome": "-146000000", "interestIncome": "-7000000", "interestExpense": "139000000", "nonInterestIncome": "-23000000", "otherNonOperatingIncome": "-104000000", "depreciation": "None", "depreciationAndAmortization": "126000000", "incomeBeforeTax": "759000000", "incomeTaxExpense": "457000000", "interestAndDebtExpense": "146000000", "netIncomeFromContinuingOperations": "96000000", "comprehensiveIncomeNetOfTax": "-1120000000", "ebit": "898000000", "ebitda": "1024000000", "netIncome": "302000000"}]}