{"symbol": "HSIC", "annualReports": [{"fiscalDateEnding": "2020-12-31", "reportedCurrency": "USD", "grossProfit": "2814343000", "totalRevenue": "10079860000", "costOfRevenue": "9707247000", "costofGoodsAndServicesSold": "7304798000", "operatingIncome": "535303000", "sellingGeneralAndAdministrative": "2246947000", "researchAndDevelopment": "None", "operatingExpenses": "2437586000", "investmentIncomeNet": "9842000", "netInterestIncome": "-41377000", "interestIncome": "9842000", "interestExpense": "41377000", "nonInterestIncome": "10121237000", "otherNonOperatingIncome": "-3873000", "depreciation": "64300000", "depreciationAndAmortization": "123409000", "incomeBeforeTax": "499168000", "incomeTaxExpense": "95374000", "interestAndDebtExpense": "41377000", "netIncomeFromContinuingOperations": "402808000", "comprehensiveIncomeNetOfTax": "463083000", "ebit": "540545000", "ebitda": "663954000", "netIncome": "403794000"}, {"fiscalDateEnding": "2019-12-31", "reportedCurrency": "USD", "grossProfit": "3090886000", "totalRevenue": "10185178000", "costOfRevenue": "9389296000", "costofGoodsAndServicesSold": "6894917000", "operatingIncome": "718261000", "sellingGeneralAndAdministrative": "2357920000", "researchAndDevelopment": "None", "operatingExpenses": "2506991000", "investmentIncomeNet": "15757000", "netInterestIncome": "-50792000", "interestIncome": "15757000", "interestExpense": "50792000", "nonInterestIncome": "10235970000", "otherNonOperatingIncome": "-2919000", "depreciation": "64400000", "depreciationAndAmortization": "121754000", "incomeBeforeTax": "854249000", "incomeTaxExpense": "159515000", "interestAndDebtExpense": "50792000", "netIncomeFromContinuingOperations": "700691000", "comprehensiveIncomeNetOfTax": "682724000", "ebit": "905041000", "ebitda": "1026795000", "netIncome": "694734000"}, {"fiscalDateEnding": "2018-12-31", "reportedCurrency": "USD", "grossProfit": "2910747000", "totalRevenue": "13201995000", "costOfRevenue": "10291248000", "costofGoodsAndServicesSold": "6506856000", "operatingIncome": "600619000", "sellingGeneralAndAdministrative": "2217273000", "researchAndDevelopment": "None", "operatingExpenses": "2701876000", "investmentIncomeNet": "21236000", "netInterestIncome": "-78786000", "interestIncome": "-2770000", "interestExpense": "76016000", "nonInterestIncome": "13201995000", "otherNonOperatingIncome": "-3258000", "depreciation": "58100000", "depreciationAndAmortization": "134000000", "incomeBeforeTax": "643313000", "incomeTaxExpense": "107432000", "interestAndDebtExpense": "78786000", "netIncomeFromContinuingOperations": "430717000", "comprehensiveIncomeNetOfTax": "417177000", "ebit": "719329000", "ebitda": "853329000", "netIncome": "535881000"}, {"fiscalDateEnding": "2017-12-31", "reportedCurrency": "USD", "grossProfit": "2746662000", "totalRevenue": "12461543000", "costOfRevenue": "9714881000", "costofGoodsAndServicesSold": "6136776000", "operatingIncome": "669761000", "sellingGeneralAndAdministrative": "2071576000", "researchAndDevelopment": "None", "operatingExpenses": "2534409000", "investmentIncomeNet": "17553000", "netInterestIncome": "-53654000", "interestIncome": "-2588000", "interestExpense": "51066000", "nonInterestIncome": "-17636000", "otherNonOperatingIncome": "-1339000", "depreciation": "54700000", "depreciationAndAmortization": "125800000", "incomeBeforeTax": "715274000", "incomeTaxExpense": "308975000", "interestAndDebtExpense": "53654000", "netIncomeFromContinuingOperations": "293172000", "comprehensiveIncomeNetOfTax": "593273000", "ebit": "766340000", "ebitda": "892140000", "netIncome": "406299000"}, {"fiscalDateEnding": "2016-12-31", "reportedCurrency": "USD", "grossProfit": "3226473000", "totalRevenue": "11571668000", "costOfRevenue": "8345195000", "costofGoodsAndServicesSold": "8345195000", "operatingIncome": "771574000", "sellingGeneralAndAdministrative": "2409008000", "researchAndDevelopment": "None", "operatingExpenses": "2409008000", "investmentIncomeNet": "13275000", "netInterestIncome": "-31893000", "interestIncome": "13275000", "interestExpense": "31893000", "nonInterestIncome": "None", "otherNonOperatingIncome": "2879000", "depreciation": "63800000", "depreciationAndAmortization": "105900000", "incomeBeforeTax": "724736000", "incomeTaxExpense": "217958000", "interestAndDebtExpense": "31893000", "netIncomeFromContinuingOperations": "556395000", "comprehensiveIncomeNetOfTax": "409676000", "ebit": "756629000", "ebitda": "862529000", "netIncome": "506778000"}], "quarterlyReports": [{"fiscalDateEnding": "2021-09-30", "reportedCurrency": "USD", "grossProfit": "912145000", "totalRevenue": "3179083000", "costOfRevenue": "2968067000", "costofGoodsAndServicesSold": "2266170000", "operatingIncome": "210821000", "sellingGeneralAndAdministrative": "701499000", "researchAndDevelopment": "None", "operatingExpenses": "701897000", "investmentIncomeNet": "1409000", "netInterestIncome": "-6550000", "interestIncome": "1409000", "interestExpense": "6550000", "nonInterestIncome": "3185633000", "otherNonOperatingIncome": "403000", "depreciation": "None", "depreciationAndAmortization": "573000", "incomeBeforeTax": "211562000", "incomeTaxExpense": "49276000", "interestAndDebtExpense": "6550000", "netIncomeFromContinuingOperations": "162286000", "comprehensiveIncomeNetOfTax": "131425000", "ebit": "218112000", "ebitda": "218685000", "netIncome": "162286000"}, {"fiscalDateEnding": "2021-06-30", "reportedCurrency": "USD", "grossProfit": "889751000", "totalRevenue": "2960847000", "costOfRevenue": "2757393000", "costofGoodsAndServicesSold": "2077472000", "operatingIncome": "210346000", "sellingGeneralAndAdministrative": "678801000", "researchAndDevelopment": "None", "operatingExpenses": "679921000", "investmentIncomeNet": "1357000", "netInterestIncome": "-6376000", "interestIncome": "1357000", "interestExpense": "6376000", "nonInterestIncome": "2967223000", "otherNonOperatingIncome": "354000", "depreciation": "None", "depreciationAndAmortization": "516000", "incomeBeforeTax": "203743000", "incomeTaxExpense": "48027000", "interestAndDebtExpense": "6376000", "netIncomeFromContinuingOperations": "155716000", "comprehensiveIncomeNetOfTax": "185242000", "ebit": "210119000", "ebitda": "210635000", "netIncome": "155716000"}, {"fiscalDateEnding": "2021-03-31", "reportedCurrency": "USD", "grossProfit": "890851000", "totalRevenue": "2918476000", "costOfRevenue": "2695637000", "costofGoodsAndServicesSold": "2034110000", "operatingIncome": "229928000", "sellingGeneralAndAdministrative": "657992000", "researchAndDevelopment": "None", "operatingExpenses": "658831000", "investmentIncomeNet": "1983000", "netInterestIncome": "-6485000", "interestIncome": "1983000", "interestExpense": "6485000", "nonInterestIncome": "2924961000", "otherNonOperatingIncome": "309000", "depreciation": "None", "depreciationAndAmortization": "604000", "incomeBeforeTax": "222682000", "incomeTaxExpense": "56685000", "interestAndDebtExpense": "6485000", "netIncomeFromContinuingOperations": "165997000", "comprehensiveIncomeNetOfTax": "137776000", "ebit": "229167000", "ebitda": "229771000", "netIncome": "165997000"}, {"fiscalDateEnding": "2020-12-31", "reportedCurrency": "USD", "grossProfit": "859711000", "totalRevenue": "3167297000", "costOfRevenue": "4380000", "costofGoodsAndServicesSold": "2306014000", "operatingIncome": "181200000", "sellingGeneralAndAdministrative": "674131000", "researchAndDevelopment": "None", "operatingExpenses": "4380000", "investmentIncomeNet": "2361000", "netInterestIncome": "-11968000", "interestIncome": "2361000", "interestExpense": "11968000", "nonInterestIncome": "3167297000", "otherNonOperatingIncome": "-1663000", "depreciation": "None", "depreciationAndAmortization": "122261000", "incomeBeforeTax": "172042000", "incomeTaxExpense": "29409000", "interestAndDebtExpense": "11968000", "netIncomeFromContinuingOperations": "141921000", "comprehensiveIncomeNetOfTax": "205881000", "ebit": "184010000", "ebitda": "306271000", "netIncome": "142633000"}, {"fiscalDateEnding": "2020-09-30", "reportedCurrency": "USD", "grossProfit": "754268000", "totalRevenue": "2829035000", "costOfRevenue": "2652909000", "costofGoodsAndServicesSold": "2085878000", "operatingIncome": "187671000", "sellingGeneralAndAdministrative": "559605000", "researchAndDevelopment": "None", "operatingExpenses": "567062000", "investmentIncomeNet": "2294000", "netInterestIncome": "-11111000", "interestIncome": "2294000", "interestExpense": "11111000", "nonInterestIncome": "2840146000", "otherNonOperatingIncome": "-1699000", "depreciation": "None", "depreciationAndAmortization": "434000", "incomeBeforeTax": "170702000", "incomeTaxExpense": "29005000", "interestAndDebtExpense": "11111000", "netIncomeFromContinuingOperations": "141726000", "comprehensiveIncomeNetOfTax": "169616000", "ebit": "181813000", "ebitda": "182247000", "netIncome": "141697000"}, {"fiscalDateEnding": "2020-06-30", "reportedCurrency": "USD", "grossProfit": "454266000", "totalRevenue": "1673913000", "costOfRevenue": "1692114000", "costofGoodsAndServicesSold": "1230133000", "operatingIncome": "-7433000", "sellingGeneralAndAdministrative": "445765000", "researchAndDevelopment": "None", "operatingExpenses": "462009000", "investmentIncomeNet": "1997000", "netInterestIncome": "-10486000", "interestIncome": "1997000", "interestExpense": "10486000", "nonInterestIncome": "1684399000", "otherNonOperatingIncome": "-291000", "depreciation": "None", "depreciationAndAmortization": "282000", "incomeBeforeTax": "-11747000", "incomeTaxExpense": "-950000", "interestAndDebtExpense": "10486000", "netIncomeFromContinuingOperations": "-11382000", "comprehensiveIncomeNetOfTax": "17600000", "ebit": "-1261000", "ebitda": "-979000", "netIncome": "-10797000"}, {"fiscalDateEnding": "2020-03-31", "reportedCurrency": "USD", "grossProfit": "746014000", "totalRevenue": "2421059000", "costOfRevenue": "2255438000", "costofGoodsAndServicesSold": "1682857000", "operatingIncome": "173865000", "sellingGeneralAndAdministrative": "567362000", "researchAndDevelopment": "None", "operatingExpenses": "587149000", "investmentIncomeNet": "3190000", "netInterestIncome": "-7812000", "interestIncome": "3190000", "interestExpense": "7812000", "nonInterestIncome": "2428871000", "otherNonOperatingIncome": "-220000", "depreciation": "None", "depreciationAndAmortization": "432000", "incomeBeforeTax": "168171000", "incomeTaxExpense": "37910000", "interestAndDebtExpense": "7812000", "netIncomeFromContinuingOperations": "130543000", "comprehensiveIncomeNetOfTax": "69986000", "ebit": "175983000", "ebitda": "176415000", "netIncome": "130261000"}, {"fiscalDateEnding": "2019-12-31", "reportedCurrency": "USD", "grossProfit": "810598000", "totalRevenue": "2855710000", "costOfRevenue": "-1059000", "costofGoodsAndServicesSold": "1858343000", "operatingIncome": "196334000", "sellingGeneralAndAdministrative": "615323000", "researchAndDevelopment": "None", "operatingExpenses": "-1059000", "investmentIncomeNet": "3389000", "netInterestIncome": "-9333000", "interestIncome": "3389000", "interestExpense": "9333000", "nonInterestIncome": "2855710000", "otherNonOperatingIncome": "-907000", "depreciation": "None", "depreciationAndAmortization": "-676246000", "incomeBeforeTax": "372798000", "incomeTaxExpense": "42189000", "interestAndDebtExpense": "9333000", "netIncomeFromContinuingOperations": "330609000", "comprehensiveIncomeNetOfTax": "357915000", "ebit": "382131000", "ebitda": "-294115000", "netIncome": "330609000"}, {"fiscalDateEnding": "2019-09-30", "reportedCurrency": "USD", "grossProfit": "761167000", "totalRevenue": "2496394000", "costOfRevenue": "2611569000", "costofGoodsAndServicesSold": "1747600000", "operatingIncome": "187198000", "sellingGeneralAndAdministrative": "574771000", "researchAndDevelopment": "None", "operatingExpenses": "863969000", "investmentIncomeNet": "3943000", "netInterestIncome": "-12373000", "interestIncome": "3943000", "interestExpense": "12373000", "nonInterestIncome": "2508767000", "otherNonOperatingIncome": "-177000", "depreciation": "None", "depreciationAndAmortization": "290000000", "incomeBeforeTax": "182521000", "incomeTaxExpense": "41964000", "interestAndDebtExpense": "12373000", "netIncomeFromContinuingOperations": "134916000", "comprehensiveIncomeNetOfTax": "85075000", "ebit": "194894000", "ebitda": "484894000", "netIncome": "140557000"}, {"fiscalDateEnding": "2019-06-30", "reportedCurrency": "USD", "grossProfit": "767431000", "totalRevenue": "2435042000", "costOfRevenue": "2285539000", "costofGoodsAndServicesSold": "1680396000", "operatingIncome": "162288000", "sellingGeneralAndAdministrative": "593218000", "researchAndDevelopment": "None", "operatingExpenses": "605143000", "investmentIncomeNet": "3654000", "netInterestIncome": "-12785000", "interestIncome": "3654000", "interestExpense": "12785000", "nonInterestIncome": "2447827000", "otherNonOperatingIncome": "-1416000", "depreciation": "None", "depreciationAndAmortization": "260000", "incomeBeforeTax": "150412000", "incomeTaxExpense": "35880000", "interestAndDebtExpense": "12785000", "netIncomeFromContinuingOperations": "116753000", "comprehensiveIncomeNetOfTax": "124466000", "ebit": "163197000", "ebitda": "163457000", "netIncome": "114532000"}, {"fiscalDateEnding": "2019-03-31", "reportedCurrency": "USD", "grossProfit": "751690000", "totalRevenue": "2343967000", "costOfRevenue": "2187827000", "costofGoodsAndServicesSold": "1608578000", "operatingIncome": "172441000", "sellingGeneralAndAdministrative": "574608000", "researchAndDevelopment": "None", "operatingExpenses": "581033000", "investmentIncomeNet": "4771000", "netInterestIncome": "-16301000", "interestIncome": "4771000", "interestExpense": "16301000", "nonInterestIncome": "2360268000", "otherNonOperatingIncome": "-419000", "depreciation": "None", "depreciationAndAmortization": "248000", "incomeBeforeTax": "149265000", "incomeTaxExpense": "39482000", "interestAndDebtExpense": "16301000", "netIncomeFromContinuingOperations": "118413000", "comprehensiveIncomeNetOfTax": "115268000", "ebit": "165566000", "ebitda": "165814000", "netIncome": "109783000"}, {"fiscalDateEnding": "2018-12-31", "reportedCurrency": "USD", "grossProfit": "750931000", "totalRevenue": "3375202000", "costOfRevenue": "2624271000", "costofGoodsAndServicesSold": "1721625000", "operatingIncome": "158002000", "sellingGeneralAndAdministrative": "558285000", "researchAndDevelopment": "None", "operatingExpenses": "590069000", "investmentIncomeNet": "5807000", "netInterestIncome": "-22320000", "interestIncome": "-873000", "interestExpense": "21447000", "nonInterestIncome": "2472556000", "otherNonOperatingIncome": "-1485000", "depreciation": "None", "depreciationAndAmortization": "36700000", "incomeBeforeTax": "138555000", "incomeTaxExpense": "20778000", "interestAndDebtExpense": "22320000", "netIncomeFromContinuingOperations": "117777000", "comprehensiveIncomeNetOfTax": "103851000", "ebit": "160002000", "ebitda": "224447000", "netIncome": "117777000"}, {"fiscalDateEnding": "2018-09-30", "reportedCurrency": "USD", "grossProfit": "722359000", "totalRevenue": "3279678000", "costOfRevenue": "2557319000", "costofGoodsAndServicesSold": "1633206000", "operatingIncome": "123269000", "sellingGeneralAndAdministrative": "552051000", "researchAndDevelopment": "None", "operatingExpenses": "722634000", "investmentIncomeNet": "5163000", "netInterestIncome": "-21045000", "interestIncome": "-615000", "interestExpense": "20430000", "nonInterestIncome": "3279678000", "otherNonOperatingIncome": "-586000", "depreciation": "None", "depreciationAndAmortization": "51493000", "incomeBeforeTax": "107403000", "incomeTaxExpense": "16633000", "interestAndDebtExpense": "21045000", "netIncomeFromContinuingOperations": "90770000", "comprehensiveIncomeNetOfTax": "113221000", "ebit": "127833000", "ebitda": "252842000", "netIncome": "90770000"}, {"fiscalDateEnding": "2018-06-30", "reportedCurrency": "USD", "grossProfit": "718328000", "totalRevenue": "3326676000", "costOfRevenue": "2608348000", "costofGoodsAndServicesSold": "1597704000", "operatingIncome": "157108000", "sellingGeneralAndAdministrative": "552723000", "researchAndDevelopment": "None", "operatingExpenses": "692112000", "investmentIncomeNet": "5108000", "netInterestIncome": "-17883000", "interestIncome": "-648000", "interestExpense": "17235000", "nonInterestIncome": "3326676000", "otherNonOperatingIncome": "-437000", "depreciation": "None", "depreciationAndAmortization": "52085000", "incomeBeforeTax": "144515000", "incomeTaxExpense": "33879000", "interestAndDebtExpense": "17883000", "netIncomeFromContinuingOperations": "110636000", "comprehensiveIncomeNetOfTax": "27708000", "ebit": "161750000", "ebitda": "258227000", "netIncome": "110636000"}, {"fiscalDateEnding": "2018-03-31", "reportedCurrency": "USD", "grossProfit": "719129000", "totalRevenue": "3220439000", "costOfRevenue": "2501310000", "costofGoodsAndServicesSold": "1554321000", "operatingIncome": "162240000", "sellingGeneralAndAdministrative": "554214000", "researchAndDevelopment": "None", "operatingExpenses": "692691000", "investmentIncomeNet": "5158000", "netInterestIncome": "-17538000", "interestIncome": "-634000", "interestExpense": "16904000", "nonInterestIncome": "3220439000", "otherNonOperatingIncome": "-750000", "depreciation": "None", "depreciationAndAmortization": "51794000", "incomeBeforeTax": "147676000", "incomeTaxExpense": "36142000", "interestAndDebtExpense": "17538000", "netIncomeFromContinuingOperations": "111534000", "comprehensiveIncomeNetOfTax": "172397000", "ebit": "164580000", "ebitda": "292985000", "netIncome": "111534000"}, {"fiscalDateEnding": "2017-12-31", "reportedCurrency": "USD", "grossProfit": "900956000", "totalRevenue": "3318054000", "costOfRevenue": "2417098000", "costofGoodsAndServicesSold": "-508566000", "operatingIncome": "241191000", "sellingGeneralAndAdministrative": "196932000", "researchAndDevelopment": "None", "operatingExpenses": "647459000", "investmentIncomeNet": "4349000", "netInterestIncome": "-16598000", "interestIncome": "-2588000", "interestExpense": "14010000", "nonInterestIncome": "None", "otherNonOperatingIncome": "-1828000", "depreciation": "None", "depreciationAndAmortization": "51800000", "incomeBeforeTax": "144164000", "incomeTaxExpense": "152699000", "interestAndDebtExpense": "16598000", "netIncomeFromContinuingOperations": "-157611000", "comprehensiveIncomeNetOfTax": "15870000", "ebit": "158174000", "ebitda": "123198000", "netIncome": "-8535000"}, {"fiscalDateEnding": "2017-09-30", "reportedCurrency": "USD", "grossProfit": "836054000", "totalRevenue": "3161083000", "costOfRevenue": "2325029000", "costofGoodsAndServicesSold": "2325029000", "operatingIncome": "213548000", "sellingGeneralAndAdministrative": "622506000", "researchAndDevelopment": "None", "operatingExpenses": "622506000", "investmentIncomeNet": "4793000", "netInterestIncome": "-13428000", "interestIncome": "None", "interestExpense": "13428000", "nonInterestIncome": "None", "otherNonOperatingIncome": "-194000", "depreciation": "None", "depreciationAndAmortization": "47789000", "incomeBeforeTax": "197371000", "incomeTaxExpense": "59340000", "interestAndDebtExpense": "13428000", "netIncomeFromContinuingOperations": "150948000", "comprehensiveIncomeNetOfTax": "193085000", "ebit": "210799000", "ebitda": "258451000", "netIncome": "138031000"}, {"fiscalDateEnding": "2017-06-30", "reportedCurrency": "USD", "grossProfit": "839173000", "totalRevenue": "3059458000", "costOfRevenue": "2220285000", "costofGoodsAndServicesSold": "2220285000", "operatingIncome": "210662000", "sellingGeneralAndAdministrative": "628511000", "researchAndDevelopment": "None", "operatingExpenses": "628511000", "investmentIncomeNet": "4107000", "netInterestIncome": "-12198000", "interestIncome": "None", "interestExpense": "12198000", "nonInterestIncome": "None", "otherNonOperatingIncome": "728000", "depreciation": "None", "depreciationAndAmortization": "44749000", "incomeBeforeTax": "194361000", "incomeTaxExpense": "58306000", "interestAndDebtExpense": "12198000", "netIncomeFromContinuingOperations": "210662000", "comprehensiveIncomeNetOfTax": "208348000", "ebit": "206559000", "ebitda": "238717000", "netIncome": "136055000"}, {"fiscalDateEnding": "2017-03-31", "reportedCurrency": "USD", "grossProfit": "822920000", "totalRevenue": "2922948000", "costOfRevenue": "2100028000", "costofGoodsAndServicesSold": "2100028000", "operatingIncome": "193968000", "sellingGeneralAndAdministrative": "628952000", "researchAndDevelopment": "None", "operatingExpenses": "631762000", "investmentIncomeNet": "4304000", "netInterestIncome": "-11430000", "interestIncome": "None", "interestExpense": "11430000", "nonInterestIncome": "None", "otherNonOperatingIncome": "-45000", "depreciation": "None", "depreciationAndAmortization": "44700000", "incomeBeforeTax": "179378000", "incomeTaxExpense": "38630000", "interestAndDebtExpense": "11430000", "netIncomeFromContinuingOperations": "193968000", "comprehensiveIncomeNetOfTax": "175970000", "ebit": "190808000", "ebitda": "235430000", "netIncome": "140748000"}, {"fiscalDateEnding": "2016-12-31", "reportedCurrency": "USD", "grossProfit": "859487000", "totalRevenue": "3142916000", "costOfRevenue": "16080000", "costofGoodsAndServicesSold": "2261447000", "operatingIncome": "213982000", "sellingGeneralAndAdministrative": "629425000", "researchAndDevelopment": "None", "operatingExpenses": "592752000", "investmentIncomeNet": "3230000", "netInterestIncome": "-9911000", "interestIncome": "None", "interestExpense": "9911000", "nonInterestIncome": "None", "otherNonOperatingIncome": "-327000", "depreciation": "None", "depreciationAndAmortization": "43951000", "incomeBeforeTax": "198075000", "incomeTaxExpense": "58859000", "interestAndDebtExpense": "9911000", "netIncomeFromContinuingOperations": "213982000", "comprehensiveIncomeNetOfTax": "44355000", "ebit": "207986000", "ebitda": "251937000", "netIncome": "139216000"}]}