{"symbol": "HSY", "annualReports": [{"fiscalDateEnding": "2020-12-31", "reportedCurrency": "USD", "grossProfit": "3701269000", "totalRevenue": "8149719000", "costOfRevenue": "4448450000", "costofGoodsAndServicesSold": "4448450000", "operatingIncome": "1782698000", "sellingGeneralAndAdministrative": "1890925000", "researchAndDevelopment": "37577000", "operatingExpenses": "2023832000", "investmentIncomeNet": "4097000", "netInterestIncome": "-153471000", "interestIncome": "-149374000", "interestExpense": "153471000", "nonInterestIncome": "8159662000", "otherNonOperatingIncome": "-138327000", "depreciation": "219021000", "depreciationAndAmortization": "54674000", "incomeBeforeTax": "1498292000", "incomeTaxExpense": "219584000", "interestAndDebtExpense": "153471000", "netIncomeFromContinuingOperations": "1275413000", "comprehensiveIncomeNetOfTax": "1264592000", "ebit": "1651763000", "ebitda": "1706437000", "netIncome": "1278708000"}, {"fiscalDateEnding": "2019-12-31", "reportedCurrency": "USD", "grossProfit": "3622478000", "totalRevenue": "7986252000", "costOfRevenue": "4363774000", "costofGoodsAndServicesSold": "4363774000", "operatingIncome": "1595952000", "sellingGeneralAndAdministrative": "1905929000", "researchAndDevelopment": "37146000", "operatingExpenses": "2119309000", "investmentIncomeNet": "7997000", "netInterestIncome": "-152122000", "interestIncome": "7997000", "interestExpense": "152122000", "nonInterestIncome": "8028888000", "otherNonOperatingIncome": "-71043000", "depreciation": "218096000", "depreciationAndAmortization": "54511000", "incomeBeforeTax": "1383724000", "incomeTaxExpense": "234032000", "interestAndDebtExpense": "152122000", "netIncomeFromContinuingOperations": "1146752000", "comprehensiveIncomeNetOfTax": "1182506000", "ebit": "1535846000", "ebitda": "1590357000", "netIncome": "1149692000"}, {"fiscalDateEnding": "2018-12-31", "reportedCurrency": "USD", "grossProfit": "3575325000", "totalRevenue": "7791069000", "costOfRevenue": "4215744000", "costofGoodsAndServicesSold": "4215744000", "operatingIncome": "1623664000", "sellingGeneralAndAdministrative": "1874829000", "researchAndDevelopment": "38521000", "operatingExpenses": "2061461000", "investmentIncomeNet": "8021000", "netInterestIncome": "-146858000", "interestIncome": "8021000", "interestExpense": "146858000", "nonInterestIncome": "68178000", "otherNonOperatingIncome": "-74766000", "depreciation": "231012000", "depreciationAndAmortization": "38555000", "incomeBeforeTax": "1416572000", "incomeTaxExpense": "239010000", "interestAndDebtExpense": "146858000", "netIncomeFromContinuingOperations": "1171051000", "comprehensiveIncomeNetOfTax": "1134528000", "ebit": "1563430000", "ebitda": "1601985000", "netIncome": "1177562000"}, {"fiscalDateEnding": "2017-12-31", "reportedCurrency": "USD", "grossProfit": "3455376000", "totalRevenue": "7515426000", "costOfRevenue": "4060050000", "costofGoodsAndServicesSold": "4060050000", "operatingIncome": "1313409000", "sellingGeneralAndAdministrative": "1885492000", "researchAndDevelopment": "45850000", "operatingExpenses": "2260700000", "investmentIncomeNet": "1784000", "netInterestIncome": "-100066000", "interestIncome": "1784000", "interestExpense": "100066000", "nonInterestIncome": "-51260000", "otherNonOperatingIncome": "-104459000", "depreciation": "211592000", "depreciationAndAmortization": "23376000", "incomeBeforeTax": "1137112000", "incomeTaxExpense": "354131000", "interestAndDebtExpense": "100066000", "netIncomeFromContinuingOperations": "756537000", "comprehensiveIncomeNetOfTax": "845123000", "ebit": "1237178000", "ebitda": "1260554000", "netIncome": "782981000"}, {"fiscalDateEnding": "2016-12-31", "reportedCurrency": "USD", "grossProfit": "3169539000", "totalRevenue": "7440181000", "costOfRevenue": "4270642000", "costofGoodsAndServicesSold": "4270642000", "operatingIncome": "1255173000", "sellingGeneralAndAdministrative": "1891305000", "researchAndDevelopment": "47268000", "operatingExpenses": "2144590000", "investmentIncomeNet": "1805000", "netInterestIncome": "-91948000", "interestIncome": "1805000", "interestExpense": "91948000", "nonInterestIncome": "0", "otherNonOperatingIncome": "-65549000", "depreciation": "231735000", "depreciationAndAmortization": "26687000", "incomeBeforeTax": "1099481000", "incomeTaxExpense": "379437000", "interestAndDebtExpense": "91948000", "netIncomeFromContinuingOperations": "720044000", "comprehensiveIncomeNetOfTax": "715181000", "ebit": "1191429000", "ebitda": "1218116000", "netIncome": "720044000"}], "quarterlyReports": [{"fiscalDateEnding": "2021-09-30", "reportedCurrency": "USD", "grossProfit": "1061335000", "totalRevenue": "2362879000", "costOfRevenue": "1803947000", "costofGoodsAndServicesSold": "1298504000", "operatingIncome": "574831000", "sellingGeneralAndAdministrative": "486139000", "researchAndDevelopment": "None", "operatingExpenses": "505443000", "investmentIncomeNet": "532000", "netInterestIncome": "-30686000", "interestIncome": "532000", "interestExpense": "30686000", "nonInterestIncome": "2393565000", "otherNonOperatingIncome": "-23004000", "depreciation": "None", "depreciationAndAmortization": "15907000", "incomeBeforeTax": "521673000", "incomeTaxExpense": "76746000", "interestAndDebtExpense": "30686000", "netIncomeFromContinuingOperations": "444927000", "comprehensiveIncomeNetOfTax": "442663000", "ebit": "552359000", "ebitda": "568266000", "netIncome": "444927000"}, {"fiscalDateEnding": "2021-06-30", "reportedCurrency": "USD", "grossProfit": "925445000", "totalRevenue": "1977006000", "costOfRevenue": "1548709000", "costofGoodsAndServicesSold": "1063977000", "operatingIncome": "456675000", "sellingGeneralAndAdministrative": "467629000", "researchAndDevelopment": "None", "operatingExpenses": "484732000", "investmentIncomeNet": "619000", "netInterestIncome": "-31684000", "interestIncome": "619000", "interestExpense": "31684000", "nonInterestIncome": "2008690000", "otherNonOperatingIncome": "-7194000", "depreciation": "None", "depreciationAndAmortization": "13634000", "incomeBeforeTax": "418416000", "incomeTaxExpense": "117186000", "interestAndDebtExpense": "31684000", "netIncomeFromContinuingOperations": "301230000", "comprehensiveIncomeNetOfTax": "334100000", "ebit": "450100000", "ebitda": "463734000", "netIncome": "301230000"}, {"fiscalDateEnding": "2021-03-31", "reportedCurrency": "USD", "grossProfit": "1048951000", "totalRevenue": "2274273000", "costOfRevenue": "1762272000", "costofGoodsAndServicesSold": "1246997000", "operatingIncome": "553044000", "sellingGeneralAndAdministrative": "494665000", "researchAndDevelopment": "None", "operatingExpenses": "515275000", "investmentIncomeNet": "610000", "netInterestIncome": "-37046000", "interestIncome": "610000", "interestExpense": "37046000", "nonInterestIncome": "2311319000", "otherNonOperatingIncome": "-2414000", "depreciation": "None", "depreciationAndAmortization": "13683000", "incomeBeforeTax": "513122000", "incomeTaxExpense": "117323000", "interestAndDebtExpense": "37046000", "netIncomeFromContinuingOperations": "396871000", "comprehensiveIncomeNetOfTax": "404875000", "ebit": "550168000", "ebitda": "563851000", "netIncome": "395799000"}, {"fiscalDateEnding": "2020-12-31", "reportedCurrency": "USD", "grossProfit": "962071000", "totalRevenue": "2185244000", "costOfRevenue": "1223173000", "costofGoodsAndServicesSold": "1223173000", "operatingIncome": "405115000", "sellingGeneralAndAdministrative": "537978000", "researchAndDevelopment": "None", "operatingExpenses": "618796000", "investmentIncomeNet": "938000", "netInterestIncome": "-38720000", "interestIncome": "-37782000", "interestExpense": "38720000", "nonInterestIncome": "2196544000", "otherNonOperatingIncome": "-103933000", "depreciation": "None", "depreciationAndAmortization": "13898000", "incomeBeforeTax": "263457000", "incomeTaxExpense": "-27930000", "interestAndDebtExpense": "38720000", "netIncomeFromContinuingOperations": "962071000", "comprehensiveIncomeNetOfTax": "305612000", "ebit": "302177000", "ebitda": "316075000", "netIncome": "291387000"}, {"fiscalDateEnding": "2020-09-30", "reportedCurrency": "USD", "grossProfit": "1080024000", "totalRevenue": "2219829000", "costOfRevenue": "1139805000", "costofGoodsAndServicesSold": "1139805000", "operatingIncome": "611410000", "sellingGeneralAndAdministrative": "468614000", "researchAndDevelopment": "None", "operatingExpenses": "482191000", "investmentIncomeNet": "798000", "netInterestIncome": "-38056000", "interestIncome": "-37258000", "interestExpense": "38056000", "nonInterestIncome": "2297949000", "otherNonOperatingIncome": "-11644000", "depreciation": "None", "depreciationAndAmortization": "13577000", "incomeBeforeTax": "562533000", "incomeTaxExpense": "115250000", "interestAndDebtExpense": "38056000", "netIncomeFromContinuingOperations": "447258000", "comprehensiveIncomeNetOfTax": "462169000", "ebit": "600589000", "ebitda": "614166000", "netIncome": "447283000"}, {"fiscalDateEnding": "2020-06-30", "reportedCurrency": "USD", "grossProfit": "792552000", "totalRevenue": "1707329000", "costOfRevenue": "914777000", "costofGoodsAndServicesSold": "914777000", "operatingIncome": "383373000", "sellingGeneralAndAdministrative": "408949000", "researchAndDevelopment": "None", "operatingExpenses": "425353000", "investmentIncomeNet": "777000", "netInterestIncome": "-38856000", "interestIncome": "777000", "interestExpense": "38856000", "nonInterestIncome": "1714025000", "otherNonOperatingIncome": "-11217000", "depreciation": "None", "depreciationAndAmortization": "13529000", "incomeBeforeTax": "334936000", "incomeTaxExpense": "66035000", "interestAndDebtExpense": "38856000", "netIncomeFromContinuingOperations": "268042000", "comprehensiveIncomeNetOfTax": "267449000", "ebit": "373792000", "ebitda": "387321000", "netIncome": "268901000"}, {"fiscalDateEnding": "2020-03-31", "reportedCurrency": "USD", "grossProfit": "866622000", "totalRevenue": "2037317000", "costOfRevenue": "1170695000", "costofGoodsAndServicesSold": "1170695000", "operatingIncome": "382800000", "sellingGeneralAndAdministrative": "475384000", "researchAndDevelopment": "None", "operatingExpenses": "497492000", "investmentIncomeNet": "1584000", "netInterestIncome": "-37839000", "interestIncome": "1584000", "interestExpense": "37839000", "nonInterestIncome": "1951144000", "otherNonOperatingIncome": "-11533000", "depreciation": "None", "depreciationAndAmortization": "13670000", "incomeBeforeTax": "337366000", "incomeTaxExpense": "66229000", "interestAndDebtExpense": "37839000", "netIncomeFromContinuingOperations": "268783000", "comprehensiveIncomeNetOfTax": "229362000", "ebit": "375205000", "ebitda": "388875000", "netIncome": "271137000"}, {"fiscalDateEnding": "2019-12-31", "reportedCurrency": "USD", "grossProfit": "911912000", "totalRevenue": "2068125000", "costOfRevenue": "1156213000", "costofGoodsAndServicesSold": "1156213000", "operatingIncome": "286198000", "sellingGeneralAndAdministrative": "517200000", "researchAndDevelopment": "37146000", "operatingExpenses": "674161000", "investmentIncomeNet": "1145000", "netInterestIncome": "-38580000", "interestIncome": "1145000", "interestExpense": "38580000", "nonInterestIncome": "2088268000", "otherNonOperatingIncome": "-34442000", "depreciation": "None", "depreciationAndAmortization": "11301000", "incomeBeforeTax": "217090000", "incomeTaxExpense": "9903000", "interestAndDebtExpense": "38580000", "netIncomeFromContinuingOperations": "911912000", "comprehensiveIncomeNetOfTax": "207362000", "ebit": "255670000", "ebitda": "266971000", "netIncome": "207187000"}, {"fiscalDateEnding": "2019-09-30", "reportedCurrency": "USD", "grossProfit": "943318000", "totalRevenue": "2134422000", "costOfRevenue": "1191104000", "costofGoodsAndServicesSold": "1191104000", "operatingIncome": "460815000", "sellingGeneralAndAdministrative": "481363000", "researchAndDevelopment": "37146000", "operatingExpenses": "497452000", "investmentIncomeNet": "879000", "netInterestIncome": "-36335000", "interestIncome": "879000", "interestExpense": "36335000", "nonInterestIncome": "2124320000", "otherNonOperatingIncome": "-17999000", "depreciation": "None", "depreciationAndAmortization": "14483000", "incomeBeforeTax": "407485000", "incomeTaxExpense": "82178000", "interestAndDebtExpense": "36335000", "netIncomeFromContinuingOperations": "325182000", "comprehensiveIncomeNetOfTax": "337902000", "ebit": "443820000", "ebitda": "458303000", "netIncome": "325307000"}, {"fiscalDateEnding": "2019-06-30", "reportedCurrency": "USD", "grossProfit": "874744000", "totalRevenue": "1767217000", "costOfRevenue": "892473000", "costofGoodsAndServicesSold": "892473000", "operatingIncome": "410070000", "sellingGeneralAndAdministrative": "453793000", "researchAndDevelopment": "37146000", "operatingExpenses": "479468000", "investmentIncomeNet": "4025000", "netInterestIncome": "-37801000", "interestIncome": "4025000", "interestExpense": "37801000", "nonInterestIncome": "52935000", "otherNonOperatingIncome": "-13125000", "depreciation": "None", "depreciationAndAmortization": "14556000", "incomeBeforeTax": "362738000", "incomeTaxExpense": "49898000", "interestAndDebtExpense": "37801000", "netIncomeFromContinuingOperations": "313271000", "comprehensiveIncomeNetOfTax": "324624000", "ebit": "400539000", "ebitda": "415095000", "netIncome": "312840000"}, {"fiscalDateEnding": "2019-03-31", "reportedCurrency": "USD", "grossProfit": "892504000", "totalRevenue": "2016488000", "costOfRevenue": "1123984000", "costofGoodsAndServicesSold": "1123984000", "operatingIncome": "438869000", "sellingGeneralAndAdministrative": "453573000", "researchAndDevelopment": "37146000", "operatingExpenses": "467447000", "investmentIncomeNet": "1948000", "netInterestIncome": "-39406000", "interestIncome": "1948000", "interestExpense": "39406000", "nonInterestIncome": "-23383000", "otherNonOperatingIncome": "-5477000", "depreciation": "None", "depreciationAndAmortization": "12238000", "incomeBeforeTax": "396411000", "incomeTaxExpense": "92053000", "interestAndDebtExpense": "39406000", "netIncomeFromContinuingOperations": "303881000", "comprehensiveIncomeNetOfTax": "312618000", "ebit": "435817000", "ebitda": "448055000", "netIncome": "304358000"}, {"fiscalDateEnding": "2018-12-31", "reportedCurrency": "USD", "grossProfit": "944352000", "totalRevenue": "1987902000", "costOfRevenue": "1043550000", "costofGoodsAndServicesSold": "1043550000", "operatingIncome": "421165000", "sellingGeneralAndAdministrative": "486036000", "researchAndDevelopment": "38521000", "operatingExpenses": "573323000", "investmentIncomeNet": "2175000", "netInterestIncome": "-39805000", "interestIncome": "None", "interestExpense": "39805000", "nonInterestIncome": "68762000", "otherNonOperatingIncome": "-39565000", "depreciation": "None", "depreciationAndAmortization": "10697000", "incomeBeforeTax": "349161000", "incomeTaxExpense": "12370000", "interestAndDebtExpense": "39805000", "netIncomeFromContinuingOperations": "944352000", "comprehensiveIncomeNetOfTax": "315939000", "ebit": "388966000", "ebitda": "399663000", "netIncome": "336791000"}, {"fiscalDateEnding": "2018-09-30", "reportedCurrency": "USD", "grossProfit": "863493000", "totalRevenue": "2079593000", "costOfRevenue": "1216100000", "costofGoodsAndServicesSold": "1216100000", "operatingIncome": "406263000", "sellingGeneralAndAdministrative": "453921000", "researchAndDevelopment": "38521000", "operatingExpenses": "476566000", "investmentIncomeNet": "1819000", "netInterestIncome": "-38735000", "interestIncome": "None", "interestExpense": "38735000", "nonInterestIncome": "-68148000", "otherNonOperatingIncome": "-12493000", "depreciation": "None", "depreciationAndAmortization": "9573000", "incomeBeforeTax": "355154000", "incomeTaxExpense": "91441000", "interestAndDebtExpense": "38735000", "netIncomeFromContinuingOperations": "265413000", "comprehensiveIncomeNetOfTax": "295604000", "ebit": "393889000", "ebitda": "403462000", "netIncome": "263713000"}, {"fiscalDateEnding": "2018-06-30", "reportedCurrency": "USD", "grossProfit": "793420000", "totalRevenue": "1751615000", "costOfRevenue": "958195000", "costofGoodsAndServicesSold": "958195000", "operatingIncome": "315724000", "sellingGeneralAndAdministrative": "449548000", "researchAndDevelopment": "38521000", "operatingExpenses": "501846000", "investmentIncomeNet": "1812000", "netInterestIncome": "-36764000", "interestIncome": "None", "interestExpense": "36764000", "nonInterestIncome": "1519000", "otherNonOperatingIncome": "-20766000", "depreciation": "None", "depreciationAndAmortization": "9834000", "incomeBeforeTax": "263542000", "incomeTaxExpense": "36687000", "interestAndDebtExpense": "36764000", "netIncomeFromContinuingOperations": "793420000", "comprehensiveIncomeNetOfTax": "213512000", "ebit": "300306000", "ebitda": "310140000", "netIncome": "226855000"}, {"fiscalDateEnding": "2018-03-31", "reportedCurrency": "USD", "grossProfit": "974060000", "totalRevenue": "1971959000", "costOfRevenue": "997899000", "costofGoodsAndServicesSold": "997899000", "operatingIncome": "480512000", "sellingGeneralAndAdministrative": "485324000", "researchAndDevelopment": "None", "operatingExpenses": "510160000", "investmentIncomeNet": "2215000", "netInterestIncome": "-31554000", "interestIncome": "None", "interestExpense": "31554000", "nonInterestIncome": "66045000", "otherNonOperatingIncome": "-1942000", "depreciation": "None", "depreciationAndAmortization": "8451000", "incomeBeforeTax": "448715000", "incomeTaxExpense": "98512000", "interestAndDebtExpense": "31554000", "netIncomeFromContinuingOperations": "974060000", "comprehensiveIncomeNetOfTax": "309474000", "ebit": "480269000", "ebitda": "488720000", "netIncome": "350203000"}, {"fiscalDateEnding": "2017-12-31", "reportedCurrency": "USD", "grossProfit": "837241000", "totalRevenue": "1939636000", "costOfRevenue": "1102395000", "costofGoodsAndServicesSold": "1102395000", "operatingIncome": "334216000", "sellingGeneralAndAdministrative": "505280000", "researchAndDevelopment": "45850000", "operatingExpenses": "584109000", "investmentIncomeNet": "924000", "netInterestIncome": "-26750000", "interestIncome": "None", "interestExpense": "26750000", "nonInterestIncome": "-11714000", "otherNonOperatingIncome": "-48001000", "depreciation": "None", "depreciationAndAmortization": "5408000", "incomeBeforeTax": "259973000", "incomeTaxExpense": "78840000", "interestAndDebtExpense": "26750000", "netIncomeFromContinuingOperations": "834527000", "comprehensiveIncomeNetOfTax": "204414000", "ebit": "286723000", "ebitda": "292131000", "netIncome": "181133000"}, {"fiscalDateEnding": "2017-09-30", "reportedCurrency": "USD", "grossProfit": "942936000", "totalRevenue": "2033121000", "costOfRevenue": "1090185000", "costofGoodsAndServicesSold": "1090185000", "operatingIncome": "461464000", "sellingGeneralAndAdministrative": "477452000", "researchAndDevelopment": "None", "operatingExpenses": "491119000", "investmentIncomeNet": "333000", "netInterestIncome": "-24922000", "interestIncome": "None", "interestExpense": "24922000", "nonInterestIncome": "-2085000", "otherNonOperatingIncome": "-36074000", "depreciation": "None", "depreciationAndAmortization": "5410000", "incomeBeforeTax": "400091000", "incomeTaxExpense": "126788000", "interestAndDebtExpense": "24922000", "netIncomeFromContinuingOperations": "940222000", "comprehensiveIncomeNetOfTax": "292239000", "ebit": "425013000", "ebitda": "430423000", "netIncome": "273303000"}, {"fiscalDateEnding": "2017-06-30", "reportedCurrency": "USD", "grossProfit": "765847000", "totalRevenue": "1662991000", "costOfRevenue": "897144000", "costofGoodsAndServicesSold": "897144000", "operatingIncome": "320492000", "sellingGeneralAndAdministrative": "443374000", "researchAndDevelopment": "None", "operatingExpenses": "463235000", "investmentIncomeNet": "298000", "netInterestIncome": "-24424000", "interestIncome": "None", "interestExpense": "24424000", "nonInterestIncome": "-33107000", "otherNonOperatingIncome": "-15249000", "depreciation": "None", "depreciationAndAmortization": "5407000", "incomeBeforeTax": "281891000", "incomeTaxExpense": "78390000", "interestAndDebtExpense": "24424000", "netIncomeFromContinuingOperations": "763210000", "comprehensiveIncomeNetOfTax": "204947000", "ebit": "306315000", "ebitda": "311722000", "netIncome": "203501000"}, {"fiscalDateEnding": "2017-03-31", "reportedCurrency": "USD", "grossProfit": "909352000", "totalRevenue": "1879678000", "costOfRevenue": "970326000", "costofGoodsAndServicesSold": "970326000", "operatingIncome": "197237000", "sellingGeneralAndAdministrative": "459386000", "researchAndDevelopment": "None", "operatingExpenses": "722237000", "investmentIncomeNet": "229000", "netInterestIncome": "-23970000", "interestIncome": "None", "interestExpense": "23970000", "nonInterestIncome": "-4354000", "otherNonOperatingIncome": "-5135000", "depreciation": "None", "depreciationAndAmortization": "7151000", "incomeBeforeTax": "195157000", "incomeTaxExpense": "70113000", "interestAndDebtExpense": "23970000", "netIncomeFromContinuingOperations": "906560000", "comprehensiveIncomeNetOfTax": "143522000", "ebit": "219127000", "ebitda": "226278000", "netIncome": "125044000"}, {"fiscalDateEnding": "2016-12-31", "reportedCurrency": "USD", "grossProfit": "742269000", "totalRevenue": "2074120000", "costOfRevenue": "1793240000", "costofGoodsAndServicesSold": "1216327000", "operatingIncome": "278878000", "sellingGeneralAndAdministrative": "482546000", "researchAndDevelopment": "47268000", "operatingExpenses": "612533000", "investmentIncomeNet": "833000", "netInterestIncome": "-24246000", "interestIncome": "None", "interestExpense": "24246000", "nonInterestIncome": "36174000", "otherNonOperatingIncome": "-56846000", "depreciation": "None", "depreciationAndAmortization": "7876000", "incomeBeforeTax": "198619000", "incomeTaxExpense": "81766000", "interestAndDebtExpense": "24246000", "netIncomeFromContinuingOperations": "742269000", "comprehensiveIncomeNetOfTax": "137787000", "ebit": "222865000", "ebitda": "230741000", "netIncome": "116853000"}]}