{"symbol": "HUM", "annualReports": [{"fiscalDateEnding": "2020-12-31", "reportedCurrency": "USD", "grossProfit": "67029000000", "totalRevenue": "77155000000", "costOfRevenue": "10126000000", "costofGoodsAndServicesSold": "None", "operatingIncome": "4986000000", "sellingGeneralAndAdministrative": "10052000000", "researchAndDevelopment": "None", "operatingExpenses": "10140000000", "investmentIncomeNet": "1154000000", "netInterestIncome": "-283000000", "interestIncome": "-283000000", "interestExpense": "283000000", "nonInterestIncome": "76001000000", "otherNonOperatingIncome": "-103000000", "depreciation": "528000000", "depreciationAndAmortization": "88000000", "incomeBeforeTax": "4674000000", "incomeTaxExpense": "1307000000", "interestAndDebtExpense": "283000000", "netIncomeFromContinuingOperations": "3367000000", "comprehensiveIncomeNetOfTax": "3602000000", "ebit": "4957000000", "ebitda": "5045000000", "netIncome": "3367000000"}, {"fiscalDateEnding": "2019-12-31", "reportedCurrency": "USD", "grossProfit": "59152000000", "totalRevenue": "64888000000", "costOfRevenue": "5736000000", "costofGoodsAndServicesSold": "53857000000", "operatingIncome": "3192000000", "sellingGeneralAndAdministrative": "7381000000", "researchAndDevelopment": "None", "operatingExpenses": "7498000000", "investmentIncomeNet": "501000000", "netInterestIncome": "-242000000", "interestIncome": "-242000000", "interestExpense": "242000000", "nonInterestIncome": "64449000000", "otherNonOperatingIncome": "506000000", "depreciation": "505000000", "depreciationAndAmortization": "70000000", "incomeBeforeTax": "3470000000", "incomeTaxExpense": "763000000", "interestAndDebtExpense": "242000000", "netIncomeFromContinuingOperations": "2707000000", "comprehensiveIncomeNetOfTax": "3022000000", "ebit": "3712000000", "ebitda": "3782000000", "netIncome": "2707000000"}, {"fiscalDateEnding": "2018-12-31", "reportedCurrency": "USD", "grossProfit": "50843000000", "totalRevenue": "56912000000", "costOfRevenue": "6069000000", "costofGoodsAndServicesSold": "45882000000", "operatingIncome": "3100000000", "sellingGeneralAndAdministrative": "7525000000", "researchAndDevelopment": "None", "operatingExpenses": "8803000000", "investmentIncomeNet": "514000000", "netInterestIncome": "-218000000", "interestIncome": "-218000000", "interestExpense": "218000000", "nonInterestIncome": "55734000000", "otherNonOperatingIncome": "-33000000", "depreciation": "444000000", "depreciationAndAmortization": "444000000", "incomeBeforeTax": "2074000000", "incomeTaxExpense": "391000000", "interestAndDebtExpense": "218000000", "netIncomeFromContinuingOperations": "1683000000", "comprehensiveIncomeNetOfTax": "1505000000", "ebit": "2292000000", "ebitda": "2736000000", "netIncome": "1683000000"}, {"fiscalDateEnding": "2017-12-31", "reportedCurrency": "USD", "grossProfit": "48281000000", "totalRevenue": "53767000000", "costOfRevenue": "5486000000", "costofGoodsAndServicesSold": "43496000000", "operatingIncome": "4262000000", "sellingGeneralAndAdministrative": "6567000000", "researchAndDevelopment": "None", "operatingExpenses": "7145000000", "investmentIncomeNet": "405000000", "netInterestIncome": "-242000000", "interestIncome": "-242000000", "interestExpense": "242000000", "nonInterestIncome": "52413000000", "otherNonOperatingIncome": "0", "depreciation": "410000000", "depreciationAndAmortization": "410000000", "incomeBeforeTax": "4020000000", "incomeTaxExpense": "1572000000", "interestAndDebtExpense": "242000000", "netIncomeFromContinuingOperations": "2448000000", "comprehensiveIncomeNetOfTax": "2533000000", "ebit": "4262000000", "ebitda": "4672000000", "netIncome": "2448000000"}, {"fiscalDateEnding": "2016-12-31", "reportedCurrency": "USD", "grossProfit": "47742000000", "totalRevenue": "54379000000", "costOfRevenue": "6637000000", "costofGoodsAndServicesSold": "45007000000", "operatingIncome": "1741000000", "sellingGeneralAndAdministrative": "7173000000", "researchAndDevelopment": "None", "operatingExpenses": "7704000000", "investmentIncomeNet": "389000000", "netInterestIncome": "-189000000", "interestIncome": "-189000000", "interestExpense": "189000000", "nonInterestIncome": "53047000000", "otherNonOperatingIncome": "0", "depreciation": "388000000", "depreciationAndAmortization": "388000000", "incomeBeforeTax": "1552000000", "incomeTaxExpense": "938000000", "interestAndDebtExpense": "189000000", "netIncomeFromContinuingOperations": "614000000", "comprehensiveIncomeNetOfTax": "490000000", "ebit": "1741000000", "ebitda": "2129000000", "netIncome": "614000000"}], "quarterlyReports": [{"fiscalDateEnding": "2021-09-30", "reportedCurrency": "USD", "grossProfit": "18077000000", "totalRevenue": "20697000000", "costOfRevenue": "2620000000", "costofGoodsAndServicesSold": "845000000", "operatingIncome": "628000000", "sellingGeneralAndAdministrative": "2603000000", "researchAndDevelopment": "None", "operatingExpenses": "2620000000", "investmentIncomeNet": "None", "netInterestIncome": "-88000000", "interestIncome": "-88000000", "interestExpense": "88000000", "nonInterestIncome": "20556000000", "otherNonOperatingIncome": "1096000000", "depreciation": "160000000", "depreciationAndAmortization": "17000000", "incomeBeforeTax": "1651000000", "incomeTaxExpense": "120000000", "interestAndDebtExpense": "88000000", "netIncomeFromContinuingOperations": "1531000000", "comprehensiveIncomeNetOfTax": "1460000000", "ebit": "1739000000", "ebitda": "1756000000", "netIncome": "1531000000"}, {"fiscalDateEnding": "2021-06-30", "reportedCurrency": "USD", "grossProfit": "18514000000", "totalRevenue": "20645000000", "costOfRevenue": "2131000000", "costofGoodsAndServicesSold": "491000000", "operatingIncome": "1236000000", "sellingGeneralAndAdministrative": "2116000000", "researchAndDevelopment": "None", "operatingExpenses": "2131000000", "investmentIncomeNet": "176000000", "netInterestIncome": "-79000000", "interestIncome": "-79000000", "interestExpense": "79000000", "nonInterestIncome": "20531000000", "otherNonOperatingIncome": "-419000000", "depreciation": "155000000", "depreciationAndAmortization": "15000000", "incomeBeforeTax": "771000000", "incomeTaxExpense": "183000000", "interestAndDebtExpense": "79000000", "netIncomeFromContinuingOperations": "588000000", "comprehensiveIncomeNetOfTax": "696000000", "ebit": "850000000", "ebitda": "865000000", "netIncome": "588000000"}, {"fiscalDateEnding": "2021-03-31", "reportedCurrency": "USD", "grossProfit": "18646000000", "totalRevenue": "20668000000", "costOfRevenue": "2022000000", "costofGoodsAndServicesSold": "None", "operatingIncome": "1223000000", "sellingGeneralAndAdministrative": "2007000000", "researchAndDevelopment": "None", "operatingExpenses": "2022000000", "investmentIncomeNet": "78000000", "netInterestIncome": "-68000000", "interestIncome": "-68000000", "interestExpense": "68000000", "nonInterestIncome": "20515000000", "otherNonOperatingIncome": "-115000000", "depreciation": "153000000", "depreciationAndAmortization": "15000000", "incomeBeforeTax": "1061000000", "incomeTaxExpense": "233000000", "interestAndDebtExpense": "68000000", "netIncomeFromContinuingOperations": "828000000", "comprehensiveIncomeNetOfTax": "545000000", "ebit": "1129000000", "ebitda": "1144000000", "netIncome": "828000000"}, {"fiscalDateEnding": "2020-12-31", "reportedCurrency": "USD", "grossProfit": "16804000000", "totalRevenue": "19062000000", "costOfRevenue": "2258000000", "costofGoodsAndServicesSold": "None", "operatingIncome": "-346000000", "sellingGeneralAndAdministrative": "3068000000", "researchAndDevelopment": "None", "operatingExpenses": "2272000000", "investmentIncomeNet": "214000000", "netInterestIncome": "-72000000", "interestIncome": "-72000000", "interestExpense": "72000000", "nonInterestIncome": "18152000000", "otherNonOperatingIncome": "-40000000", "depreciation": "138000000", "depreciationAndAmortization": "-796000000", "incomeBeforeTax": "-452000000", "incomeTaxExpense": "-178000000", "interestAndDebtExpense": "72000000", "netIncomeFromContinuingOperations": "-274000000", "comprehensiveIncomeNetOfTax": "-253000000", "ebit": "-380000000", "ebitda": "-1176000000", "netIncome": "-274000000"}, {"fiscalDateEnding": "2020-09-30", "reportedCurrency": "USD", "grossProfit": "17270000000", "totalRevenue": "20075000000", "costOfRevenue": "2805000000", "costofGoodsAndServicesSold": "None", "operatingIncome": "1823000000", "sellingGeneralAndAdministrative": "2513000000", "researchAndDevelopment": "None", "operatingExpenses": "2805000000", "investmentIncomeNet": "714000000", "netInterestIncome": "-75000000", "interestIncome": "-75000000", "interestExpense": "75000000", "nonInterestIncome": "19361000000", "otherNonOperatingIncome": "7000000", "depreciation": "138000000", "depreciationAndAmortization": "292000000", "incomeBeforeTax": "1790000000", "incomeTaxExpense": "450000000", "interestAndDebtExpense": "75000000", "netIncomeFromContinuingOperations": "1340000000", "comprehensiveIncomeNetOfTax": "1393000000", "ebit": "1865000000", "ebitda": "2157000000", "netIncome": "1340000000"}, {"fiscalDateEnding": "2020-06-30", "reportedCurrency": "USD", "grossProfit": "16443000000", "totalRevenue": "19083000000", "costOfRevenue": "2640000000", "costofGoodsAndServicesSold": "None", "operatingIncome": "2435000000", "sellingGeneralAndAdministrative": "2354000000", "researchAndDevelopment": "None", "operatingExpenses": "2640000000", "investmentIncomeNet": "77000000", "netInterestIncome": "-76000000", "interestIncome": "-76000000", "interestExpense": "76000000", "nonInterestIncome": "19008000000", "otherNonOperatingIncome": "227000000", "depreciation": "128000000", "depreciationAndAmortization": "286000000", "incomeBeforeTax": "2611000000", "incomeTaxExpense": "783000000", "interestAndDebtExpense": "76000000", "netIncomeFromContinuingOperations": "1828000000", "comprehensiveIncomeNetOfTax": "2097000000", "ebit": "2687000000", "ebitda": "2973000000", "netIncome": "1828000000"}, {"fiscalDateEnding": "2020-03-31", "reportedCurrency": "USD", "grossProfit": "16512000000", "totalRevenue": "18935000000", "costOfRevenue": "2423000000", "costofGoodsAndServicesSold": "None", "operatingIncome": "1074000000", "sellingGeneralAndAdministrative": "2117000000", "researchAndDevelopment": "None", "operatingExpenses": "2423000000", "investmentIncomeNet": "149000000", "netInterestIncome": "-60000000", "interestIncome": "-60000000", "interestExpense": "60000000", "nonInterestIncome": "18835000000", "otherNonOperatingIncome": "-297000000", "depreciation": "124000000", "depreciationAndAmortization": "306000000", "incomeBeforeTax": "725000000", "incomeTaxExpense": "252000000", "interestAndDebtExpense": "60000000", "netIncomeFromContinuingOperations": "473000000", "comprehensiveIncomeNetOfTax": "365000000", "ebit": "785000000", "ebitda": "1091000000", "netIncome": "473000000"}, {"fiscalDateEnding": "2019-12-31", "reportedCurrency": "USD", "grossProfit": "16295000000", "totalRevenue": "16295000000", "costOfRevenue": "102000000", "costofGoodsAndServicesSold": "13689000000", "operatingIncome": "362000000", "sellingGeneralAndAdministrative": "2129000000", "researchAndDevelopment": "None", "operatingExpenses": "1864000000", "investmentIncomeNet": "150000000", "netInterestIncome": "-58000000", "interestIncome": "-58000000", "interestExpense": "58000000", "nonInterestIncome": "16184000000", "otherNonOperatingIncome": "289000000", "depreciation": "123000000", "depreciationAndAmortization": "-312000000", "incomeBeforeTax": "591000000", "incomeTaxExpense": "79000000", "interestAndDebtExpense": "58000000", "netIncomeFromContinuingOperations": "593000000", "comprehensiveIncomeNetOfTax": "491000000", "ebit": "649000000", "ebitda": "337000000", "netIncome": "512000000"}, {"fiscalDateEnding": "2019-09-30", "reportedCurrency": "USD", "grossProfit": "14335000000", "totalRevenue": "16241000000", "costOfRevenue": "1906000000", "costofGoodsAndServicesSold": "13357000000", "operatingIncome": "868000000", "sellingGeneralAndAdministrative": "1889000000", "researchAndDevelopment": "None", "operatingExpenses": "1906000000", "investmentIncomeNet": "136000000", "netInterestIncome": "-62000000", "interestIncome": "-62000000", "interestExpense": "62000000", "nonInterestIncome": "16123000000", "otherNonOperatingIncome": "82000000", "depreciation": "142000000", "depreciationAndAmortization": "142000000", "incomeBeforeTax": "889000000", "incomeTaxExpense": "200000000", "interestAndDebtExpense": "62000000", "netIncomeFromContinuingOperations": "689000000", "comprehensiveIncomeNetOfTax": "754000000", "ebit": "951000000", "ebitda": "1093000000", "netIncome": "689000000"}, {"fiscalDateEnding": "2019-06-30", "reportedCurrency": "USD", "grossProfit": "14524000000", "totalRevenue": "16245000000", "costOfRevenue": "1721000000", "costofGoodsAndServicesSold": "13318000000", "operatingIncome": "1115000000", "sellingGeneralAndAdministrative": "1703000000", "researchAndDevelopment": "None", "operatingExpenses": "1721000000", "investmentIncomeNet": "114000000", "netInterestIncome": "-60000000", "interestIncome": "-60000000", "interestExpense": "60000000", "nonInterestIncome": "16138000000", "otherNonOperatingIncome": "174000000", "depreciation": "122000000", "depreciationAndAmortization": "122000000", "incomeBeforeTax": "1241000000", "incomeTaxExpense": "301000000", "interestAndDebtExpense": "60000000", "netIncomeFromContinuingOperations": "940000000", "comprehensiveIncomeNetOfTax": "1062000000", "ebit": "1301000000", "ebitda": "1423000000", "netIncome": "940000000"}, {"fiscalDateEnding": "2019-03-31", "reportedCurrency": "USD", "grossProfit": "14329000000", "totalRevenue": "16107000000", "costOfRevenue": "1778000000", "costofGoodsAndServicesSold": "13493000000", "operatingIncome": "847000000", "sellingGeneralAndAdministrative": "1660000000", "researchAndDevelopment": "None", "operatingExpenses": "1778000000", "investmentIncomeNet": "101000000", "netInterestIncome": "-62000000", "interestIncome": "-62000000", "interestExpense": "62000000", "nonInterestIncome": "16004000000", "otherNonOperatingIncome": "-39000000", "depreciation": "118000000", "depreciationAndAmortization": "118000000", "incomeBeforeTax": "749000000", "incomeTaxExpense": "183000000", "interestAndDebtExpense": "62000000", "netIncomeFromContinuingOperations": "566000000", "comprehensiveIncomeNetOfTax": "715000000", "ebit": "811000000", "ebitda": "929000000", "netIncome": "566000000"}, {"fiscalDateEnding": "2018-12-31", "reportedCurrency": "USD", "grossProfit": "14168000000", "totalRevenue": "14168000000", "costOfRevenue": "316000000", "costofGoodsAndServicesSold": "11433000000", "operatingIncome": "517000000", "sellingGeneralAndAdministrative": "2115000000", "researchAndDevelopment": "None", "operatingExpenses": "2265000000", "investmentIncomeNet": "96000000", "netInterestIncome": "-59000000", "interestIncome": "None", "interestExpense": "59000000", "nonInterestIncome": "14104000000", "otherNonOperatingIncome": "-22000000", "depreciation": "None", "depreciationAndAmortization": "114000000", "incomeBeforeTax": "438000000", "incomeTaxExpense": "83000000", "interestAndDebtExpense": "59000000", "netIncomeFromContinuingOperations": "436000000", "comprehensiveIncomeNetOfTax": "402000000", "ebit": "497000000", "ebitda": "611000000", "netIncome": "355000000"}, {"fiscalDateEnding": "2018-09-30", "reportedCurrency": "USD", "grossProfit": "12287000000", "totalRevenue": "14206000000", "costOfRevenue": "1919000000", "costofGoodsAndServicesSold": "11243000000", "operatingIncome": "961000000", "sellingGeneralAndAdministrative": "1900000000", "researchAndDevelopment": "None", "operatingExpenses": "1915000000", "investmentIncomeNet": "113000000", "netInterestIncome": "-53000000", "interestIncome": "None", "interestExpense": "53000000", "nonInterestIncome": "14105000000", "otherNonOperatingIncome": "-11000000", "depreciation": "None", "depreciationAndAmortization": "112000000", "incomeBeforeTax": "910000000", "incomeTaxExpense": "266000000", "interestAndDebtExpense": "53000000", "netIncomeFromContinuingOperations": "644000000", "comprehensiveIncomeNetOfTax": "614000000", "ebit": "963000000", "ebitda": "1075000000", "netIncome": "644000000"}, {"fiscalDateEnding": "2018-06-30", "reportedCurrency": "USD", "grossProfit": "12477000000", "totalRevenue": "14259000000", "costOfRevenue": "1782000000", "costofGoodsAndServicesSold": "11536000000", "operatingIncome": "862000000", "sellingGeneralAndAdministrative": "1761000000", "researchAndDevelopment": "None", "operatingExpenses": "1782000000", "investmentIncomeNet": "164000000", "netInterestIncome": "-53000000", "interestIncome": "None", "interestExpense": "53000000", "nonInterestIncome": "14148000000", "otherNonOperatingIncome": "0", "depreciation": "None", "depreciationAndAmortization": "109000000", "incomeBeforeTax": "19000000", "incomeTaxExpense": "-174000000", "interestAndDebtExpense": "53000000", "netIncomeFromContinuingOperations": "193000000", "comprehensiveIncomeNetOfTax": "171000000", "ebit": "72000000", "ebitda": "181000000", "netIncome": "193000000"}, {"fiscalDateEnding": "2018-03-31", "reportedCurrency": "USD", "grossProfit": "12419000000", "totalRevenue": "14279000000", "costOfRevenue": "1860000000", "costofGoodsAndServicesSold": "11670000000", "operatingIncome": "760000000", "sellingGeneralAndAdministrative": "1749000000", "researchAndDevelopment": "None", "operatingExpenses": "1870000000", "investmentIncomeNet": "141000000", "netInterestIncome": "-53000000", "interestIncome": "None", "interestExpense": "53000000", "nonInterestIncome": "13811000000", "otherNonOperatingIncome": "0", "depreciation": "None", "depreciationAndAmortization": "109000000", "incomeBeforeTax": "707000000", "incomeTaxExpense": "216000000", "interestAndDebtExpense": "53000000", "netIncomeFromContinuingOperations": "491000000", "comprehensiveIncomeNetOfTax": "318000000", "ebit": "760000000", "ebitda": "869000000", "netIncome": "491000000"}, {"fiscalDateEnding": "2017-12-31", "reportedCurrency": "USD", "grossProfit": "13189000000", "totalRevenue": "13189000000", "costOfRevenue": "520000000", "costofGoodsAndServicesSold": "10611000000", "operatingIncome": "566000000", "sellingGeneralAndAdministrative": "1873000000", "researchAndDevelopment": "None", "operatingExpenses": "2148000000", "investmentIncomeNet": "89000000", "netInterestIncome": "-76000000", "interestIncome": "None", "interestExpense": "76000000", "nonInterestIncome": "12857000000", "otherNonOperatingIncome": "0", "depreciation": "None", "depreciationAndAmortization": "107000000", "incomeBeforeTax": "490000000", "incomeTaxExpense": "306000000", "interestAndDebtExpense": "76000000", "netIncomeFromContinuingOperations": "490000000", "comprehensiveIncomeNetOfTax": "191000000", "ebit": "566000000", "ebitda": "673000000", "netIncome": "184000000"}, {"fiscalDateEnding": "2017-09-30", "reportedCurrency": "USD", "grossProfit": "11452000000", "totalRevenue": "13282000000", "costOfRevenue": "1830000000", "costofGoodsAndServicesSold": "10616000000", "operatingIncome": "858000000", "sellingGeneralAndAdministrative": "1688000000", "researchAndDevelopment": "None", "operatingExpenses": "1830000000", "investmentIncomeNet": "104000000", "netInterestIncome": "-59000000", "interestIncome": "None", "interestExpense": "59000000", "nonInterestIncome": "12955000000", "otherNonOperatingIncome": "0", "depreciation": "None", "depreciationAndAmortization": "102000000", "incomeBeforeTax": "799000000", "incomeTaxExpense": "300000000", "interestAndDebtExpense": "59000000", "netIncomeFromContinuingOperations": "499000000", "comprehensiveIncomeNetOfTax": "516000000", "ebit": "858000000", "ebitda": "960000000", "netIncome": "499000000"}, {"fiscalDateEnding": "2017-06-30", "reportedCurrency": "USD", "grossProfit": "12063000000", "totalRevenue": "13534000000", "costOfRevenue": "1471000000", "costofGoodsAndServicesSold": "10862000000", "operatingIncome": "1100000000", "sellingGeneralAndAdministrative": "1453000000", "researchAndDevelopment": "None", "operatingExpenses": "1471000000", "investmentIncomeNet": "101000000", "netInterestIncome": "-58000000", "interestIncome": "None", "interestExpense": "58000000", "nonInterestIncome": "13203000000", "otherNonOperatingIncome": "None", "depreciation": "None", "depreciationAndAmortization": "101000000", "incomeBeforeTax": "1042000000", "incomeTaxExpense": "392000000", "interestAndDebtExpense": "58000000", "netIncomeFromContinuingOperations": "650000000", "comprehensiveIncomeNetOfTax": "703000000", "ebit": "1100000000", "ebitda": "1201000000", "netIncome": "650000000"}, {"fiscalDateEnding": "2017-03-31", "reportedCurrency": "USD", "grossProfit": "12132000000", "totalRevenue": "13762000000", "costOfRevenue": "1630000000", "costofGoodsAndServicesSold": "11300000000", "operatingIncome": "1738000000", "sellingGeneralAndAdministrative": "1553000000", "researchAndDevelopment": "None", "operatingExpenses": "1653000000", "investmentIncomeNet": "111000000", "netInterestIncome": "-49000000", "interestIncome": "None", "interestExpense": "49000000", "nonInterestIncome": "13398000000", "otherNonOperatingIncome": "None", "depreciation": "None", "depreciationAndAmortization": "100000000", "incomeBeforeTax": "1689000000", "incomeTaxExpense": "574000000", "interestAndDebtExpense": "49000000", "netIncomeFromContinuingOperations": "1115000000", "comprehensiveIncomeNetOfTax": "1123000000", "ebit": "1738000000", "ebitda": "1838000000", "netIncome": "1115000000"}, {"fiscalDateEnding": "2016-12-31", "reportedCurrency": "USD", "grossProfit": "12878000000", "totalRevenue": "12878000000", "costOfRevenue": "1095000000", "costofGoodsAndServicesSold": "11175000000", "operatingIncome": "-438000000", "sellingGeneralAndAdministrative": "2001000000", "researchAndDevelopment": "None", "operatingExpenses": "2162000000", "investmentIncomeNet": "98000000", "netInterestIncome": "-48000000", "interestIncome": "None", "interestExpense": "48000000", "nonInterestIncome": "12586000000", "otherNonOperatingIncome": "None", "depreciation": "None", "depreciationAndAmortization": "99000000", "incomeBeforeTax": "-486000000", "incomeTaxExpense": "-85000000", "interestAndDebtExpense": "48000000", "netIncomeFromContinuingOperations": "-486000000", "comprehensiveIncomeNetOfTax": "-579000000", "ebit": "-438000000", "ebitda": "-339000000", "netIncome": "-401000000"}]}