{"symbol": "HWM", "annualReports": [{"fiscalDateEnding": "2020-12-31", "reportedCurrency": "USD", "grossProfit": "250000000", "totalRevenue": "4881000000", "costOfRevenue": "4631000000", "costofGoodsAndServicesSold": "3878000000", "operatingIncome": "626000000", "sellingGeneralAndAdministrative": "277000000", "researchAndDevelopment": "17000000", "operatingExpenses": "768000000", "investmentIncomeNet": "None", "netInterestIncome": "-381000000", "interestIncome": "-381000000", "interestExpense": "381000000", "nonInterestIncome": "5262000000", "otherNonOperatingIncome": "-46000000", "depreciation": "236000000", "depreciationAndAmortization": "279000000", "incomeBeforeTax": "221000000", "incomeTaxExpense": "-40000000", "interestAndDebtExpense": "381000000", "netIncomeFromContinuingOperations": "211000000", "comprehensiveIncomeNetOfTax": "277000000", "ebit": "602000000", "ebitda": "881000000", "netIncome": "261000000"}, {"fiscalDateEnding": "2019-12-31", "reportedCurrency": "USD", "grossProfit": "218000000", "totalRevenue": "13875000000", "costOfRevenue": "13657000000", "costofGoodsAndServicesSold": "11227000000", "operatingIncome": "579000000", "sellingGeneralAndAdministrative": "400000000", "researchAndDevelopment": "28000000", "operatingExpenses": "2507000000", "investmentIncomeNet": "None", "netInterestIncome": "-338000000", "interestIncome": "25000000", "interestExpense": "338000000", "nonInterestIncome": "14213000000", "otherNonOperatingIncome": "1000000", "depreciation": "234000000", "depreciationAndAmortization": "295000000", "incomeBeforeTax": "554000000", "incomeTaxExpense": "84000000", "interestAndDebtExpense": "338000000", "netIncomeFromContinuingOperations": "126000000", "comprehensiveIncomeNetOfTax": "69000000", "ebit": "892000000", "ebitda": "1187000000", "netIncome": "470000000"}, {"fiscalDateEnding": "2018-12-31", "reportedCurrency": "USD", "grossProfit": "26531000000", "totalRevenue": "27733000000", "costOfRevenue": "1202000000", "costofGoodsAndServicesSold": "11397000000", "operatingIncome": "775000000", "sellingGeneralAndAdministrative": "371000000", "researchAndDevelopment": "41000000", "operatingExpenses": "1315000000", "investmentIncomeNet": "None", "netInterestIncome": "-378000000", "interestIncome": "-1000000", "interestExpense": "377000000", "nonInterestIncome": "28111000000", "otherNonOperatingIncome": "38000000", "depreciation": "253000000", "depreciationAndAmortization": "314000000", "incomeBeforeTax": "761000000", "incomeTaxExpense": "119000000", "interestAndDebtExpense": "378000000", "netIncomeFromContinuingOperations": "309000000", "comprehensiveIncomeNetOfTax": "727000000", "ebit": "1138000000", "ebitda": "1452000000", "netIncome": "642000000"}, {"fiscalDateEnding": "2017-12-31", "reportedCurrency": "USD", "grossProfit": "11349000000", "totalRevenue": "12925000000", "costOfRevenue": "1576000000", "costofGoodsAndServicesSold": "551000000", "operatingIncome": "480000000", "sellingGeneralAndAdministrative": "715000000", "researchAndDevelopment": "109000000", "operatingExpenses": "623000000", "investmentIncomeNet": "19000000", "netInterestIncome": "-496000000", "interestIncome": "19000000", "interestExpense": "496000000", "nonInterestIncome": "461000000", "otherNonOperatingIncome": "103000000", "depreciation": "None", "depreciationAndAmortization": "551000000", "incomeBeforeTax": "470000000", "incomeTaxExpense": "544000000", "interestAndDebtExpense": "496000000", "netIncomeFromContinuingOperations": "-127000000", "comprehensiveIncomeNetOfTax": "-148000000", "ebit": "966000000", "ebitda": "1517000000", "netIncome": "-74000000"}, {"fiscalDateEnding": "2016-12-31", "reportedCurrency": "USD", "grossProfit": "10115000000", "totalRevenue": "11892000000", "costOfRevenue": "1777000000", "costofGoodsAndServicesSold": "535000000", "operatingIncome": "954000000", "sellingGeneralAndAdministrative": "924000000", "researchAndDevelopment": "130000000", "operatingExpenses": "1218000000", "investmentIncomeNet": "16000000", "netInterestIncome": "-499000000", "interestIncome": "16000000", "interestExpense": "499000000", "nonInterestIncome": "-3000000", "otherNonOperatingIncome": "85000000", "depreciation": "None", "depreciationAndAmortization": "535000000", "incomeBeforeTax": "535000000", "incomeTaxExpense": "1476000000", "interestAndDebtExpense": "499000000", "netIncomeFromContinuingOperations": "-1131000000", "comprehensiveIncomeNetOfTax": "-1385000000", "ebit": "1034000000", "ebitda": "1569000000", "netIncome": "-941000000"}], "quarterlyReports": [{"fiscalDateEnding": "2021-09-30", "reportedCurrency": "USD", "grossProfit": "24000000", "totalRevenue": "1104000000", "costOfRevenue": "1080000000", "costofGoodsAndServicesSold": "928000000", "operatingIncome": "205000000", "sellingGeneralAndAdministrative": "70000000", "researchAndDevelopment": "4000000", "operatingExpenses": "160000000", "investmentIncomeNet": "None", "netInterestIncome": "-63000000", "interestIncome": "-60000000", "interestExpense": "63000000", "nonInterestIncome": "1167000000", "otherNonOperatingIncome": "0", "depreciation": "None", "depreciationAndAmortization": "68000000", "incomeBeforeTax": "23000000", "incomeTaxExpense": "-4000000", "interestAndDebtExpense": "181000000", "netIncomeFromContinuingOperations": "27000000", "comprehensiveIncomeNetOfTax": "0", "ebit": "86000000", "ebitda": "154000000", "netIncome": "27000000"}, {"fiscalDateEnding": "2021-06-30", "reportedCurrency": "USD", "grossProfit": "110000000", "totalRevenue": "1105000000", "costOfRevenue": "995000000", "costofGoodsAndServicesSold": "857000000", "operatingIncome": "207000000", "sellingGeneralAndAdministrative": "55000000", "researchAndDevelopment": "4000000", "operatingExpenses": "139000000", "investmentIncomeNet": "None", "netInterestIncome": "-89000000", "interestIncome": "-89000000", "interestExpense": "89000000", "nonInterestIncome": "1194000000", "otherNonOperatingIncome": "0", "depreciation": "None", "depreciationAndAmortization": "67000000", "incomeBeforeTax": "110000000", "incomeTaxExpense": "36000000", "interestAndDebtExpense": "89000000", "netIncomeFromContinuingOperations": "74000000", "comprehensiveIncomeNetOfTax": "131000000", "ebit": "199000000", "ebitda": "266000000", "netIncome": "74000000"}, {"fiscalDateEnding": "2021-03-31", "reportedCurrency": "USD", "grossProfit": "115000000", "totalRevenue": "1135000000", "costOfRevenue": "1020000000", "costofGoodsAndServicesSold": "873000000", "operatingIncome": "189000000", "sellingGeneralAndAdministrative": "65000000", "researchAndDevelopment": "5000000", "operatingExpenses": "153000000", "investmentIncomeNet": "None", "netInterestIncome": "-72000000", "interestIncome": "-74000000", "interestExpense": "72000000", "nonInterestIncome": "1207000000", "otherNonOperatingIncome": "6000000", "depreciation": "None", "depreciationAndAmortization": "68000000", "incomeBeforeTax": "113000000", "incomeTaxExpense": "33000000", "interestAndDebtExpense": "72000000", "netIncomeFromContinuingOperations": "80000000", "comprehensiveIncomeNetOfTax": "82000000", "ebit": "185000000", "ebitda": "253000000", "netIncome": "80000000"}, {"fiscalDateEnding": "2020-12-31", "reportedCurrency": "USD", "grossProfit": "1238000000", "totalRevenue": "1238000000", "costOfRevenue": "960000000", "costofGoodsAndServicesSold": "872000000", "operatingIncome": "221000000", "sellingGeneralAndAdministrative": "58000000", "researchAndDevelopment": "4000000", "operatingExpenses": "85000000", "investmentIncomeNet": "None", "netInterestIncome": "-76000000", "interestIncome": "64000000", "interestExpense": "76000000", "nonInterestIncome": "1238000000", "otherNonOperatingIncome": "-55000000", "depreciation": "None", "depreciationAndAmortization": "67000000", "incomeBeforeTax": "71000000", "incomeTaxExpense": "-35000000", "interestAndDebtExpense": "76000000", "netIncomeFromContinuingOperations": "106000000", "comprehensiveIncomeNetOfTax": "92000000", "ebit": "147000000", "ebitda": "214000000", "netIncome": "106000000"}, {"fiscalDateEnding": "2020-09-30", "reportedCurrency": "USD", "grossProfit": "-1000000", "totalRevenue": "1062000000", "costOfRevenue": "1063000000", "costofGoodsAndServicesSold": "900000000", "operatingIncome": "73000000", "sellingGeneralAndAdministrative": "66000000", "researchAndDevelopment": "5000000", "operatingExpenses": "166000000", "investmentIncomeNet": "None", "netInterestIncome": "-77000000", "interestIncome": "-71000000", "interestExpense": "77000000", "nonInterestIncome": "1139000000", "otherNonOperatingIncome": "0", "depreciation": "None", "depreciationAndAmortization": "68000000", "incomeBeforeTax": "-12000000", "incomeTaxExpense": "-48000000", "interestAndDebtExpense": "77000000", "netIncomeFromContinuingOperations": "36000000", "comprehensiveIncomeNetOfTax": "97000000", "ebit": "65000000", "ebitda": "133000000", "netIncome": "36000000"}, {"fiscalDateEnding": "2020-06-30", "reportedCurrency": "USD", "grossProfit": "-66000000", "totalRevenue": "1116000000", "costOfRevenue": "1182000000", "costofGoodsAndServicesSold": "923000000", "operatingIncome": "74000000", "sellingGeneralAndAdministrative": "74000000", "researchAndDevelopment": "4000000", "operatingExpenses": "258000000", "investmentIncomeNet": "None", "netInterestIncome": "-144000000", "interestIncome": "-137000000", "interestExpense": "144000000", "nonInterestIncome": "1260000000", "otherNonOperatingIncome": "-9000000", "depreciation": "None", "depreciationAndAmortization": "73000000", "incomeBeforeTax": "-98000000", "incomeTaxExpense": "-2000000", "interestAndDebtExpense": "144000000", "netIncomeFromContinuingOperations": "-84000000", "comprehensiveIncomeNetOfTax": "-87000000", "ebit": "46000000", "ebitda": "119000000", "netIncome": "-96000000"}, {"fiscalDateEnding": "2020-03-31", "reportedCurrency": "USD", "grossProfit": "328000000", "totalRevenue": "3107000000", "costOfRevenue": "2779000000", "costofGoodsAndServicesSold": "2476000000", "operatingIncome": "258000000", "sellingGeneralAndAdministrative": "79000000", "researchAndDevelopment": "4000000", "operatingExpenses": "336000000", "investmentIncomeNet": "None", "netInterestIncome": "-91000000", "interestIncome": "-7000000", "interestExpense": "84000000", "nonInterestIncome": "3198000000", "otherNonOperatingIncome": "18000000", "depreciation": "None", "depreciationAndAmortization": "71000000", "incomeBeforeTax": "260000000", "incomeTaxExpense": "45000000", "interestAndDebtExpense": "91000000", "netIncomeFromContinuingOperations": "153000000", "comprehensiveIncomeNetOfTax": "175000000", "ebit": "344000000", "ebitda": "415000000", "netIncome": "215000000"}, {"fiscalDateEnding": "2019-12-31", "reportedCurrency": "USD", "grossProfit": "3401000000", "totalRevenue": "3401000000", "costOfRevenue": "3540000000", "costofGoodsAndServicesSold": "2670000000", "operatingIncome": "285000000", "sellingGeneralAndAdministrative": "93000000", "researchAndDevelopment": "6000000", "operatingExpenses": "892000000", "investmentIncomeNet": "None", "netInterestIncome": "-82000000", "interestIncome": "4000000", "interestExpense": "82000000", "nonInterestIncome": "3401000000", "otherNonOperatingIncome": "-1000000", "depreciation": "None", "depreciationAndAmortization": "71000000", "incomeBeforeTax": "389000000", "incomeTaxExpense": "80000000", "interestAndDebtExpense": "82000000", "netIncomeFromContinuingOperations": "118000000", "comprehensiveIncomeNetOfTax": "-92000000", "ebit": "471000000", "ebitda": "542000000", "netIncome": "309000000"}, {"fiscalDateEnding": "2019-09-30", "reportedCurrency": "USD", "grossProfit": "342000000", "totalRevenue": "3559000000", "costOfRevenue": "3217000000", "costofGoodsAndServicesSold": "2800000000", "operatingIncome": "256000000", "sellingGeneralAndAdministrative": "89000000", "researchAndDevelopment": "6000000", "operatingExpenses": "435000000", "investmentIncomeNet": "None", "netInterestIncome": "-86000000", "interestIncome": "-1000000", "interestExpense": "85000000", "nonInterestIncome": "3550000000", "otherNonOperatingIncome": "4000000", "depreciation": "None", "depreciationAndAmortization": "70000000", "incomeBeforeTax": "200000000", "incomeTaxExpense": "105000000", "interestAndDebtExpense": "86000000", "netIncomeFromContinuingOperations": "58000000", "comprehensiveIncomeNetOfTax": "36000000", "ebit": "285000000", "ebitda": "355000000", "netIncome": "95000000"}, {"fiscalDateEnding": "2019-06-30", "reportedCurrency": "USD", "grossProfit": "-64000000", "totalRevenue": "3691000000", "costOfRevenue": "3755000000", "costofGoodsAndServicesSold": "2939000000", "operatingIncome": "-176000000", "sellingGeneralAndAdministrative": "102000000", "researchAndDevelopment": "7000000", "operatingExpenses": "835000000", "investmentIncomeNet": "None", "netInterestIncome": "-85000000", "interestIncome": "1000000", "interestExpense": "86000000", "nonInterestIncome": "3694000000", "otherNonOperatingIncome": "-1000000", "depreciation": "None", "depreciationAndAmortization": "78000000", "incomeBeforeTax": "-253000000", "incomeTaxExpense": "-132000000", "interestAndDebtExpense": "85000000", "netIncomeFromContinuingOperations": "-136000000", "comprehensiveIncomeNetOfTax": "-138000000", "ebit": "-167000000", "ebitda": "-89000000", "netIncome": "-121000000"}, {"fiscalDateEnding": "2019-03-31", "reportedCurrency": "USD", "grossProfit": "3214000000", "totalRevenue": "3541000000", "costOfRevenue": "327000000", "costofGoodsAndServicesSold": "2818000000", "operatingIncome": "374000000", "sellingGeneralAndAdministrative": "178000000", "researchAndDevelopment": "22000000", "operatingExpenses": "351000000", "investmentIncomeNet": "None", "netInterestIncome": "-85000000", "interestIncome": "-75000000", "interestExpense": "85000000", "nonInterestIncome": "3540000000", "otherNonOperatingIncome": "-11000000", "depreciation": "None", "depreciationAndAmortization": "137000000", "incomeBeforeTax": "257000000", "incomeTaxExpense": "70000000", "interestAndDebtExpense": "85000000", "netIncomeFromContinuingOperations": "86000000", "comprehensiveIncomeNetOfTax": "263000000", "ebit": "342000000", "ebitda": "479000000", "netIncome": "187000000"}, {"fiscalDateEnding": "2018-12-31", "reportedCurrency": "USD", "grossProfit": "3472000000", "totalRevenue": "3472000000", "costOfRevenue": "291000000", "costofGoodsAndServicesSold": "2845000000", "operatingIncome": "-227000000", "sellingGeneralAndAdministrative": "-93000000", "researchAndDevelopment": "-36000000", "operatingExpenses": "320000000", "investmentIncomeNet": "None", "netInterestIncome": "-87000000", "interestIncome": "-1000000", "interestExpense": "86000000", "nonInterestIncome": "3472000000", "otherNonOperatingIncome": "13000000", "depreciation": "None", "depreciationAndAmortization": "-113000000", "incomeBeforeTax": "119000000", "incomeTaxExpense": "-99000000", "interestAndDebtExpense": "87000000", "netIncomeFromContinuingOperations": "-113000000", "comprehensiveIncomeNetOfTax": "203000000", "ebit": "205000000", "ebitda": "92000000", "netIncome": "218000000"}, {"fiscalDateEnding": "2018-09-30", "reportedCurrency": "USD", "grossProfit": "3251000000", "totalRevenue": "3524000000", "costOfRevenue": "273000000", "costofGoodsAndServicesSold": "2881000000", "operatingIncome": "345000000", "sellingGeneralAndAdministrative": "134000000", "researchAndDevelopment": "25000000", "operatingExpenses": "300000000", "investmentIncomeNet": "None", "netInterestIncome": "-88000000", "interestIncome": "None", "interestExpense": "88000000", "nonInterestIncome": "3516000000", "otherNonOperatingIncome": "21000000", "depreciation": "None", "depreciationAndAmortization": "141000000", "incomeBeforeTax": "249000000", "incomeTaxExpense": "88000000", "interestAndDebtExpense": "88000000", "netIncomeFromContinuingOperations": "160000000", "comprehensiveIncomeNetOfTax": "173000000", "ebit": "337000000", "ebitda": "478000000", "netIncome": "161000000"}, {"fiscalDateEnding": "2018-06-30", "reportedCurrency": "USD", "grossProfit": "3256000000", "totalRevenue": "3573000000", "costOfRevenue": "317000000", "costofGoodsAndServicesSold": "2903000000", "operatingIncome": "324000000", "sellingGeneralAndAdministrative": "158000000", "researchAndDevelopment": "29000000", "operatingExpenses": "348000000", "investmentIncomeNet": "None", "netInterestIncome": "-89000000", "interestIncome": "None", "interestExpense": "89000000", "nonInterestIncome": "3592000000", "otherNonOperatingIncome": "2000000", "depreciation": "None", "depreciationAndAmortization": "144000000", "incomeBeforeTax": "194000000", "incomeTaxExpense": "74000000", "interestAndDebtExpense": "89000000", "netIncomeFromContinuingOperations": "120000000", "comprehensiveIncomeNetOfTax": "-50000000", "ebit": "283000000", "ebitda": "427000000", "netIncome": "120000000"}, {"fiscalDateEnding": "2018-03-31", "reportedCurrency": "USD", "grossProfit": "6457000000", "totalRevenue": "3445000000", "costOfRevenue": "321000000", "costofGoodsAndServicesSold": "2768000000", "operatingIncome": "333000000", "sellingGeneralAndAdministrative": "172000000", "researchAndDevelopment": "23000000", "operatingExpenses": "347000000", "investmentIncomeNet": "None", "netInterestIncome": "-114000000", "interestIncome": "None", "interestExpense": "114000000", "nonInterestIncome": "3447000000", "otherNonOperatingIncome": "2000000", "depreciation": "None", "depreciationAndAmortization": "142000000", "incomeBeforeTax": "199000000", "incomeTaxExpense": "56000000", "interestAndDebtExpense": "114000000", "netIncomeFromContinuingOperations": "142000000", "comprehensiveIncomeNetOfTax": "401000000", "ebit": "313000000", "ebitda": "455000000", "netIncome": "143000000"}, {"fiscalDateEnding": "2017-12-31", "reportedCurrency": "USD", "grossProfit": "3271000000", "totalRevenue": "3271000000", "costOfRevenue": "466000000", "costofGoodsAndServicesSold": "2656000000", "operatingIncome": "-433000000", "sellingGeneralAndAdministrative": "146000000", "researchAndDevelopment": "28000000", "operatingExpenses": "-56000000", "investmentIncomeNet": "None", "netInterestIncome": "-98000000", "interestIncome": "None", "interestExpense": "98000000", "nonInterestIncome": "3271000000", "otherNonOperatingIncome": "108000000", "depreciation": "None", "depreciationAndAmortization": "141000000", "incomeBeforeTax": "-455000000", "incomeTaxExpense": "272000000", "interestAndDebtExpense": "98000000", "netIncomeFromContinuingOperations": "-727000000", "comprehensiveIncomeNetOfTax": "-1042000000", "ebit": "-357000000", "ebitda": "-216000000", "netIncome": "-727000000"}, {"fiscalDateEnding": "2017-09-30", "reportedCurrency": "USD", "grossProfit": "2822000000", "totalRevenue": "3236000000", "costOfRevenue": "314000000", "costofGoodsAndServicesSold": "2626000000", "operatingIncome": "310000000", "sellingGeneralAndAdministrative": "152000000", "researchAndDevelopment": "24000000", "operatingExpenses": "339000000", "investmentIncomeNet": "None", "netInterestIncome": "-100000000", "interestIncome": "None", "interestExpense": "100000000", "nonInterestIncome": "3235000000", "otherNonOperatingIncome": "-4000000", "depreciation": "None", "depreciationAndAmortization": "140000000", "incomeBeforeTax": "172000000", "incomeTaxExpense": "53000000", "interestAndDebtExpense": "100000000", "netIncomeFromContinuingOperations": "101000000", "comprehensiveIncomeNetOfTax": "246000000", "ebit": "272000000", "ebitda": "412000000", "netIncome": "119000000"}, {"fiscalDateEnding": "2017-06-30", "reportedCurrency": "USD", "grossProfit": "2711000000", "totalRevenue": "3261000000", "costOfRevenue": "367000000", "costofGoodsAndServicesSold": "2583000000", "operatingIncome": "320000000", "sellingGeneralAndAdministrative": "200000000", "researchAndDevelopment": "29000000", "operatingExpenses": "397000000", "investmentIncomeNet": "None", "netInterestIncome": "-183000000", "interestIncome": "-159000000", "interestExpense": "24000000", "nonInterestIncome": "3258000000", "otherNonOperatingIncome": "3000000", "depreciation": "None", "depreciationAndAmortization": "137000000", "incomeBeforeTax": "269000000", "incomeTaxExpense": "57000000", "interestAndDebtExpense": "183000000", "netIncomeFromContinuingOperations": "194000000", "comprehensiveIncomeNetOfTax": "256000000", "ebit": "293000000", "ebitda": "430000000", "netIncome": "212000000"}, {"fiscalDateEnding": "2017-03-31", "reportedCurrency": "USD", "grossProfit": "2650000000", "totalRevenue": "3192000000", "costOfRevenue": "427000000", "costofGoodsAndServicesSold": "133000000", "operatingIncome": "283000000", "sellingGeneralAndAdministrative": "217000000", "researchAndDevelopment": "28000000", "operatingExpenses": "-27000000", "investmentIncomeNet": "None", "netInterestIncome": "-115000000", "interestIncome": "None", "interestExpense": "115000000", "nonInterestIncome": "3196000000", "otherNonOperatingIncome": "-4000000", "depreciation": "None", "depreciationAndAmortization": "133000000", "incomeBeforeTax": "484000000", "incomeTaxExpense": "162000000", "interestAndDebtExpense": "115000000", "netIncomeFromContinuingOperations": "305000000", "comprehensiveIncomeNetOfTax": "392000000", "ebit": "599000000", "ebitda": "732000000", "netIncome": "322000000"}, {"fiscalDateEnding": "2016-12-31", "reportedCurrency": "USD", "grossProfit": "2967000000", "totalRevenue": "2967000000", "costOfRevenue": "-112000000", "costofGoodsAndServicesSold": "-399000000", "operatingIncome": "164000000", "sellingGeneralAndAdministrative": "251000000", "researchAndDevelopment": "37000000", "operatingExpenses": "296000000", "investmentIncomeNet": "2000000", "netInterestIncome": "-110000000", "interestIncome": "None", "interestExpense": "128000000", "nonInterestIncome": "13000000", "otherNonOperatingIncome": "58000000", "depreciation": "None", "depreciationAndAmortization": "133000000", "incomeBeforeTax": "-12000000", "incomeTaxExpense": "1246000000", "interestAndDebtExpense": "110000000", "netIncomeFromContinuingOperations": "-1308000000", "comprehensiveIncomeNetOfTax": "-1523000000", "ebit": "116000000", "ebitda": "249000000", "netIncome": "-1258000000"}]}