{"symbol": "ICE", "annualReports": [{"fiscalDateEnding": "2020-12-31", "reportedCurrency": "USD", "grossProfit": "5031000000", "totalRevenue": "7882000000", "costOfRevenue": "2851000000", "costofGoodsAndServicesSold": "3945000000", "operatingIncome": "3033000000", "sellingGeneralAndAdministrative": "185000000", "researchAndDevelopment": "None", "operatingExpenses": "3003000000", "investmentIncomeNet": "None", "netInterestIncome": "-357000000", "interestIncome": "10000000", "interestExpense": "357000000", "nonInterestIncome": "8239000000", "otherNonOperatingIncome": "80000000", "depreciation": "173000000", "depreciationAndAmortization": "751000000", "incomeBeforeTax": "2747000000", "incomeTaxExpense": "658000000", "interestAndDebtExpense": "357000000", "netIncomeFromContinuingOperations": "2163000000", "comprehensiveIncomeNetOfTax": "2140000000", "ebit": "3104000000", "ebitda": "3855000000", "netIncome": "2089000000"}, {"fiscalDateEnding": "2019-12-31", "reportedCurrency": "USD", "grossProfit": "3980000000", "totalRevenue": "6257000000", "costOfRevenue": "2277000000", "costofGoodsAndServicesSold": "2387000000", "operatingIncome": "2673000000", "sellingGeneralAndAdministrative": "161000000", "researchAndDevelopment": "None", "operatingExpenses": "2529000000", "investmentIncomeNet": "None", "netInterestIncome": "-285000000", "interestIncome": "35000000", "interestExpense": "285000000", "nonInterestIncome": "6542000000", "otherNonOperatingIncome": "58000000", "depreciation": "145000000", "depreciationAndAmortization": "662000000", "incomeBeforeTax": "2454000000", "incomeTaxExpense": "521000000", "interestAndDebtExpense": "285000000", "netIncomeFromContinuingOperations": "1960000000", "comprehensiveIncomeNetOfTax": "2005000000", "ebit": "2739000000", "ebitda": "3401000000", "netIncome": "1933000000"}, {"fiscalDateEnding": "2018-12-31", "reportedCurrency": "USD", "grossProfit": "3904000000", "totalRevenue": "6030000000", "costOfRevenue": "2126000000", "costofGoodsAndServicesSold": "2291000000", "operatingIncome": "2583000000", "sellingGeneralAndAdministrative": "151000000", "researchAndDevelopment": "None", "operatingExpenses": "2396000000", "investmentIncomeNet": "None", "netInterestIncome": "-244000000", "interestIncome": "22000000", "interestExpense": "244000000", "nonInterestIncome": "6274000000", "otherNonOperatingIncome": "159000000", "depreciation": "133000000", "depreciationAndAmortization": "586000000", "incomeBeforeTax": "2488000000", "incomeTaxExpense": "500000000", "interestAndDebtExpense": "244000000", "netIncomeFromContinuingOperations": "1988000000", "comprehensiveIncomeNetOfTax": "1896000000", "ebit": "2732000000", "ebitda": "3318000000", "netIncome": "1988000000"}, {"fiscalDateEnding": "2017-12-31", "reportedCurrency": "USD", "grossProfit": "4339000000", "totalRevenue": "5843000000", "costOfRevenue": "1495000000", "costofGoodsAndServicesSold": "397000000", "operatingIncome": "2379000000", "sellingGeneralAndAdministrative": "155000000", "researchAndDevelopment": "397000000", "operatingExpenses": "2259000000", "investmentIncomeNet": "None", "netInterestIncome": "-187000000", "interestIncome": "-179000000", "interestExpense": "187000000", "nonInterestIncome": "4625000000", "otherNonOperatingIncome": "326000000", "depreciation": "122000000", "depreciationAndAmortization": "535000000", "incomeBeforeTax": "2498000000", "incomeTaxExpense": "-28000000", "interestAndDebtExpense": "187000000", "netIncomeFromContinuingOperations": "2550000000", "comprehensiveIncomeNetOfTax": "2647000000", "ebit": "2685000000", "ebitda": "3220000000", "netIncome": "2526000000"}, {"fiscalDateEnding": "2016-12-31", "reportedCurrency": "USD", "grossProfit": "4389000000", "totalRevenue": "5971000000", "costOfRevenue": "1569000000", "costofGoodsAndServicesSold": "374000000", "operatingIncome": "2172000000", "sellingGeneralAndAdministrative": "116000000", "researchAndDevelopment": "374000000", "operatingExpenses": "2340000000", "investmentIncomeNet": "None", "netInterestIncome": "-178000000", "interestIncome": "-175000000", "interestExpense": "178000000", "nonInterestIncome": "20000000", "otherNonOperatingIncome": "46000000", "depreciation": "142000000", "depreciationAndAmortization": "610000000", "incomeBeforeTax": "2016000000", "incomeTaxExpense": "586000000", "interestAndDebtExpense": "178000000", "netIncomeFromContinuingOperations": "1422000000", "comprehensiveIncomeNetOfTax": "1274000000", "ebit": "2194000000", "ebitda": "2804000000", "netIncome": "1430000000"}], "quarterlyReports": [{"fiscalDateEnding": "2021-09-30", "reportedCurrency": "USD", "grossProfit": "1438000000", "totalRevenue": "2169000000", "costOfRevenue": "731000000", "costofGoodsAndServicesSold": "1017000000", "operatingIncome": "878000000", "sellingGeneralAndAdministrative": "52000000", "researchAndDevelopment": "None", "operatingExpenses": "924000000", "investmentIncomeNet": "None", "netInterestIncome": "-108000000", "interestIncome": "-72000000", "interestExpense": "108000000", "nonInterestIncome": "2277000000", "otherNonOperatingIncome": "54000000", "depreciation": "None", "depreciationAndAmortization": "253000000", "incomeBeforeTax": "820000000", "incomeTaxExpense": "187000000", "interestAndDebtExpense": "108000000", "netIncomeFromContinuingOperations": "633000000", "comprehensiveIncomeNetOfTax": "601000000", "ebit": "928000000", "ebitda": "1181000000", "netIncome": "633000000"}, {"fiscalDateEnding": "2021-06-30", "reportedCurrency": "USD", "grossProfit": "1301000000", "totalRevenue": "2028000000", "costOfRevenue": "727000000", "costofGoodsAndServicesSold": "957000000", "operatingIncome": "799000000", "sellingGeneralAndAdministrative": "60000000", "researchAndDevelopment": "None", "operatingExpenses": "908000000", "investmentIncomeNet": "None", "netInterestIncome": "-106000000", "interestIncome": "-100000000", "interestExpense": "106000000", "nonInterestIncome": "2134000000", "otherNonOperatingIncome": "1239000000", "depreciation": "None", "depreciationAndAmortization": "251000000", "incomeBeforeTax": "1931000000", "incomeTaxExpense": "679000000", "interestAndDebtExpense": "106000000", "netIncomeFromContinuingOperations": "1252000000", "comprehensiveIncomeNetOfTax": "1262000000", "ebit": "2037000000", "ebitda": "2288000000", "netIncome": "1252000000"}, {"fiscalDateEnding": "2021-03-31", "reportedCurrency": "USD", "grossProfit": "1519000000", "totalRevenue": "2322000000", "costOfRevenue": "803000000", "costofGoodsAndServicesSold": "1148000000", "operatingIncome": "892000000", "sellingGeneralAndAdministrative": "51000000", "researchAndDevelopment": "None", "operatingExpenses": "905000000", "investmentIncomeNet": "None", "netInterestIncome": "-107000000", "interestIncome": "-88000000", "interestExpense": "107000000", "nonInterestIncome": "2429000000", "otherNonOperatingIncome": "48000000", "depreciation": "None", "depreciationAndAmortization": "255000000", "incomeBeforeTax": "829000000", "incomeTaxExpense": "183000000", "interestAndDebtExpense": "107000000", "netIncomeFromContinuingOperations": "646000000", "comprehensiveIncomeNetOfTax": "654000000", "ebit": "936000000", "ebitda": "1191000000", "netIncome": "646000000"}, {"fiscalDateEnding": "2020-12-31", "reportedCurrency": "USD", "grossProfit": "666000000", "totalRevenue": "2116000000", "costOfRevenue": "1205000000", "costofGoodsAndServicesSold": "1062000000", "operatingIncome": "780000000", "sellingGeneralAndAdministrative": "53000000", "researchAndDevelopment": "None", "operatingExpenses": "891000000", "investmentIncomeNet": "None", "netInterestIncome": "-112000000", "interestIncome": "1000000", "interestExpense": "112000000", "nonInterestIncome": "2228000000", "otherNonOperatingIncome": "5000000", "depreciation": "None", "depreciationAndAmortization": "257000000", "incomeBeforeTax": "672000000", "incomeTaxExpense": "146000000", "interestAndDebtExpense": "112000000", "netIncomeFromContinuingOperations": "780000000", "comprehensiveIncomeNetOfTax": "607000000", "ebit": "784000000", "ebitda": "1041000000", "netIncome": "526000000"}, {"fiscalDateEnding": "2020-09-30", "reportedCurrency": "USD", "grossProfit": "1411000000", "totalRevenue": "1930000000", "costOfRevenue": "519000000", "costofGoodsAndServicesSold": "817000000", "operatingIncome": "627000000", "sellingGeneralAndAdministrative": "43000000", "researchAndDevelopment": "None", "operatingExpenses": "784000000", "investmentIncomeNet": "None", "netInterestIncome": "-89000000", "interestIncome": "-36000000", "interestExpense": "89000000", "nonInterestIncome": "1930000000", "otherNonOperatingIncome": "44000000", "depreciation": "None", "depreciationAndAmortization": "180000000", "incomeBeforeTax": "579000000", "incomeTaxExpense": "189000000", "interestAndDebtExpense": "89000000", "netIncomeFromContinuingOperations": "390000000", "comprehensiveIncomeNetOfTax": "438000000", "ebit": "668000000", "ebitda": "848000000", "netIncome": "390000000"}, {"fiscalDateEnding": "2020-06-30", "reportedCurrency": "USD", "grossProfit": "1256000000", "totalRevenue": "1882000000", "costOfRevenue": "626000000", "costofGoodsAndServicesSold": "844000000", "operatingIncome": "744000000", "sellingGeneralAndAdministrative": "40000000", "researchAndDevelopment": "None", "operatingExpenses": "651000000", "investmentIncomeNet": "None", "netInterestIncome": "-84000000", "interestIncome": "2000000", "interestExpense": "84000000", "nonInterestIncome": "1966000000", "otherNonOperatingIncome": "11000000", "depreciation": "None", "depreciationAndAmortization": "157000000", "incomeBeforeTax": "668000000", "incomeTaxExpense": "145000000", "interestAndDebtExpense": "84000000", "netIncomeFromContinuingOperations": "523000000", "comprehensiveIncomeNetOfTax": "535000000", "ebit": "752000000", "ebitda": "909000000", "netIncome": "523000000"}, {"fiscalDateEnding": "2020-03-31", "reportedCurrency": "USD", "grossProfit": "1381000000", "totalRevenue": "2043000000", "costOfRevenue": "662000000", "costofGoodsAndServicesSold": "834000000", "operatingIncome": "882000000", "sellingGeneralAndAdministrative": "49000000", "researchAndDevelopment": "None", "operatingExpenses": "677000000", "investmentIncomeNet": "None", "netInterestIncome": "-72000000", "interestIncome": "6000000", "interestExpense": "72000000", "nonInterestIncome": "2115000000", "otherNonOperatingIncome": "20000000", "depreciation": "None", "depreciationAndAmortization": "157000000", "incomeBeforeTax": "828000000", "incomeTaxExpense": "178000000", "interestAndDebtExpense": "72000000", "netIncomeFromContinuingOperations": "650000000", "comprehensiveIncomeNetOfTax": "560000000", "ebit": "900000000", "ebitda": "1057000000", "netIncome": "650000000"}, {"fiscalDateEnding": "2019-12-31", "reportedCurrency": "USD", "grossProfit": "76000000", "totalRevenue": "1591000000", "costOfRevenue": "1301000000", "costofGoodsAndServicesSold": "643000000", "operatingIncome": "622000000", "sellingGeneralAndAdministrative": "45000000", "researchAndDevelopment": "None", "operatingExpenses": "676000000", "investmentIncomeNet": "None", "netInterestIncome": "-71000000", "interestIncome": "8000000", "interestExpense": "71000000", "nonInterestIncome": "1662000000", "otherNonOperatingIncome": "28000000", "depreciation": "None", "depreciationAndAmortization": "189000000", "incomeBeforeTax": "582000000", "incomeTaxExpense": "134000000", "interestAndDebtExpense": "71000000", "netIncomeFromContinuingOperations": "622000000", "comprehensiveIncomeNetOfTax": "553000000", "ebit": "653000000", "ebitda": "842000000", "netIncome": "448000000"}, {"fiscalDateEnding": "2019-09-30", "reportedCurrency": "USD", "grossProfit": "1336000000", "totalRevenue": "1663000000", "costOfRevenue": "327000000", "costofGoodsAndServicesSold": "588000000", "operatingIncome": "706000000", "sellingGeneralAndAdministrative": "33000000", "researchAndDevelopment": "None", "operatingExpenses": "630000000", "investmentIncomeNet": "None", "netInterestIncome": "-72000000", "interestIncome": "8000000", "interestExpense": "72000000", "nonInterestIncome": "1663000000", "otherNonOperatingIncome": "-2000000", "depreciation": "None", "depreciationAndAmortization": "158000000", "incomeBeforeTax": "632000000", "incomeTaxExpense": "103000000", "interestAndDebtExpense": "72000000", "netIncomeFromContinuingOperations": "529000000", "comprehensiveIncomeNetOfTax": "490000000", "ebit": "704000000", "ebitda": "862000000", "netIncome": "529000000"}, {"fiscalDateEnding": "2019-06-30", "reportedCurrency": "USD", "grossProfit": "1005000000", "totalRevenue": "1563000000", "costOfRevenue": "558000000", "costofGoodsAndServicesSold": "595000000", "operatingIncome": "680000000", "sellingGeneralAndAdministrative": "41000000", "researchAndDevelopment": "None", "operatingExpenses": "618000000", "investmentIncomeNet": "None", "netInterestIncome": "-71000000", "interestIncome": "10000000", "interestExpense": "71000000", "nonInterestIncome": "1634000000", "otherNonOperatingIncome": "9000000", "depreciation": "None", "depreciationAndAmortization": "157000000", "incomeBeforeTax": "622000000", "incomeTaxExpense": "150000000", "interestAndDebtExpense": "71000000", "netIncomeFromContinuingOperations": "472000000", "comprehensiveIncomeNetOfTax": "453000000", "ebit": "693000000", "ebitda": "850000000", "netIncome": "472000000"}, {"fiscalDateEnding": "2019-03-31", "reportedCurrency": "USD", "grossProfit": "995000000", "totalRevenue": "1512000000", "costOfRevenue": "517000000", "costofGoodsAndServicesSold": "561000000", "operatingIncome": "665000000", "sellingGeneralAndAdministrative": "42000000", "researchAndDevelopment": "None", "operatingExpenses": "605000000", "investmentIncomeNet": "None", "netInterestIncome": "-71000000", "interestIncome": "-62000000", "interestExpense": "71000000", "nonInterestIncome": "1583000000", "otherNonOperatingIncome": "23000000", "depreciation": "None", "depreciationAndAmortization": "158000000", "incomeBeforeTax": "618000000", "incomeTaxExpense": "134000000", "interestAndDebtExpense": "71000000", "netIncomeFromContinuingOperations": "484000000", "comprehensiveIncomeNetOfTax": "509000000", "ebit": "689000000", "ebitda": "847000000", "netIncome": "484000000"}, {"fiscalDateEnding": "2018-12-31", "reportedCurrency": "USD", "grossProfit": "1057000000", "totalRevenue": "1604000000", "costOfRevenue": "547000000", "costofGoodsAndServicesSold": "631000000", "operatingIncome": "676000000", "sellingGeneralAndAdministrative": "42000000", "researchAndDevelopment": "None", "operatingExpenses": "632000000", "investmentIncomeNet": "None", "netInterestIncome": "-71000000", "interestIncome": "None", "interestExpense": "71000000", "nonInterestIncome": "1675000000", "otherNonOperatingIncome": "126000000", "depreciation": "None", "depreciationAndAmortization": "157000000", "incomeBeforeTax": "730000000", "incomeTaxExpense": "119000000", "interestAndDebtExpense": "71000000", "netIncomeFromContinuingOperations": "676000000", "comprehensiveIncomeNetOfTax": "570000000", "ebit": "801000000", "ebitda": "958000000", "netIncome": "611000000"}, {"fiscalDateEnding": "2018-09-30", "reportedCurrency": "USD", "grossProfit": "890000000", "totalRevenue": "1397000000", "costOfRevenue": "507000000", "costofGoodsAndServicesSold": "514000000", "operatingIncome": "602000000", "sellingGeneralAndAdministrative": "37000000", "researchAndDevelopment": "None", "operatingExpenses": "598000000", "investmentIncomeNet": "None", "netInterestIncome": "-66000000", "interestIncome": "None", "interestExpense": "66000000", "nonInterestIncome": "1463000000", "otherNonOperatingIncome": "12000000", "depreciation": "None", "depreciationAndAmortization": "148000000", "incomeBeforeTax": "547000000", "incomeTaxExpense": "89000000", "interestAndDebtExpense": "66000000", "netIncomeFromContinuingOperations": "458000000", "comprehensiveIncomeNetOfTax": "449000000", "ebit": "613000000", "ebitda": "761000000", "netIncome": "458000000"}, {"fiscalDateEnding": "2018-06-30", "reportedCurrency": "USD", "grossProfit": "1024000000", "totalRevenue": "1556000000", "costOfRevenue": "532000000", "costofGoodsAndServicesSold": "551000000", "operatingIncome": "655000000", "sellingGeneralAndAdministrative": "39000000", "researchAndDevelopment": "None", "operatingExpenses": "591000000", "investmentIncomeNet": "None", "netInterestIncome": "-55000000", "interestIncome": "None", "interestExpense": "55000000", "nonInterestIncome": "1556000000", "otherNonOperatingIncome": "6000000", "depreciation": "None", "depreciationAndAmortization": "143000000", "incomeBeforeTax": "604000000", "incomeTaxExpense": "149000000", "interestAndDebtExpense": "55000000", "netIncomeFromContinuingOperations": "455000000", "comprehensiveIncomeNetOfTax": "380000000", "ebit": "659000000", "ebitda": "802000000", "netIncome": "455000000"}, {"fiscalDateEnding": "2018-03-31", "reportedCurrency": "USD", "grossProfit": "1171000000", "totalRevenue": "1580000000", "costOfRevenue": "409000000", "costofGoodsAndServicesSold": "105000000", "operatingIncome": "650000000", "sellingGeneralAndAdministrative": "33000000", "researchAndDevelopment": "105000000", "operatingExpenses": "575000000", "investmentIncomeNet": "None", "netInterestIncome": "-52000000", "interestIncome": "None", "interestExpense": "52000000", "nonInterestIncome": "1580000000", "otherNonOperatingIncome": "15000000", "depreciation": "None", "depreciationAndAmortization": "138000000", "incomeBeforeTax": "607000000", "incomeTaxExpense": "143000000", "interestAndDebtExpense": "52000000", "netIncomeFromContinuingOperations": "464000000", "comprehensiveIncomeNetOfTax": "497000000", "ebit": "659000000", "ebitda": "797000000", "netIncome": "464000000"}, {"fiscalDateEnding": "2017-12-31", "reportedCurrency": "USD", "grossProfit": "1061000000", "totalRevenue": "1448000000", "costOfRevenue": "378000000", "costofGoodsAndServicesSold": "103000000", "operatingIncome": "592000000", "sellingGeneralAndAdministrative": "38000000", "researchAndDevelopment": "103000000", "operatingExpenses": "554000000", "investmentIncomeNet": "None", "netInterestIncome": "-50000000", "interestIncome": "None", "interestExpense": "50000000", "nonInterestIncome": "223000000", "otherNonOperatingIncome": "121000000", "depreciation": "None", "depreciationAndAmortization": "131000000", "incomeBeforeTax": "665000000", "incomeTaxExpense": "-568000000", "interestAndDebtExpense": "50000000", "netIncomeFromContinuingOperations": "1356000000", "comprehensiveIncomeNetOfTax": "1332000000", "ebit": "715000000", "ebitda": "846000000", "netIncome": "1233000000"}, {"fiscalDateEnding": "2017-09-30", "reportedCurrency": "USD", "grossProfit": "1071000000", "totalRevenue": "1432000000", "costOfRevenue": "361000000", "costofGoodsAndServicesSold": "99000000", "operatingIncome": "596000000", "sellingGeneralAndAdministrative": "38000000", "researchAndDevelopment": "99000000", "operatingExpenses": "550000000", "investmentIncomeNet": "None", "netInterestIncome": "-47000000", "interestIncome": "None", "interestExpense": "47000000", "nonInterestIncome": "1435000000", "otherNonOperatingIncome": "14000000", "depreciation": "None", "depreciationAndAmortization": "128000000", "incomeBeforeTax": "557000000", "incomeTaxExpense": "186000000", "interestAndDebtExpense": "47000000", "netIncomeFromContinuingOperations": "369000000", "comprehensiveIncomeNetOfTax": "416000000", "ebit": "604000000", "ebitda": "732000000", "netIncome": "371000000"}, {"fiscalDateEnding": "2017-06-30", "reportedCurrency": "USD", "grossProfit": "1116000000", "totalRevenue": "1496000000", "costOfRevenue": "378000000", "costofGoodsAndServicesSold": "97000000", "operatingIncome": "609000000", "sellingGeneralAndAdministrative": "38000000", "researchAndDevelopment": "97000000", "operatingExpenses": "571000000", "investmentIncomeNet": "None", "netInterestIncome": "-45000000", "interestIncome": "None", "interestExpense": "45000000", "nonInterestIncome": "1496000000", "otherNonOperatingIncome": "3000000", "depreciation": "None", "depreciationAndAmortization": "142000000", "incomeBeforeTax": "559000000", "incomeTaxExpense": "140000000", "interestAndDebtExpense": "45000000", "netIncomeFromContinuingOperations": "434000000", "comprehensiveIncomeNetOfTax": "479000000", "ebit": "604000000", "ebitda": "746000000", "netIncome": "419000000"}, {"fiscalDateEnding": "2017-03-31", "reportedCurrency": "USD", "grossProfit": "1091000000", "totalRevenue": "1471000000", "costOfRevenue": "378000000", "costofGoodsAndServicesSold": "98000000", "operatingIncome": "582000000", "sellingGeneralAndAdministrative": "41000000", "researchAndDevelopment": "98000000", "operatingExpenses": "584000000", "investmentIncomeNet": "None", "netInterestIncome": "-45000000", "interestIncome": "None", "interestExpense": "45000000", "nonInterestIncome": "1471000000", "otherNonOperatingIncome": "188000000", "depreciation": "None", "depreciationAndAmortization": "134000000", "incomeBeforeTax": "717000000", "incomeTaxExpense": "214000000", "interestAndDebtExpense": "45000000", "netIncomeFromContinuingOperations": "502000000", "comprehensiveIncomeNetOfTax": "420000000", "ebit": "762000000", "ebitda": "896000000", "netIncome": "503000000"}, {"fiscalDateEnding": "2016-12-31", "reportedCurrency": "USD", "grossProfit": "1096000000", "totalRevenue": "1497000000", "costOfRevenue": "388000000", "costofGoodsAndServicesSold": "97000000", "operatingIncome": "558000000", "sellingGeneralAndAdministrative": "33000000", "researchAndDevelopment": "97000000", "operatingExpenses": "588000000", "investmentIncomeNet": "None", "netInterestIncome": "-44000000", "interestIncome": "None", "interestExpense": "44000000", "nonInterestIncome": "None", "otherNonOperatingIncome": "22000000", "depreciation": "None", "depreciationAndAmortization": "140000000", "incomeBeforeTax": "529000000", "incomeTaxExpense": "177000000", "interestAndDebtExpense": "44000000", "netIncomeFromContinuingOperations": "312000000", "comprehensiveIncomeNetOfTax": "332000000", "ebit": "573000000", "ebitda": "713000000", "netIncome": "352000000"}]}