{"symbol": "IDXX", "annualReports": [{"fiscalDateEnding": "2020-12-31", "reportedCurrency": "USD", "grossProfit": "1571040000", "totalRevenue": "2706655000", "costOfRevenue": "1135615000", "costofGoodsAndServicesSold": "1135615000", "operatingIncome": "694524000", "sellingGeneralAndAdministrative": "735267000", "researchAndDevelopment": "141249000", "operatingExpenses": "979858000", "investmentIncomeNet": "None", "netInterestIncome": "-33125000", "interestIncome": "586000", "interestExpense": "33125000", "nonInterestIncome": "2707255000", "otherNonOperatingIncome": "586000", "depreciation": "None", "depreciationAndAmortization": "95895000", "incomeBeforeTax": "661630000", "incomeTaxExpense": "79854000", "interestAndDebtExpense": "33125000", "netIncomeFromContinuingOperations": "582131000", "comprehensiveIncomeNetOfTax": "574343000", "ebit": "694755000", "ebitda": "790650000", "netIncome": "581776000"}, {"fiscalDateEnding": "2019-12-31", "reportedCurrency": "USD", "grossProfit": "1365549000", "totalRevenue": "2406908000", "costOfRevenue": "1041359000", "costofGoodsAndServicesSold": "1041359000", "operatingIncome": "552846000", "sellingGeneralAndAdministrative": "679510000", "researchAndDevelopment": "133193000", "operatingExpenses": "902228000", "investmentIncomeNet": "None", "netInterestIncome": "-31055000", "interestIncome": "427000", "interestExpense": "31055000", "nonInterestIncome": "2405808000", "otherNonOperatingIncome": "427000", "depreciation": "None", "depreciationAndAmortization": "87895000", "incomeBeforeTax": "522146000", "incomeTaxExpense": "94426000", "interestAndDebtExpense": "31055000", "netIncomeFromContinuingOperations": "427792000", "comprehensiveIncomeNetOfTax": "423329000", "ebit": "553201000", "ebitda": "641096000", "netIncome": "427720000"}, {"fiscalDateEnding": "2018-12-31", "reportedCurrency": "USD", "grossProfit": "1241542000", "totalRevenue": "2213242000", "costOfRevenue": "971700000", "costofGoodsAndServicesSold": "971700000", "operatingIncome": "491335000", "sellingGeneralAndAdministrative": "632344000", "researchAndDevelopment": "117863000", "operatingExpenses": "750207000", "investmentIncomeNet": "None", "netInterestIncome": "-34744000", "interestIncome": "1151000", "interestExpense": "34744000", "nonInterestIncome": "2210142000", "otherNonOperatingIncome": "1151000", "depreciation": "None", "depreciationAndAmortization": "83108000", "incomeBeforeTax": "457726000", "incomeTaxExpense": "80695000", "interestAndDebtExpense": "34744000", "netIncomeFromContinuingOperations": "377047000", "comprehensiveIncomeNetOfTax": "371710000", "ebit": "492470000", "ebitda": "575578000", "netIncome": "377031000"}, {"fiscalDateEnding": "2017-12-31", "reportedCurrency": "USD", "grossProfit": "1097382000", "totalRevenue": "1969058000", "costOfRevenue": "871676000", "costofGoodsAndServicesSold": "871676000", "operatingIncome": "413028000", "sellingGeneralAndAdministrative": "575172000", "researchAndDevelopment": "109182000", "operatingExpenses": "769032000", "investmentIncomeNet": "None", "netInterestIncome": "-37225000", "interestIncome": "5254000", "interestExpense": "37225000", "nonInterestIncome": "1100000", "otherNonOperatingIncome": "5254000", "depreciation": "None", "depreciationAndAmortization": "82797000", "incomeBeforeTax": "380932000", "incomeTaxExpense": "117788000", "interestAndDebtExpense": "37225000", "netIncomeFromContinuingOperations": "263269000", "comprehensiveIncomeNetOfTax": "269727000", "ebit": "418157000", "ebitda": "500954000", "netIncome": "263144000"}, {"fiscalDateEnding": "2016-12-31", "reportedCurrency": "USD", "grossProfit": "975436000", "totalRevenue": "1775423000", "costOfRevenue": "799987000", "costofGoodsAndServicesSold": "799987000", "operatingIncome": "350239000", "sellingGeneralAndAdministrative": "524075000", "researchAndDevelopment": "101122000", "operatingExpenses": "703832000", "investmentIncomeNet": "None", "netInterestIncome": "-32049000", "interestIncome": "3656000", "interestExpense": "32049000", "nonInterestIncome": "-1300000", "otherNonOperatingIncome": "3656000", "depreciation": "None", "depreciationAndAmortization": "73037000", "incomeBeforeTax": "321837000", "incomeTaxExpense": "99792000", "interestAndDebtExpense": "32049000", "netIncomeFromContinuingOperations": "222054000", "comprehensiveIncomeNetOfTax": "221257000", "ebit": "353886000", "ebitda": "426923000", "netIncome": "222045000"}], "quarterlyReports": [{"fiscalDateEnding": "2021-09-30", "reportedCurrency": "USD", "grossProfit": "472921000", "totalRevenue": "810421000", "costOfRevenue": "337500000", "costofGoodsAndServicesSold": "337500000", "operatingIncome": "225962000", "sellingGeneralAndAdministrative": "206532000", "researchAndDevelopment": "40427000", "operatingExpenses": "246959000", "investmentIncomeNet": "None", "netInterestIncome": "-7134000", "interestIncome": "122000", "interestExpense": "7134000", "nonInterestIncome": "810421000", "otherNonOperatingIncome": "122000", "depreciation": "None", "depreciationAndAmortization": "26467000", "incomeBeforeTax": "219007000", "incomeTaxExpense": "43772000", "interestAndDebtExpense": "7134000", "netIncomeFromContinuingOperations": "175178000", "comprehensiveIncomeNetOfTax": "171569000", "ebit": "226141000", "ebitda": "252608000", "netIncome": "175235000"}, {"fiscalDateEnding": "2021-06-30", "reportedCurrency": "USD", "grossProfit": "489308000", "totalRevenue": "826142000", "costOfRevenue": "336834000", "costofGoodsAndServicesSold": "336834000", "operatingIncome": "259253000", "sellingGeneralAndAdministrative": "192358000", "researchAndDevelopment": "37697000", "operatingExpenses": "230055000", "investmentIncomeNet": "None", "netInterestIncome": "-7613000", "interestIncome": "91000", "interestExpense": "7613000", "nonInterestIncome": "826142000", "otherNonOperatingIncome": "91000", "depreciation": "None", "depreciationAndAmortization": "25377000", "incomeBeforeTax": "251707000", "incomeTaxExpense": "49125000", "interestAndDebtExpense": "7613000", "netIncomeFromContinuingOperations": "202606000", "comprehensiveIncomeNetOfTax": "213727000", "ebit": "259320000", "ebitda": "284697000", "netIncome": "202582000"}, {"fiscalDateEnding": "2021-03-31", "reportedCurrency": "USD", "grossProfit": "470782000", "totalRevenue": "777707000", "costOfRevenue": "306925000", "costofGoodsAndServicesSold": "306925000", "operatingIncome": "247622000", "sellingGeneralAndAdministrative": "185581000", "researchAndDevelopment": "37579000", "operatingExpenses": "223160000", "investmentIncomeNet": "None", "netInterestIncome": "-7584000", "interestIncome": "52000", "interestExpense": "7584000", "nonInterestIncome": "777707000", "otherNonOperatingIncome": "52000", "depreciation": "None", "depreciationAndAmortization": "25057000", "incomeBeforeTax": "240058000", "incomeTaxExpense": "35801000", "interestAndDebtExpense": "7584000", "netIncomeFromContinuingOperations": "204289000", "comprehensiveIncomeNetOfTax": "198336000", "ebit": "247642000", "ebitda": "272699000", "netIncome": "204257000"}, {"fiscalDateEnding": "2020-12-31", "reportedCurrency": "USD", "grossProfit": "409502000", "totalRevenue": "720938000", "costOfRevenue": "311436000", "costofGoodsAndServicesSold": "311436000", "operatingIncome": "185095000", "sellingGeneralAndAdministrative": "185630000", "researchAndDevelopment": "38777000", "operatingExpenses": "325756000", "investmentIncomeNet": "None", "netInterestIncome": "-7828000", "interestIncome": "169000", "interestExpense": "7828000", "nonInterestIncome": "721538000", "otherNonOperatingIncome": "169000", "depreciation": "None", "depreciationAndAmortization": "24561000", "incomeBeforeTax": "177268000", "incomeTaxExpense": "2478000", "interestAndDebtExpense": "7828000", "netIncomeFromContinuingOperations": "174958000", "comprehensiveIncomeNetOfTax": "183100000", "ebit": "185096000", "ebitda": "209657000", "netIncome": "174790000"}, {"fiscalDateEnding": "2020-09-30", "reportedCurrency": "USD", "grossProfit": "422606000", "totalRevenue": "721789000", "costOfRevenue": "299183000", "costofGoodsAndServicesSold": "299183000", "operatingIncome": "171856000", "sellingGeneralAndAdministrative": "213233000", "researchAndDevelopment": "37517000", "operatingExpenses": "250750000", "investmentIncomeNet": "None", "netInterestIncome": "-8110000", "interestIncome": "208000", "interestExpense": "8110000", "nonInterestIncome": "721789000", "otherNonOperatingIncome": "208000", "depreciation": "None", "depreciationAndAmortization": "24651000", "incomeBeforeTax": "163852000", "incomeTaxExpense": "17633000", "interestAndDebtExpense": "8110000", "netIncomeFromContinuingOperations": "146321000", "comprehensiveIncomeNetOfTax": "141326000", "ebit": "171962000", "ebitda": "196613000", "netIncome": "146219000"}, {"fiscalDateEnding": "2020-06-30", "reportedCurrency": "USD", "grossProfit": "379342000", "totalRevenue": "637592000", "costOfRevenue": "258250000", "costofGoodsAndServicesSold": "258250000", "operatingIncome": "193248000", "sellingGeneralAndAdministrative": "154449000", "researchAndDevelopment": "31645000", "operatingExpenses": "186094000", "investmentIncomeNet": "None", "netInterestIncome": "-9495000", "interestIncome": "69000", "interestExpense": "9495000", "nonInterestIncome": "637592000", "otherNonOperatingIncome": "69000", "depreciation": "None", "depreciationAndAmortization": "23582000", "incomeBeforeTax": "183766000", "incomeTaxExpense": "34826000", "interestAndDebtExpense": "9495000", "netIncomeFromContinuingOperations": "148996000", "comprehensiveIncomeNetOfTax": "147154000", "ebit": "193261000", "ebitda": "216843000", "netIncome": "148940000"}, {"fiscalDateEnding": "2020-03-31", "reportedCurrency": "USD", "grossProfit": "359590000", "totalRevenue": "626336000", "costOfRevenue": "266746000", "costofGoodsAndServicesSold": "266746000", "operatingIncome": "144325000", "sellingGeneralAndAdministrative": "181955000", "researchAndDevelopment": "33310000", "operatingExpenses": "215265000", "investmentIncomeNet": "None", "netInterestIncome": "-7692000", "interestIncome": "140000", "interestExpense": "7692000", "nonInterestIncome": "626336000", "otherNonOperatingIncome": "140000", "depreciation": "None", "depreciationAndAmortization": "23204000", "incomeBeforeTax": "136744000", "incomeTaxExpense": "24917000", "interestAndDebtExpense": "7692000", "netIncomeFromContinuingOperations": "111856000", "comprehensiveIncomeNetOfTax": "102763000", "ebit": "144436000", "ebitda": "167640000", "netIncome": "111827000"}, {"fiscalDateEnding": "2019-12-31", "reportedCurrency": "USD", "grossProfit": "331149000", "totalRevenue": "605446000", "costOfRevenue": "274297000", "costofGoodsAndServicesSold": "274297000", "operatingIncome": "115631000", "sellingGeneralAndAdministrative": "180358000", "researchAndDevelopment": "35160000", "operatingExpenses": "305043000", "investmentIncomeNet": "None", "netInterestIncome": "-7393000", "interestIncome": "268000", "interestExpense": "7393000", "nonInterestIncome": "605446000", "otherNonOperatingIncome": "268000", "depreciation": "None", "depreciationAndAmortization": "22589000", "incomeBeforeTax": "108458000", "incomeTaxExpense": "17962000", "interestAndDebtExpense": "7393000", "netIncomeFromContinuingOperations": "115631000", "comprehensiveIncomeNetOfTax": "89879000", "ebit": "115851000", "ebitda": "138440000", "netIncome": "90496000"}, {"fiscalDateEnding": "2019-09-30", "reportedCurrency": "USD", "grossProfit": "344950000", "totalRevenue": "605303000", "costOfRevenue": "260353000", "costofGoodsAndServicesSold": "260353000", "operatingIncome": "139802000", "sellingGeneralAndAdministrative": "170888000", "researchAndDevelopment": "34260000", "operatingExpenses": "205148000", "investmentIncomeNet": "None", "netInterestIncome": "-7090000", "interestIncome": "86000", "interestExpense": "7090000", "nonInterestIncome": "605303000", "otherNonOperatingIncome": "86000", "depreciation": "None", "depreciationAndAmortization": "22446000", "incomeBeforeTax": "132797000", "incomeTaxExpense": "23960000", "interestAndDebtExpense": "7090000", "netIncomeFromContinuingOperations": "108838000", "comprehensiveIncomeNetOfTax": "103855000", "ebit": "139887000", "ebitda": "162333000", "netIncome": "108837000"}, {"fiscalDateEnding": "2019-06-30", "reportedCurrency": "USD", "grossProfit": "357853000", "totalRevenue": "620103000", "costOfRevenue": "262250000", "costofGoodsAndServicesSold": "262250000", "operatingIncome": "164275000", "sellingGeneralAndAdministrative": "161319000", "researchAndDevelopment": "32259000", "operatingExpenses": "193578000", "investmentIncomeNet": "None", "netInterestIncome": "-8186000", "interestIncome": "33000", "interestExpense": "8186000", "nonInterestIncome": "620103000", "otherNonOperatingIncome": "33000", "depreciation": "None", "depreciationAndAmortization": "21621000", "incomeBeforeTax": "156127000", "incomeTaxExpense": "30421000", "interestAndDebtExpense": "8186000", "netIncomeFromContinuingOperations": "125701000", "comprehensiveIncomeNetOfTax": "125138000", "ebit": "164313000", "ebitda": "185934000", "netIncome": "125706000"}, {"fiscalDateEnding": "2019-03-31", "reportedCurrency": "USD", "grossProfit": "331597000", "totalRevenue": "576056000", "costOfRevenue": "244459000", "costofGoodsAndServicesSold": "244459000", "operatingIncome": "133138000", "sellingGeneralAndAdministrative": "166945000", "researchAndDevelopment": "31514000", "operatingExpenses": "198459000", "investmentIncomeNet": "None", "netInterestIncome": "-8386000", "interestIncome": "-8346000", "interestExpense": "8386000", "nonInterestIncome": "576056000", "otherNonOperatingIncome": "40000", "depreciation": "None", "depreciationAndAmortization": "21355000", "incomeBeforeTax": "124764000", "incomeTaxExpense": "22083000", "interestAndDebtExpense": "8386000", "netIncomeFromContinuingOperations": "102709000", "comprehensiveIncomeNetOfTax": "104457000", "ebit": "133150000", "ebitda": "154505000", "netIncome": "102681000"}, {"fiscalDateEnding": "2018-12-31", "reportedCurrency": "USD", "grossProfit": "300361000", "totalRevenue": "549386000", "costOfRevenue": "249025000", "costofGoodsAndServicesSold": "249025000", "operatingIncome": "115347000", "sellingGeneralAndAdministrative": "154876000", "researchAndDevelopment": "30138000", "operatingExpenses": "185014000", "investmentIncomeNet": "None", "netInterestIncome": "-8560000", "interestIncome": "None", "interestExpense": "8560000", "nonInterestIncome": "549386000", "otherNonOperatingIncome": "258000", "depreciation": "None", "depreciationAndAmortization": "20604000", "incomeBeforeTax": "107006000", "incomeTaxExpense": "21368000", "interestAndDebtExpense": "8560000", "netIncomeFromContinuingOperations": "115347000", "comprehensiveIncomeNetOfTax": "86034000", "ebit": "115566000", "ebitda": "136170000", "netIncome": "85638000"}, {"fiscalDateEnding": "2018-09-30", "reportedCurrency": "USD", "grossProfit": "305643000", "totalRevenue": "545448000", "costOfRevenue": "239805000", "costofGoodsAndServicesSold": "239805000", "operatingIncome": "117350000", "sellingGeneralAndAdministrative": "159101000", "researchAndDevelopment": "29192000", "operatingExpenses": "188293000", "investmentIncomeNet": "None", "netInterestIncome": "-8453000", "interestIncome": "None", "interestExpense": "8453000", "nonInterestIncome": "545448000", "otherNonOperatingIncome": "142000", "depreciation": "None", "depreciationAndAmortization": "20878000", "incomeBeforeTax": "109076000", "incomeTaxExpense": "15825000", "interestAndDebtExpense": "8453000", "netIncomeFromContinuingOperations": "93214000", "comprehensiveIncomeNetOfTax": "93623000", "ebit": "117529000", "ebitda": "138407000", "netIncome": "93251000"}, {"fiscalDateEnding": "2018-06-30", "reportedCurrency": "USD", "grossProfit": "332439000", "totalRevenue": "580752000", "costOfRevenue": "248313000", "costofGoodsAndServicesSold": "248313000", "operatingIncome": "145594000", "sellingGeneralAndAdministrative": "157335000", "researchAndDevelopment": "29510000", "operatingExpenses": "186845000", "investmentIncomeNet": "None", "netInterestIncome": "-8457000", "interestIncome": "None", "interestExpense": "8457000", "nonInterestIncome": "1161504000", "otherNonOperatingIncome": "172000", "depreciation": "None", "depreciationAndAmortization": "20892000", "incomeBeforeTax": "137320000", "incomeTaxExpense": "28629000", "interestAndDebtExpense": "8457000", "netIncomeFromContinuingOperations": "108680000", "comprehensiveIncomeNetOfTax": "100338000", "ebit": "145777000", "ebitda": "166669000", "netIncome": "108691000"}, {"fiscalDateEnding": "2018-03-31", "reportedCurrency": "USD", "grossProfit": "303099000", "totalRevenue": "537656000", "costOfRevenue": "234557000", "costofGoodsAndServicesSold": "234557000", "operatingIncome": "113044000", "sellingGeneralAndAdministrative": "161032000", "researchAndDevelopment": "29023000", "operatingExpenses": "190055000", "investmentIncomeNet": "None", "netInterestIncome": "-9274000", "interestIncome": "None", "interestExpense": "9274000", "nonInterestIncome": "1075312000", "otherNonOperatingIncome": "579000", "depreciation": "None", "depreciationAndAmortization": "20804000", "incomeBeforeTax": "104324000", "incomeTaxExpense": "14873000", "interestAndDebtExpense": "9274000", "netIncomeFromContinuingOperations": "89476000", "comprehensiveIncomeNetOfTax": "91715000", "ebit": "113598000", "ebitda": "134402000", "netIncome": "89451000"}, {"fiscalDateEnding": "2017-12-31", "reportedCurrency": "USD", "grossProfit": "272474000", "totalRevenue": "506121000", "costOfRevenue": "233647000", "costofGoodsAndServicesSold": "233647000", "operatingIncome": "97808000", "sellingGeneralAndAdministrative": "145857000", "researchAndDevelopment": "28809000", "operatingExpenses": "257948000", "investmentIncomeNet": "None", "netInterestIncome": "-9717000", "interestIncome": "None", "interestExpense": "9717000", "nonInterestIncome": "506121000", "otherNonOperatingIncome": "1595000", "depreciation": "None", "depreciationAndAmortization": "21520000", "incomeBeforeTax": "89653000", "incomeTaxExpense": "51396000", "interestAndDebtExpense": "9717000", "netIncomeFromContinuingOperations": "97808000", "comprehensiveIncomeNetOfTax": "36435000", "ebit": "99370000", "ebitda": "120890000", "netIncome": "38257000"}, {"fiscalDateEnding": "2017-09-30", "reportedCurrency": "USD", "grossProfit": "274002000", "totalRevenue": "491976000", "costOfRevenue": "217974000", "costofGoodsAndServicesSold": "217974000", "operatingIncome": "100413000", "sellingGeneralAndAdministrative": "146004000", "researchAndDevelopment": "27585000", "operatingExpenses": "173589000", "investmentIncomeNet": "None", "netInterestIncome": "-9764000", "interestIncome": "None", "interestExpense": "9764000", "nonInterestIncome": "491976000", "otherNonOperatingIncome": "1400000", "depreciation": "None", "depreciationAndAmortization": "20727000", "incomeBeforeTax": "92046000", "incomeTaxExpense": "21535000", "interestAndDebtExpense": "9764000", "netIncomeFromContinuingOperations": "70514000", "comprehensiveIncomeNetOfTax": "74251000", "ebit": "101810000", "ebitda": "122537000", "netIncome": "70511000"}, {"fiscalDateEnding": "2017-06-30", "reportedCurrency": "USD", "grossProfit": "292715000", "totalRevenue": "508940000", "costOfRevenue": "216225000", "costofGoodsAndServicesSold": "216225000", "operatingIncome": "122564000", "sellingGeneralAndAdministrative": "143153000", "researchAndDevelopment": "26998000", "operatingExpenses": "170151000", "investmentIncomeNet": "None", "netInterestIncome": "-9155000", "interestIncome": "None", "interestExpense": "9155000", "nonInterestIncome": "1017880000", "otherNonOperatingIncome": "1176000", "depreciation": "None", "depreciationAndAmortization": "20586000", "incomeBeforeTax": "114535000", "incomeTaxExpense": "29178000", "interestAndDebtExpense": "9155000", "netIncomeFromContinuingOperations": "85407000", "comprehensiveIncomeNetOfTax": "85348000", "ebit": "123690000", "ebitda": "144276000", "netIncome": "85357000"}, {"fiscalDateEnding": "2017-03-31", "reportedCurrency": "USD", "grossProfit": "258191000", "totalRevenue": "462021000", "costOfRevenue": "203830000", "costofGoodsAndServicesSold": "203830000", "operatingIncome": "92243000", "sellingGeneralAndAdministrative": "140158000", "researchAndDevelopment": "25790000", "operatingExpenses": "165948000", "investmentIncomeNet": "None", "netInterestIncome": "-8589000", "interestIncome": "None", "interestExpense": "8589000", "nonInterestIncome": "924042000", "otherNonOperatingIncome": "1083000", "depreciation": "None", "depreciationAndAmortization": "20307000", "incomeBeforeTax": "84698000", "incomeTaxExpense": "15679000", "interestAndDebtExpense": "8589000", "netIncomeFromContinuingOperations": "69058000", "comprehensiveIncomeNetOfTax": "73693000", "ebit": "93287000", "ebitda": "113594000", "netIncome": "69019000"}, {"fiscalDateEnding": "2016-12-31", "reportedCurrency": "USD", "grossProfit": "240626000", "totalRevenue": "442996000", "costOfRevenue": "202370000", "costofGoodsAndServicesSold": "202370000", "operatingIncome": "83825000", "sellingGeneralAndAdministrative": "131383000", "researchAndDevelopment": "25418000", "operatingExpenses": "230166000", "investmentIncomeNet": "None", "netInterestIncome": "-7755000", "interestIncome": "None", "interestExpense": "7755000", "nonInterestIncome": "None", "otherNonOperatingIncome": "1057000", "depreciation": "None", "depreciationAndAmortization": "20241000", "incomeBeforeTax": "77125000", "incomeTaxExpense": "24756000", "interestAndDebtExpense": "7755000", "netIncomeFromContinuingOperations": "83825000", "comprehensiveIncomeNetOfTax": "44397000", "ebit": "84880000", "ebitda": "105121000", "netIncome": "52369000"}]}