{"symbol": "IEX", "annualReports": [{"fiscalDateEnding": "2020-12-31", "reportedCurrency": "USD", "grossProfit": "1027424000", "totalRevenue": "2351646000", "costOfRevenue": "1324222000", "costofGoodsAndServicesSold": "1324222000", "operatingIncome": "520713000", "sellingGeneralAndAdministrative": "494935000", "researchAndDevelopment": "48200000", "operatingExpenses": "601203000", "investmentIncomeNet": "None", "netInterestIncome": "-44746000", "interestIncome": "-44746000", "interestExpense": "44746000", "nonInterestIncome": "2348646000", "otherNonOperatingIncome": "-5627000", "depreciation": "None", "depreciationAndAmortization": "41844000", "incomeBeforeTax": "470340000", "incomeTaxExpense": "92562000", "interestAndDebtExpense": "44746000", "netIncomeFromContinuingOperations": "377778000", "comprehensiveIncomeNetOfTax": "491598000", "ebit": "515086000", "ebitda": "556930000", "netIncome": "377778000"}, {"fiscalDateEnding": "2019-12-31", "reportedCurrency": "USD", "grossProfit": "1125034000", "totalRevenue": "2494573000", "costOfRevenue": "1369539000", "costofGoodsAndServicesSold": "1369539000", "operatingIncome": "579003000", "sellingGeneralAndAdministrative": "524987000", "researchAndDevelopment": "56400000", "operatingExpenses": "651575000", "investmentIncomeNet": "None", "netInterestIncome": "-44341000", "interestIncome": "-44341000", "interestExpense": "44341000", "nonInterestIncome": "2491273000", "otherNonOperatingIncome": "-1759000", "depreciation": "None", "depreciationAndAmortization": "37333000", "incomeBeforeTax": "532903000", "incomeTaxExpense": "107382000", "interestAndDebtExpense": "44341000", "netIncomeFromContinuingOperations": "425521000", "comprehensiveIncomeNetOfTax": "427401000", "ebit": "577244000", "ebitda": "614577000", "netIncome": "425521000"}, {"fiscalDateEnding": "2018-12-31", "reportedCurrency": "USD", "grossProfit": "1117895000", "totalRevenue": "2483666000", "costOfRevenue": "1365771000", "costofGoodsAndServicesSold": "1365771000", "operatingIncome": "569088000", "sellingGeneralAndAdministrative": "536724000", "researchAndDevelopment": "48000000", "operatingExpenses": "638856000", "investmentIncomeNet": "None", "netInterestIncome": "-44134000", "interestIncome": "-44134000", "interestExpense": "44134000", "nonInterestIncome": "2486066000", "otherNonOperatingIncome": "3985000", "depreciation": "None", "depreciationAndAmortization": "39049000", "incomeBeforeTax": "528939000", "incomeTaxExpense": "118366000", "interestAndDebtExpense": "44134000", "netIncomeFromContinuingOperations": "410573000", "comprehensiveIncomeNetOfTax": "377290000", "ebit": "573073000", "ebitda": "612122000", "netIncome": "410573000"}, {"fiscalDateEnding": "2017-12-31", "reportedCurrency": "USD", "grossProfit": "1026678000", "totalRevenue": "2287312000", "costOfRevenue": "1260634000", "costofGoodsAndServicesSold": "1260634000", "operatingIncome": "502556000", "sellingGeneralAndAdministrative": "524940000", "researchAndDevelopment": "42400000", "operatingExpenses": "604809000", "investmentIncomeNet": "None", "netInterestIncome": "-44889000", "interestIncome": "-44889000", "interestExpense": "44889000", "nonInterestIncome": "-11200000", "otherNonOperatingIncome": "-2394000", "depreciation": "None", "depreciationAndAmortization": "38314000", "incomeBeforeTax": "455273000", "incomeTaxExpense": "118016000", "interestAndDebtExpense": "44889000", "netIncomeFromContinuingOperations": "337257000", "comprehensiveIncomeNetOfTax": "449403000", "ebit": "500162000", "ebitda": "538476000", "netIncome": "337257000"}, {"fiscalDateEnding": "2016-12-31", "reportedCurrency": "USD", "grossProfit": "930767000", "totalRevenue": "2113043000", "costOfRevenue": "1182276000", "costofGoodsAndServicesSold": "1182276000", "operatingIncome": "412397000", "sellingGeneralAndAdministrative": "492398000", "researchAndDevelopment": "39400000", "operatingExpenses": "602427000", "investmentIncomeNet": "None", "netInterestIncome": "-45616000", "interestIncome": "-45616000", "interestExpense": "45616000", "nonInterestIncome": "-16100000", "otherNonOperatingIncome": "1731000", "depreciation": "None", "depreciationAndAmortization": "37854000", "incomeBeforeTax": "368512000", "incomeTaxExpense": "97403000", "interestAndDebtExpense": "45616000", "netIncomeFromContinuingOperations": "271109000", "comprehensiveIncomeNetOfTax": "215954000", "ebit": "414128000", "ebitda": "451982000", "netIncome": "271109000"}], "quarterlyReports": [{"fiscalDateEnding": "2021-09-30", "reportedCurrency": "USD", "grossProfit": "311569000", "totalRevenue": "712019000", "costOfRevenue": "400450000", "costofGoodsAndServicesSold": "400450000", "operatingIncome": "161185000", "sellingGeneralAndAdministrative": "147180000", "researchAndDevelopment": "None", "operatingExpenses": "163380000", "investmentIncomeNet": "None", "netInterestIncome": "-9498000", "interestIncome": "-9498000", "interestExpense": "9498000", "nonInterestIncome": "712019000", "otherNonOperatingIncome": "-630000", "depreciation": "None", "depreciationAndAmortization": "16200000", "incomeBeforeTax": "151042000", "incomeTaxExpense": "35300000", "interestAndDebtExpense": "9498000", "netIncomeFromContinuingOperations": "115757000", "comprehensiveIncomeNetOfTax": "87881000", "ebit": "160540000", "ebitda": "176740000", "netIncome": "115742000"}, {"fiscalDateEnding": "2021-06-30", "reportedCurrency": "USD", "grossProfit": "306072000", "totalRevenue": "685947000", "costOfRevenue": "379875000", "costofGoodsAndServicesSold": "379875000", "operatingIncome": "158256000", "sellingGeneralAndAdministrative": "144680000", "researchAndDevelopment": "None", "operatingExpenses": "158280000", "investmentIncomeNet": "None", "netInterestIncome": "-11205000", "interestIncome": "-11205000", "interestExpense": "11205000", "nonInterestIncome": "685947000", "otherNonOperatingIncome": "-17175000", "depreciation": "None", "depreciationAndAmortization": "13500000", "incomeBeforeTax": "129895000", "incomeTaxExpense": "27700000", "interestAndDebtExpense": "11205000", "netIncomeFromContinuingOperations": "102176000", "comprehensiveIncomeNetOfTax": "133532000", "ebit": "141100000", "ebitda": "154600000", "netIncome": "102195000"}, {"fiscalDateEnding": "2021-03-31", "reportedCurrency": "USD", "grossProfit": "292623000", "totalRevenue": "652036000", "costOfRevenue": "359413000", "costofGoodsAndServicesSold": "359413000", "operatingIncome": "155547000", "sellingGeneralAndAdministrative": "134848000", "researchAndDevelopment": "None", "operatingExpenses": "148202000", "investmentIncomeNet": "None", "netInterestIncome": "-10776000", "interestIncome": "-10776000", "interestExpense": "10776000", "nonInterestIncome": "652036000", "otherNonOperatingIncome": "848000", "depreciation": "None", "depreciationAndAmortization": "10990000", "incomeBeforeTax": "145608000", "incomeTaxExpense": "32900000", "interestAndDebtExpense": "10776000", "netIncomeFromContinuingOperations": "112719000", "comprehensiveIncomeNetOfTax": "65676000", "ebit": "156384000", "ebitda": "167374000", "netIncome": "112708000"}, {"fiscalDateEnding": "2020-12-31", "reportedCurrency": "USD", "grossProfit": "269168000", "totalRevenue": "614822000", "costOfRevenue": "345654000", "costofGoodsAndServicesSold": "345654000", "operatingIncome": "138965000", "sellingGeneralAndAdministrative": "125185000", "researchAndDevelopment": "None", "operatingExpenses": "193487000", "investmentIncomeNet": "None", "netInterestIncome": "-10788000", "interestIncome": "-10788000", "interestExpense": "10788000", "nonInterestIncome": "611822000", "otherNonOperatingIncome": "1694000", "depreciation": "None", "depreciationAndAmortization": "10721000", "incomeBeforeTax": "129830000", "incomeTaxExpense": "28762000", "interestAndDebtExpense": "10788000", "netIncomeFromContinuingOperations": "138965000", "comprehensiveIncomeNetOfTax": "168792000", "ebit": "140618000", "ebitda": "151339000", "netIncome": "101068000"}, {"fiscalDateEnding": "2020-09-30", "reportedCurrency": "USD", "grossProfit": "251500000", "totalRevenue": "581113000", "costOfRevenue": "329613000", "costofGoodsAndServicesSold": "329613000", "operatingIncome": "131213000", "sellingGeneralAndAdministrative": "117370000", "researchAndDevelopment": "None", "operatingExpenses": "131387000", "investmentIncomeNet": "None", "netInterestIncome": "-10642000", "interestIncome": "-10642000", "interestExpense": "10642000", "nonInterestIncome": "581113000", "otherNonOperatingIncome": "704000", "depreciation": "None", "depreciationAndAmortization": "11100000", "incomeBeforeTax": "121248000", "incomeTaxExpense": "17400000", "interestAndDebtExpense": "10642000", "netIncomeFromContinuingOperations": "103875000", "comprehensiveIncomeNetOfTax": "152154000", "ebit": "131890000", "ebitda": "142990000", "netIncome": "103848000"}, {"fiscalDateEnding": "2020-06-30", "reportedCurrency": "USD", "grossProfit": "234800000", "totalRevenue": "561249000", "costOfRevenue": "326449000", "costofGoodsAndServicesSold": "326449000", "operatingIncome": "110594000", "sellingGeneralAndAdministrative": "120365000", "researchAndDevelopment": "None", "operatingExpenses": "134706000", "investmentIncomeNet": "None", "netInterestIncome": "-12439000", "interestIncome": "-12439000", "interestExpense": "12439000", "nonInterestIncome": "561249000", "otherNonOperatingIncome": "-6460000", "depreciation": "None", "depreciationAndAmortization": "10500000", "incomeBeforeTax": "91695000", "incomeTaxExpense": "20800000", "interestAndDebtExpense": "12439000", "netIncomeFromContinuingOperations": "70864000", "comprehensiveIncomeNetOfTax": "91620000", "ebit": "104134000", "ebitda": "114634000", "netIncome": "70864000"}, {"fiscalDateEnding": "2020-03-31", "reportedCurrency": "USD", "grossProfit": "271956000", "totalRevenue": "594462000", "costOfRevenue": "322506000", "costofGoodsAndServicesSold": "322506000", "operatingIncome": "139941000", "sellingGeneralAndAdministrative": "132015000", "researchAndDevelopment": "None", "operatingExpenses": "141515000", "investmentIncomeNet": "None", "netInterestIncome": "-10877000", "interestIncome": "-10877000", "interestExpense": "10877000", "nonInterestIncome": "594462000", "otherNonOperatingIncome": "-1565000", "depreciation": "None", "depreciationAndAmortization": "9500000", "incomeBeforeTax": "127498000", "incomeTaxExpense": "25500000", "interestAndDebtExpense": "10877000", "netIncomeFromContinuingOperations": "101998000", "comprehensiveIncomeNetOfTax": "79032000", "ebit": "138375000", "ebitda": "147875000", "netIncome": "101998000"}, {"fiscalDateEnding": "2019-12-31", "reportedCurrency": "USD", "grossProfit": "266885000", "totalRevenue": "605997000", "costOfRevenue": "339112000", "costofGoodsAndServicesSold": "339112000", "operatingIncome": "134173000", "sellingGeneralAndAdministrative": "125750000", "researchAndDevelopment": "None", "operatingExpenses": "210509000", "investmentIncomeNet": "None", "netInterestIncome": "-11079000", "interestIncome": "-11079000", "interestExpense": "11079000", "nonInterestIncome": "602697000", "otherNonOperatingIncome": "-1058000", "depreciation": "None", "depreciationAndAmortization": "9586000", "incomeBeforeTax": "122032000", "incomeTaxExpense": "25182000", "interestAndDebtExpense": "11079000", "netIncomeFromContinuingOperations": "134173000", "comprehensiveIncomeNetOfTax": "129366000", "ebit": "133111000", "ebitda": "142697000", "netIncome": "96850000"}, {"fiscalDateEnding": "2019-09-30", "reportedCurrency": "USD", "grossProfit": "281978000", "totalRevenue": "624246000", "costOfRevenue": "342268000", "costofGoodsAndServicesSold": "342268000", "operatingIncome": "141765000", "sellingGeneralAndAdministrative": "128257000", "researchAndDevelopment": "None", "operatingExpenses": "147657000", "investmentIncomeNet": "None", "netInterestIncome": "-11330000", "interestIncome": "-11330000", "interestExpense": "11330000", "nonInterestIncome": "624246000", "otherNonOperatingIncome": "-1219000", "depreciation": "None", "depreciationAndAmortization": "9700000", "incomeBeforeTax": "129194000", "incomeTaxExpense": "24000000", "interestAndDebtExpense": "11330000", "netIncomeFromContinuingOperations": "105194000", "comprehensiveIncomeNetOfTax": "70242000", "ebit": "140524000", "ebitda": "150224000", "netIncome": "105194000"}, {"fiscalDateEnding": "2019-06-30", "reportedCurrency": "USD", "grossProfit": "292337000", "totalRevenue": "642099000", "costOfRevenue": "349762000", "costofGoodsAndServicesSold": "349762000", "operatingIncome": "155283000", "sellingGeneralAndAdministrative": "134928000", "researchAndDevelopment": "None", "operatingExpenses": "146054000", "investmentIncomeNet": "None", "netInterestIncome": "-11011000", "interestIncome": "-11011000", "interestExpense": "11011000", "nonInterestIncome": "642099000", "otherNonOperatingIncome": "378000", "depreciation": "None", "depreciationAndAmortization": "9000000", "incomeBeforeTax": "144650000", "incomeTaxExpense": "31441000", "interestAndDebtExpense": "11011000", "netIncomeFromContinuingOperations": "113209000", "comprehensiveIncomeNetOfTax": "118317000", "ebit": "155661000", "ebitda": "164661000", "netIncome": "113209000"}, {"fiscalDateEnding": "2019-03-31", "reportedCurrency": "USD", "grossProfit": "283834000", "totalRevenue": "622231000", "costOfRevenue": "338397000", "costofGoodsAndServicesSold": "338397000", "operatingIncome": "147782000", "sellingGeneralAndAdministrative": "136052000", "researchAndDevelopment": "None", "operatingExpenses": "145052000", "investmentIncomeNet": "None", "netInterestIncome": "-10921000", "interestIncome": "None", "interestExpense": "10921000", "nonInterestIncome": "622231000", "otherNonOperatingIncome": "140000", "depreciation": "None", "depreciationAndAmortization": "9000000", "incomeBeforeTax": "137001000", "incomeTaxExpense": "26733000", "interestAndDebtExpense": "10921000", "netIncomeFromContinuingOperations": "110268000", "comprehensiveIncomeNetOfTax": "109476000", "ebit": "147922000", "ebitda": "156922000", "netIncome": "110268000"}, {"fiscalDateEnding": "2018-12-31", "reportedCurrency": "USD", "grossProfit": "273643000", "totalRevenue": "614094000", "costOfRevenue": "340451000", "costofGoodsAndServicesSold": "340451000", "operatingIncome": "139441000", "sellingGeneralAndAdministrative": "130370000", "researchAndDevelopment": "48000000", "operatingExpenses": "194751000", "investmentIncomeNet": "None", "netInterestIncome": "-11036000", "interestIncome": "None", "interestExpense": "11036000", "nonInterestIncome": "616494000", "otherNonOperatingIncome": "420000", "depreciation": "None", "depreciationAndAmortization": "9549000", "incomeBeforeTax": "128825000", "incomeTaxExpense": "30688000", "interestAndDebtExpense": "11036000", "netIncomeFromContinuingOperations": "139441000", "comprehensiveIncomeNetOfTax": "83014000", "ebit": "139861000", "ebitda": "149410000", "netIncome": "98137000"}, {"fiscalDateEnding": "2018-09-30", "reportedCurrency": "USD", "grossProfit": "280233000", "totalRevenue": "622888000", "costOfRevenue": "342655000", "costofGoodsAndServicesSold": "342655000", "operatingIncome": "145133000", "sellingGeneralAndAdministrative": "130479000", "researchAndDevelopment": "None", "operatingExpenses": "143900000", "investmentIncomeNet": "None", "netInterestIncome": "-10958000", "interestIncome": "None", "interestExpense": "10958000", "nonInterestIncome": "622888000", "otherNonOperatingIncome": "-934000", "depreciation": "None", "depreciationAndAmortization": "8800000", "incomeBeforeTax": "133241000", "incomeTaxExpense": "26889000", "interestAndDebtExpense": "10958000", "netIncomeFromContinuingOperations": "106352000", "comprehensiveIncomeNetOfTax": "118030000", "ebit": "144199000", "ebitda": "152999000", "netIncome": "106352000"}, {"fiscalDateEnding": "2018-06-30", "reportedCurrency": "USD", "grossProfit": "287367000", "totalRevenue": "634360000", "costOfRevenue": "346993000", "costofGoodsAndServicesSold": "346993000", "operatingIncome": "147831000", "sellingGeneralAndAdministrative": "137548000", "researchAndDevelopment": "None", "operatingExpenses": "149336000", "investmentIncomeNet": "None", "netInterestIncome": "-11140000", "interestIncome": "None", "interestExpense": "11140000", "nonInterestIncome": "634360000", "otherNonOperatingIncome": "50000", "depreciation": "None", "depreciationAndAmortization": "9800000", "incomeBeforeTax": "136741000", "incomeTaxExpense": "29615000", "interestAndDebtExpense": "11140000", "netIncomeFromContinuingOperations": "107126000", "comprehensiveIncomeNetOfTax": "47036000", "ebit": "147881000", "ebitda": "157681000", "netIncome": "107126000"}, {"fiscalDateEnding": "2018-03-31", "reportedCurrency": "USD", "grossProfit": "276652000", "totalRevenue": "612324000", "costOfRevenue": "335672000", "costofGoodsAndServicesSold": "335672000", "operatingIncome": "136683000", "sellingGeneralAndAdministrative": "138327000", "researchAndDevelopment": "None", "operatingExpenses": "150840000", "investmentIncomeNet": "None", "netInterestIncome": "-11000000", "interestIncome": "None", "interestExpense": "11000000", "nonInterestIncome": "612324000", "otherNonOperatingIncome": "4449000", "depreciation": "None", "depreciationAndAmortization": "10871000", "incomeBeforeTax": "130132000", "incomeTaxExpense": "31174000", "interestAndDebtExpense": "11000000", "netIncomeFromContinuingOperations": "98958000", "comprehensiveIncomeNetOfTax": "129210000", "ebit": "141132000", "ebitda": "152003000", "netIncome": "98958000"}, {"fiscalDateEnding": "2017-12-31", "reportedCurrency": "USD", "grossProfit": "260882000", "totalRevenue": "585904000", "costOfRevenue": "325022000", "costofGoodsAndServicesSold": "325022000", "operatingIncome": "135248000", "sellingGeneralAndAdministrative": "131249000", "researchAndDevelopment": "76400000", "operatingExpenses": "3700000", "investmentIncomeNet": "None", "netInterestIncome": "-10969000", "interestIncome": "None", "interestExpense": "10969000", "nonInterestIncome": "-11200000", "otherNonOperatingIncome": "-677000", "depreciation": "None", "depreciationAndAmortization": "2933000", "incomeBeforeTax": "123602000", "incomeTaxExpense": "29856000", "interestAndDebtExpense": "10969000", "netIncomeFromContinuingOperations": "135248000", "comprehensiveIncomeNetOfTax": "101701000", "ebit": "134571000", "ebitda": "137504000", "netIncome": "93746000"}, {"fiscalDateEnding": "2017-09-30", "reportedCurrency": "USD", "grossProfit": "257930000", "totalRevenue": "574490000", "costOfRevenue": "316560000", "costofGoodsAndServicesSold": "316560000", "operatingIncome": "126504000", "sellingGeneralAndAdministrative": "131426000", "researchAndDevelopment": "None", "operatingExpenses": "142926000", "investmentIncomeNet": "None", "netInterestIncome": "-11064000", "interestIncome": "None", "interestExpense": "11064000", "nonInterestIncome": "None", "otherNonOperatingIncome": "-1653000", "depreciation": "None", "depreciationAndAmortization": "11500000", "incomeBeforeTax": "113787000", "incomeTaxExpense": "30019000", "interestAndDebtExpense": "11064000", "netIncomeFromContinuingOperations": "83768000", "comprehensiveIncomeNetOfTax": "115086000", "ebit": "124851000", "ebitda": "136351000", "netIncome": "83768000"}, {"fiscalDateEnding": "2017-06-30", "reportedCurrency": "USD", "grossProfit": "256925000", "totalRevenue": "573366000", "costOfRevenue": "316441000", "costofGoodsAndServicesSold": "316441000", "operatingIncome": "125133000", "sellingGeneralAndAdministrative": "131792000", "researchAndDevelopment": "None", "operatingExpenses": "143892000", "investmentIncomeNet": "None", "netInterestIncome": "-11304000", "interestIncome": "None", "interestExpense": "11304000", "nonInterestIncome": "None", "otherNonOperatingIncome": "-372000", "depreciation": "None", "depreciationAndAmortization": "12100000", "incomeBeforeTax": "113457000", "incomeTaxExpense": "29613000", "interestAndDebtExpense": "11304000", "netIncomeFromContinuingOperations": "83844000", "comprehensiveIncomeNetOfTax": "133501000", "ebit": "124761000", "ebitda": "136861000", "netIncome": "83844000"}, {"fiscalDateEnding": "2017-03-31", "reportedCurrency": "USD", "grossProfit": "250941000", "totalRevenue": "553552000", "costOfRevenue": "302611000", "costofGoodsAndServicesSold": "302611000", "operatingIncome": "115671000", "sellingGeneralAndAdministrative": "130473000", "researchAndDevelopment": "None", "operatingExpenses": "147059000", "investmentIncomeNet": "None", "netInterestIncome": "-11552000", "interestIncome": "None", "interestExpense": "11552000", "nonInterestIncome": "None", "otherNonOperatingIncome": "308000", "depreciation": "None", "depreciationAndAmortization": "11789000", "incomeBeforeTax": "104427000", "incomeTaxExpense": "28528000", "interestAndDebtExpense": "11552000", "netIncomeFromContinuingOperations": "75899000", "comprehensiveIncomeNetOfTax": "99115000", "ebit": "115979000", "ebitda": "127768000", "netIncome": "75899000"}, {"fiscalDateEnding": "2016-12-31", "reportedCurrency": "USD", "grossProfit": "232485000", "totalRevenue": "530419000", "costOfRevenue": "297934000", "costofGoodsAndServicesSold": "297934000", "operatingIncome": "85521000", "sellingGeneralAndAdministrative": "123059000", "researchAndDevelopment": "39400000", "operatingExpenses": "192571000", "investmentIncomeNet": "None", "netInterestIncome": "-12009000", "interestIncome": "None", "interestExpense": "12009000", "nonInterestIncome": "-14033000", "otherNonOperatingIncome": "-765000", "depreciation": "None", "depreciationAndAmortization": "1890000", "incomeBeforeTax": "72747000", "incomeTaxExpense": "15400000", "interestAndDebtExpense": "12009000", "netIncomeFromContinuingOperations": "81411000", "comprehensiveIncomeNetOfTax": "3279000", "ebit": "84756000", "ebitda": "86646000", "netIncome": "57347000"}]}