{"symbol": "ILMN", "annualReports": [{"fiscalDateEnding": "2020-12-31", "reportedCurrency": "USD", "grossProfit": "2203000000", "totalRevenue": "3239000000", "costOfRevenue": "1036000000", "costofGoodsAndServicesSold": "1036000000", "operatingIncome": "580000000", "sellingGeneralAndAdministrative": "941000000", "researchAndDevelopment": "682000000", "operatingExpenses": "1623000000", "investmentIncomeNet": "None", "netInterestIncome": "-8000000", "interestIncome": "41000000", "interestExpense": "49000000", "nonInterestIncome": "None", "otherNonOperatingIncome": "284000000", "depreciation": "156000000", "depreciationAndAmortization": "187000000", "incomeBeforeTax": "856000000", "incomeTaxExpense": "200000000", "interestAndDebtExpense": "None", "netIncomeFromContinuingOperations": "656000000", "comprehensiveIncomeNetOfTax": "653000000", "ebit": "905000000", "ebitda": "1092000000", "netIncome": "656000000"}, {"fiscalDateEnding": "2019-12-31", "reportedCurrency": "USD", "grossProfit": "2467000000", "totalRevenue": "3543000000", "costOfRevenue": "1076000000", "costofGoodsAndServicesSold": "34000000", "operatingIncome": "985000000", "sellingGeneralAndAdministrative": "835000000", "researchAndDevelopment": "647000000", "operatingExpenses": "1482000000", "investmentIncomeNet": "75000000", "netInterestIncome": "-52000000", "interestIncome": "75000000", "interestExpense": "52000000", "nonInterestIncome": "3543000000", "otherNonOperatingIncome": "110000000", "depreciation": "151000000", "depreciationAndAmortization": "37000000", "incomeBeforeTax": "1130000000", "incomeTaxExpense": "128000000", "interestAndDebtExpense": "52000000", "netIncomeFromContinuingOperations": "990000000", "comprehensiveIncomeNetOfTax": "1008000000", "ebit": "1182000000", "ebitda": "1219000000", "netIncome": "1002000000"}, {"fiscalDateEnding": "2018-12-31", "reportedCurrency": "USD", "grossProfit": "2300000000", "totalRevenue": "3333000000", "costOfRevenue": "1033000000", "costofGoodsAndServicesSold": "35000000", "operatingIncome": "883000000", "sellingGeneralAndAdministrative": "794000000", "researchAndDevelopment": "623000000", "operatingExpenses": "1417000000", "investmentIncomeNet": "44000000", "netInterestIncome": "-57000000", "interestIncome": "44000000", "interestExpense": "57000000", "nonInterestIncome": "3333000000", "otherNonOperatingIncome": "24000000", "depreciation": "140000000", "depreciationAndAmortization": "39000000", "incomeBeforeTax": "938000000", "incomeTaxExpense": "112000000", "interestAndDebtExpense": "57000000", "netIncomeFromContinuingOperations": "782000000", "comprehensiveIncomeNetOfTax": "826000000", "ebit": "995000000", "ebitda": "1034000000", "netIncome": "826000000"}, {"fiscalDateEnding": "2017-12-31", "reportedCurrency": "USD", "grossProfit": "1826000000", "totalRevenue": "2752000000", "costOfRevenue": "926000000", "costofGoodsAndServicesSold": "887000000", "operatingIncome": "606000000", "sellingGeneralAndAdministrative": "674000000", "researchAndDevelopment": "546000000", "operatingExpenses": "1220000000", "investmentIncomeNet": "19000000", "netInterestIncome": "-37000000", "interestIncome": "19000000", "interestExpense": "37000000", "nonInterestIncome": "2752000000", "otherNonOperatingIncome": "455000000", "depreciation": "110000000", "depreciationAndAmortization": "46000000", "incomeBeforeTax": "1091000000", "incomeTaxExpense": "365000000", "interestAndDebtExpense": "37000000", "netIncomeFromContinuingOperations": "678000000", "comprehensiveIncomeNetOfTax": "726000000", "ebit": "1128000000", "ebitda": "1174000000", "netIncome": "726000000"}, {"fiscalDateEnding": "2016-12-31", "reportedCurrency": "USD", "grossProfit": "1666000000", "totalRevenue": "2398000000", "costOfRevenue": "732000000", "costofGoodsAndServicesSold": "689000000", "operatingIncome": "587000000", "sellingGeneralAndAdministrative": "584000000", "researchAndDevelopment": "504000000", "operatingExpenses": "1079000000", "investmentIncomeNet": "10000000", "netInterestIncome": "-33000000", "interestIncome": "9799000", "interestExpense": "33000000", "nonInterestIncome": "2398000000", "otherNonOperatingIncome": "-3000000", "depreciation": "90000000", "depreciationAndAmortization": "51000000", "incomeBeforeTax": "596000000", "incomeTaxExpense": "133000000", "interestAndDebtExpense": "33000000", "netIncomeFromContinuingOperations": "428000000", "comprehensiveIncomeNetOfTax": "462000000", "ebit": "629000000", "ebitda": "680000000", "netIncome": "463000000"}], "quarterlyReports": [{"fiscalDateEnding": "2021-09-30", "reportedCurrency": "USD", "grossProfit": "770000000", "totalRevenue": "1108000000", "costOfRevenue": "338000000", "costofGoodsAndServicesSold": "18000000", "operatingIncome": "-545000000", "sellingGeneralAndAdministrative": "879000000", "researchAndDevelopment": "436000000", "operatingExpenses": "1315000000", "investmentIncomeNet": "None", "netInterestIncome": "-14000000", "interestIncome": "None", "interestExpense": "14000000", "nonInterestIncome": "1108000000", "otherNonOperatingIncome": "979000000", "depreciation": "46000000", "depreciationAndAmortization": "19000000", "incomeBeforeTax": "420000000", "incomeTaxExpense": "103000000", "interestAndDebtExpense": "14000000", "netIncomeFromContinuingOperations": "317000000", "comprehensiveIncomeNetOfTax": "322000000", "ebit": "434000000", "ebitda": "453000000", "netIncome": "317000000"}, {"fiscalDateEnding": "2021-06-30", "reportedCurrency": "USD", "grossProfit": "802000000", "totalRevenue": "1126000000", "costOfRevenue": "324000000", "costofGoodsAndServicesSold": "7000000", "operatingIncome": "187000000", "sellingGeneralAndAdministrative": "413000000", "researchAndDevelopment": "202000000", "operatingExpenses": "615000000", "investmentIncomeNet": "None", "netInterestIncome": "-16000000", "interestIncome": "None", "interestExpense": "16000000", "nonInterestIncome": "1126000000", "otherNonOperatingIncome": "36000000", "depreciation": "41000000", "depreciationAndAmortization": "49000000", "incomeBeforeTax": "207000000", "incomeTaxExpense": "22000000", "interestAndDebtExpense": "16000000", "netIncomeFromContinuingOperations": "185000000", "comprehensiveIncomeNetOfTax": "185000000", "ebit": "223000000", "ebitda": "272000000", "netIncome": "185000000"}, {"fiscalDateEnding": "2021-03-31", "reportedCurrency": "USD", "grossProfit": "764000000", "totalRevenue": "1093000000", "costOfRevenue": "329000000", "costofGoodsAndServicesSold": "6000000", "operatingIncome": "193000000", "sellingGeneralAndAdministrative": "374000000", "researchAndDevelopment": "197000000", "operatingExpenses": "571000000", "investmentIncomeNet": "1000000", "netInterestIncome": "-19000000", "interestIncome": "1000000", "interestExpense": "19000000", "nonInterestIncome": "1093000000", "otherNonOperatingIncome": "-6000000", "depreciation": "41000000", "depreciationAndAmortization": "7000000", "incomeBeforeTax": "169000000", "incomeTaxExpense": "22000000", "interestAndDebtExpense": "19000000", "netIncomeFromContinuingOperations": "147000000", "comprehensiveIncomeNetOfTax": "153000000", "ebit": "188000000", "ebitda": "195000000", "netIncome": "147000000"}, {"fiscalDateEnding": "2020-12-31", "reportedCurrency": "USD", "grossProfit": "630000000", "totalRevenue": "953000000", "costOfRevenue": "323000000", "costofGoodsAndServicesSold": "323000000", "operatingIncome": "133000000", "sellingGeneralAndAdministrative": "298000000", "researchAndDevelopment": "199000000", "operatingExpenses": "497000000", "investmentIncomeNet": "None", "netInterestIncome": "-1000000", "interestIncome": "15000000", "interestExpense": "16000000", "nonInterestIncome": "None", "otherNonOperatingIncome": "167000000", "depreciation": "42000000", "depreciationAndAmortization": "50000000", "incomeBeforeTax": "299000000", "incomeTaxExpense": "42000000", "interestAndDebtExpense": "None", "netIncomeFromContinuingOperations": "257000000", "comprehensiveIncomeNetOfTax": "247000000", "ebit": "315000000", "ebitda": "365000000", "netIncome": "257000000"}, {"fiscalDateEnding": "2020-09-30", "reportedCurrency": "USD", "grossProfit": "526000000", "totalRevenue": "794000000", "costOfRevenue": "268000000", "costofGoodsAndServicesSold": "7000000", "operatingIncome": "162000000", "sellingGeneralAndAdministrative": "192000000", "researchAndDevelopment": "172000000", "operatingExpenses": "364000000", "investmentIncomeNet": "5000000", "netInterestIncome": "-11000000", "interestIncome": "5000000", "interestExpense": "11000000", "nonInterestIncome": "794000000", "otherNonOperatingIncome": "59000000", "depreciation": "39000000", "depreciationAndAmortization": "8000000", "incomeBeforeTax": "215000000", "incomeTaxExpense": "36000000", "interestAndDebtExpense": "11000000", "netIncomeFromContinuingOperations": "179000000", "comprehensiveIncomeNetOfTax": "177000000", "ebit": "226000000", "ebitda": "234000000", "netIncome": "179000000"}, {"fiscalDateEnding": "2020-06-30", "reportedCurrency": "USD", "grossProfit": "428000000", "totalRevenue": "633000000", "costOfRevenue": "205000000", "costofGoodsAndServicesSold": "7000000", "operatingIncome": "96000000", "sellingGeneralAndAdministrative": "177000000", "researchAndDevelopment": "155000000", "operatingExpenses": "332000000", "investmentIncomeNet": "7000000", "netInterestIncome": "-11000000", "interestIncome": "7000000", "interestExpense": "11000000", "nonInterestIncome": "633000000", "otherNonOperatingIncome": "73000000", "depreciation": "38000000", "depreciationAndAmortization": "8000000", "incomeBeforeTax": "165000000", "incomeTaxExpense": "118000000", "interestAndDebtExpense": "11000000", "netIncomeFromContinuingOperations": "47000000", "comprehensiveIncomeNetOfTax": "55000000", "ebit": "176000000", "ebitda": "184000000", "netIncome": "47000000"}, {"fiscalDateEnding": "2020-03-31", "reportedCurrency": "USD", "grossProfit": "619000000", "totalRevenue": "859000000", "costOfRevenue": "240000000", "costofGoodsAndServicesSold": "7000000", "operatingIncome": "189000000", "sellingGeneralAndAdministrative": "274000000", "researchAndDevelopment": "156000000", "operatingExpenses": "430000000", "investmentIncomeNet": "14000000", "netInterestIncome": "-11000000", "interestIncome": "14000000", "interestExpense": "11000000", "nonInterestIncome": "859000000", "otherNonOperatingIncome": "-14000000", "depreciation": "37000000", "depreciationAndAmortization": "7000000", "incomeBeforeTax": "178000000", "incomeTaxExpense": "5000000", "interestAndDebtExpense": "11000000", "netIncomeFromContinuingOperations": "173000000", "comprehensiveIncomeNetOfTax": "174000000", "ebit": "189000000", "ebitda": "196000000", "netIncome": "173000000"}, {"fiscalDateEnding": "2019-12-31", "reportedCurrency": "USD", "grossProfit": "662000000", "totalRevenue": "952000000", "costOfRevenue": "290000000", "costofGoodsAndServicesSold": "290000000", "operatingIncome": "268000000", "sellingGeneralAndAdministrative": "233000000", "researchAndDevelopment": "161000000", "operatingExpenses": "394000000", "investmentIncomeNet": "16000000", "netInterestIncome": "-11000000", "interestIncome": "16000000", "interestExpense": "11000000", "nonInterestIncome": "953000000", "otherNonOperatingIncome": "-4000000", "depreciation": "38000000", "depreciationAndAmortization": "7000000", "incomeBeforeTax": "269000000", "incomeTaxExpense": "30000000", "interestAndDebtExpense": "11000000", "netIncomeFromContinuingOperations": "662000000", "comprehensiveIncomeNetOfTax": "239000000", "ebit": "280000000", "ebitda": "287000000", "netIncome": "239000000"}, {"fiscalDateEnding": "2019-09-30", "reportedCurrency": "USD", "grossProfit": "648000000", "totalRevenue": "907000000", "costOfRevenue": "259000000", "costofGoodsAndServicesSold": "259000000", "operatingIncome": "308000000", "sellingGeneralAndAdministrative": "189000000", "researchAndDevelopment": "151000000", "operatingExpenses": "340000000", "investmentIncomeNet": "16000000", "netInterestIncome": "-11000000", "interestIncome": "16000000", "interestExpense": "11000000", "nonInterestIncome": "907000000", "otherNonOperatingIncome": "-43000000", "depreciation": "37000000", "depreciationAndAmortization": "10000000", "incomeBeforeTax": "270000000", "incomeTaxExpense": "36000000", "interestAndDebtExpense": "11000000", "netIncomeFromContinuingOperations": "234000000", "comprehensiveIncomeNetOfTax": "234000000", "ebit": "281000000", "ebitda": "291000000", "netIncome": "234000000"}, {"fiscalDateEnding": "2019-06-30", "reportedCurrency": "USD", "grossProfit": "573000000", "totalRevenue": "838000000", "costOfRevenue": "265000000", "costofGoodsAndServicesSold": "265000000", "operatingIncome": "205000000", "sellingGeneralAndAdministrative": "202000000", "researchAndDevelopment": "166000000", "operatingExpenses": "368000000", "investmentIncomeNet": "20000000", "netInterestIncome": "-15000000", "interestIncome": "20000000", "interestExpense": "15000000", "nonInterestIncome": "838000000", "otherNonOperatingIncome": "136000000", "depreciation": "39000000", "depreciationAndAmortization": "10000000", "incomeBeforeTax": "349000000", "incomeTaxExpense": "53000000", "interestAndDebtExpense": "15000000", "netIncomeFromContinuingOperations": "293000000", "comprehensiveIncomeNetOfTax": "299000000", "ebit": "364000000", "ebitda": "374000000", "netIncome": "296000000"}, {"fiscalDateEnding": "2019-03-31", "reportedCurrency": "USD", "grossProfit": "584000000", "totalRevenue": "846000000", "costOfRevenue": "262000000", "costofGoodsAndServicesSold": "262000000", "operatingIncome": "204000000", "sellingGeneralAndAdministrative": "211000000", "researchAndDevelopment": "169000000", "operatingExpenses": "380000000", "investmentIncomeNet": "23000000", "netInterestIncome": "-15000000", "interestIncome": "8000000", "interestExpense": "15000000", "nonInterestIncome": "1692000000", "otherNonOperatingIncome": "21000000", "depreciation": "37000000", "depreciationAndAmortization": "10000000", "incomeBeforeTax": "242000000", "incomeTaxExpense": "9000000", "interestAndDebtExpense": "15000000", "netIncomeFromContinuingOperations": "224000000", "comprehensiveIncomeNetOfTax": "236000000", "ebit": "257000000", "ebitda": "267000000", "netIncome": "233000000"}, {"fiscalDateEnding": "2018-12-31", "reportedCurrency": "USD", "grossProfit": "590000000", "totalRevenue": "867000000", "costOfRevenue": "277000000", "costofGoodsAndServicesSold": "277000000", "operatingIncome": "197000000", "sellingGeneralAndAdministrative": "217000000", "researchAndDevelopment": "176000000", "operatingExpenses": "393000000", "investmentIncomeNet": "13000000", "netInterestIncome": "-20000000", "interestIncome": "None", "interestExpense": "20000000", "nonInterestIncome": "867000000", "otherNonOperatingIncome": "19000000", "depreciation": "40000000", "depreciationAndAmortization": "10000000", "incomeBeforeTax": "222000000", "incomeTaxExpense": "12000000", "interestAndDebtExpense": "20000000", "netIncomeFromContinuingOperations": "590000000", "comprehensiveIncomeNetOfTax": "211000000", "ebit": "242000000", "ebitda": "252000000", "netIncome": "210000000"}, {"fiscalDateEnding": "2018-09-30", "reportedCurrency": "USD", "grossProfit": "597000000", "totalRevenue": "853000000", "costOfRevenue": "256000000", "costofGoodsAndServicesSold": "256000000", "operatingIncome": "241000000", "sellingGeneralAndAdministrative": "197000000", "researchAndDevelopment": "159000000", "operatingExpenses": "356000000", "investmentIncomeNet": "14000000", "netInterestIncome": "-15000000", "interestIncome": "None", "interestExpense": "15000000", "nonInterestIncome": "853000000", "otherNonOperatingIncome": "-8000000", "depreciation": "35000000", "depreciationAndAmortization": "10000000", "incomeBeforeTax": "243000000", "incomeTaxExpense": "44000000", "interestAndDebtExpense": "15000000", "netIncomeFromContinuingOperations": "188000000", "comprehensiveIncomeNetOfTax": "198000000", "ebit": "258000000", "ebitda": "268000000", "netIncome": "199000000"}, {"fiscalDateEnding": "2018-06-30", "reportedCurrency": "USD", "grossProfit": "575000000", "totalRevenue": "830000000", "costOfRevenue": "255000000", "costofGoodsAndServicesSold": "255000000", "operatingIncome": "227000000", "sellingGeneralAndAdministrative": "197000000", "researchAndDevelopment": "151000000", "operatingExpenses": "348000000", "investmentIncomeNet": "11000000", "netInterestIncome": "-11000000", "interestIncome": "None", "interestExpense": "11000000", "nonInterestIncome": "830000000", "otherNonOperatingIncome": "5000000", "depreciation": "35000000", "depreciationAndAmortization": "10000000", "incomeBeforeTax": "241000000", "incomeTaxExpense": "32000000", "interestAndDebtExpense": "11000000", "netIncomeFromContinuingOperations": "575000000", "comprehensiveIncomeNetOfTax": "209000000", "ebit": "252000000", "ebitda": "262000000", "netIncome": "209000000"}, {"fiscalDateEnding": "2018-03-31", "reportedCurrency": "USD", "grossProfit": "538000000", "totalRevenue": "782000000", "costOfRevenue": "244000000", "costofGoodsAndServicesSold": "244000000", "operatingIncome": "218000000", "sellingGeneralAndAdministrative": "183000000", "researchAndDevelopment": "137000000", "operatingExpenses": "320000000", "investmentIncomeNet": "5000000", "netInterestIncome": "-11000000", "interestIncome": "None", "interestExpense": "11000000", "nonInterestIncome": "782000000", "otherNonOperatingIncome": "9000000", "depreciation": "30000000", "depreciationAndAmortization": "9000000", "incomeBeforeTax": "232000000", "incomeTaxExpense": "24000000", "interestAndDebtExpense": "11000000", "netIncomeFromContinuingOperations": "538000000", "comprehensiveIncomeNetOfTax": "208000000", "ebit": "243000000", "ebitda": "252000000", "netIncome": "208000000"}, {"fiscalDateEnding": "2017-12-31", "reportedCurrency": "USD", "grossProfit": "542000000", "totalRevenue": "777000000", "costOfRevenue": "235000000", "costofGoodsAndServicesSold": "235000000", "operatingIncome": "230000000", "sellingGeneralAndAdministrative": "175000000", "researchAndDevelopment": "137000000", "operatingExpenses": "312000000", "investmentIncomeNet": "6000000", "netInterestIncome": "-11000000", "interestIncome": "None", "interestExpense": "11000000", "nonInterestIncome": "778000000", "otherNonOperatingIncome": "-2000000", "depreciation": "29000000", "depreciationAndAmortization": "10000000", "incomeBeforeTax": "234000000", "incomeTaxExpense": "166000000", "interestAndDebtExpense": "11000000", "netIncomeFromContinuingOperations": "542000000", "comprehensiveIncomeNetOfTax": "67000000", "ebit": "245000000", "ebitda": "255000000", "netIncome": "68000000"}, {"fiscalDateEnding": "2017-09-30", "reportedCurrency": "USD", "grossProfit": "482000000", "totalRevenue": "714000000", "costOfRevenue": "232000000", "costofGoodsAndServicesSold": "232000000", "operatingIncome": "181000000", "sellingGeneralAndAdministrative": "167000000", "researchAndDevelopment": "134000000", "operatingExpenses": "301000000", "investmentIncomeNet": "4000000", "netInterestIncome": "-10000000", "interestIncome": "None", "interestExpense": "10000000", "nonInterestIncome": "714000000", "otherNonOperatingIncome": "0", "depreciation": "29000000", "depreciationAndAmortization": "12000000", "incomeBeforeTax": "186000000", "incomeTaxExpense": "23000000", "interestAndDebtExpense": "10000000", "netIncomeFromContinuingOperations": "482000000", "comprehensiveIncomeNetOfTax": "164000000", "ebit": "196000000", "ebitda": "208000000", "netIncome": "163000000"}, {"fiscalDateEnding": "2017-06-30", "reportedCurrency": "USD", "grossProfit": "434000000", "totalRevenue": "662000000", "costOfRevenue": "228000000", "costofGoodsAndServicesSold": "228000000", "operatingIncome": "143000000", "sellingGeneralAndAdministrative": "161000000", "researchAndDevelopment": "130000000", "operatingExpenses": "291000000", "investmentIncomeNet": "5000000", "netInterestIncome": "-8000000", "interestIncome": "None", "interestExpense": "8000000", "nonInterestIncome": "662000000", "otherNonOperatingIncome": "1000000", "depreciation": "26000000", "depreciationAndAmortization": "12000000", "incomeBeforeTax": "149000000", "incomeTaxExpense": "21000000", "interestAndDebtExpense": "8000000", "netIncomeFromContinuingOperations": "434000000", "comprehensiveIncomeNetOfTax": "129000000", "ebit": "157000000", "ebitda": "169000000", "netIncome": "128000000"}, {"fiscalDateEnding": "2017-03-31", "reportedCurrency": "USD", "grossProfit": "368000000", "totalRevenue": "598000000", "costOfRevenue": "230000000", "costofGoodsAndServicesSold": "212000000", "operatingIncome": "52000000", "sellingGeneralAndAdministrative": "171000000", "researchAndDevelopment": "145000000", "operatingExpenses": "316000000", "investmentIncomeNet": "4000000", "netInterestIncome": "-8000000", "interestIncome": "None", "interestExpense": "8000000", "nonInterestIncome": "598000000", "otherNonOperatingIncome": "455000000", "depreciation": "26000000", "depreciationAndAmortization": "12000000", "incomeBeforeTax": "522000000", "incomeTaxExpense": "155000000", "interestAndDebtExpense": "8000000", "netIncomeFromContinuingOperations": "368000000", "comprehensiveIncomeNetOfTax": "367000000", "ebit": "530000000", "ebitda": "542000000", "netIncome": "367000000"}, {"fiscalDateEnding": "2016-12-31", "reportedCurrency": "USD", "grossProfit": "419000000", "totalRevenue": "619000000", "costOfRevenue": "200000000", "costofGoodsAndServicesSold": "199900000", "operatingIncome": "143000000", "sellingGeneralAndAdministrative": "146000000", "researchAndDevelopment": "130000000", "operatingExpenses": "276000000", "investmentIncomeNet": "3000000", "netInterestIncome": "-8000000", "interestIncome": "None", "interestExpense": "8000000", "nonInterestIncome": "None", "otherNonOperatingIncome": "-4000000", "depreciation": "25000000", "depreciationAndAmortization": "13000000", "incomeBeforeTax": "151000000", "incomeTaxExpense": "27000000", "interestAndDebtExpense": "8000000", "netIncomeFromContinuingOperations": "419000000", "comprehensiveIncomeNetOfTax": "122000000", "ebit": "159000000", "ebitda": "172000000", "netIncome": "124000000"}]}