{"symbol": "INFO", "annualReports": [{"fiscalDateEnding": "2020-11-30", "reportedCurrency": "USD", "grossProfit": "817100000", "totalRevenue": "4287800000", "costOfRevenue": "3470700000", "costofGoodsAndServicesSold": "1590000000", "operatingIncome": "1150500000", "sellingGeneralAndAdministrative": "1128000000", "researchAndDevelopment": "None", "operatingExpenses": "1520500000", "investmentIncomeNet": "1000000", "netInterestIncome": "-236600000", "interestIncome": "1000000", "interestExpense": "236600000", "nonInterestIncome": "None", "otherNonOperatingIncome": "-31200000", "depreciation": "217500000", "depreciationAndAmortization": "591600000", "incomeBeforeTax": "884000000", "incomeTaxExpense": "13300000", "interestAndDebtExpense": "236600000", "netIncomeFromContinuingOperations": "869400000", "comprehensiveIncomeNetOfTax": "1024400000", "ebit": "1120600000", "ebitda": "1712200000", "netIncome": "870700000"}, {"fiscalDateEnding": "2019-11-30", "reportedCurrency": "USD", "grossProfit": "969300000", "totalRevenue": "4414600000", "costOfRevenue": "3445300000", "costofGoodsAndServicesSold": "1657000000", "operatingIncome": "1003500000", "sellingGeneralAndAdministrative": "1197900000", "researchAndDevelopment": "None", "operatingExpenses": "3411100000", "investmentIncomeNet": "1900000", "netInterestIncome": "-259700000", "interestIncome": "1900000", "interestExpense": "259700000", "nonInterestIncome": "None", "otherNonOperatingIncome": "-1800000", "depreciation": "196100000", "depreciationAndAmortization": "573100000", "incomeBeforeTax": "745300000", "incomeTaxExpense": "242600000", "interestAndDebtExpense": "259700000", "netIncomeFromContinuingOperations": "499400000", "comprehensiveIncomeNetOfTax": "540000000", "ebit": "1005000000", "ebitda": "1578100000", "netIncome": "502700000"}, {"fiscalDateEnding": "2018-11-30", "reportedCurrency": "USD", "grossProfit": "777800000", "totalRevenue": "4009200000", "costOfRevenue": "3231400000", "costofGoodsAndServicesSold": "1495700000", "operatingIncome": "641300000", "sellingGeneralAndAdministrative": "1192800000", "researchAndDevelopment": "None", "operatingExpenses": "3367900000", "investmentIncomeNet": "3100000", "netInterestIncome": "-225700000", "interestIncome": "3100000", "interestExpense": "225700000", "nonInterestIncome": "None", "otherNonOperatingIncome": "2600000", "depreciation": "175100000", "depreciationAndAmortization": "541200000", "incomeBeforeTax": "426900000", "incomeTaxExpense": "-115400000", "interestAndDebtExpense": "225700000", "netIncomeFromContinuingOperations": "539200000", "comprehensiveIncomeNetOfTax": "334300000", "ebit": "652600000", "ebitda": "1193800000", "netIncome": "542300000"}, {"fiscalDateEnding": "2017-11-30", "reportedCurrency": "USD", "grossProfit": "508000000", "totalRevenue": "3599700000", "costOfRevenue": "2937400000", "costofGoodsAndServicesSold": "1348400000", "operatingIncome": "531100000", "sellingGeneralAndAdministrative": "1096000000", "researchAndDevelopment": "None", "operatingExpenses": "3068600000", "investmentIncomeNet": "2200000", "netInterestIncome": "-154300000", "interestIncome": "2200000", "interestExpense": "154300000", "nonInterestIncome": "0", "otherNonOperatingIncome": "-2800000", "depreciation": "157000000", "depreciationAndAmortization": "492500000", "incomeBeforeTax": "367000000", "incomeTaxExpense": "-49900000", "interestAndDebtExpense": "154300000", "netIncomeFromContinuingOperations": "417000000", "comprehensiveIncomeNetOfTax": "770700000", "ebit": "521300000", "ebitda": "1013800000", "netIncome": "416900000"}, {"fiscalDateEnding": "2016-11-30", "reportedCurrency": "USD", "grossProfit": "311600000", "totalRevenue": "2734800000", "costOfRevenue": "2303300000", "costofGoodsAndServicesSold": "1037700000", "operatingIncome": "260400000", "sellingGeneralAndAdministrative": "907100000", "researchAndDevelopment": "None", "operatingExpenses": "2474400000", "investmentIncomeNet": "1300000", "netInterestIncome": "-119400000", "interestIncome": "1300000", "interestExpense": "119400000", "nonInterestIncome": "-600000", "otherNonOperatingIncome": "-3200000", "depreciation": "114800000", "depreciationAndAmortization": "335700000", "incomeBeforeTax": "147700000", "incomeTaxExpense": "-5100000", "interestAndDebtExpense": "120000000", "netIncomeFromContinuingOperations": "143600000", "comprehensiveIncomeNetOfTax": "-94800000", "ebit": "267100000", "ebitda": "602800000", "netIncome": "152800000"}], "quarterlyReports": [{"fiscalDateEnding": "2021-08-31", "reportedCurrency": "USD", "grossProfit": "324100000", "totalRevenue": "1180500000", "costOfRevenue": "856400000", "costofGoodsAndServicesSold": "425700000", "operatingIncome": "290800000", "sellingGeneralAndAdministrative": "285600000", "researchAndDevelopment": "None", "operatingExpenses": "430700000", "investmentIncomeNet": "100000", "netInterestIncome": "-54800000", "interestIncome": "100000", "interestExpense": "54800000", "nonInterestIncome": "None", "otherNonOperatingIncome": "None", "depreciation": "None", "depreciationAndAmortization": "145100000", "incomeBeforeTax": "233000000", "incomeTaxExpense": "71700000", "interestAndDebtExpense": "54800000", "netIncomeFromContinuingOperations": "161100000", "comprehensiveIncomeNetOfTax": "21200000", "ebit": "287800000", "ebitda": "432900000", "netIncome": "161300000"}, {"fiscalDateEnding": "2021-05-31", "reportedCurrency": "USD", "grossProfit": "321800000", "totalRevenue": "1181400000", "costOfRevenue": "859600000", "costofGoodsAndServicesSold": "425800000", "operatingIncome": "275600000", "sellingGeneralAndAdministrative": "283300000", "researchAndDevelopment": "None", "operatingExpenses": "433800000", "investmentIncomeNet": "0", "netInterestIncome": "-55400000", "interestIncome": "None", "interestExpense": "55400000", "nonInterestIncome": "None", "otherNonOperatingIncome": "-3700000", "depreciation": "None", "depreciationAndAmortization": "150500000", "incomeBeforeTax": "216600000", "incomeTaxExpense": "57600000", "interestAndDebtExpense": "55400000", "netIncomeFromContinuingOperations": "158900000", "comprehensiveIncomeNetOfTax": "256000000", "ebit": "272000000", "ebitda": "422500000", "netIncome": "159000000"}, {"fiscalDateEnding": "2021-02-28", "reportedCurrency": "USD", "grossProfit": "249600000", "totalRevenue": "1119900000", "costOfRevenue": "870300000", "costofGoodsAndServicesSold": "415200000", "operatingIncome": "233400000", "sellingGeneralAndAdministrative": "302200000", "researchAndDevelopment": "None", "operatingExpenses": "455000000", "investmentIncomeNet": "100000", "netInterestIncome": "-55500000", "interestIncome": "100000", "interestExpense": "55500000", "nonInterestIncome": "None", "otherNonOperatingIncome": "1100000", "depreciation": "None", "depreciationAndAmortization": "151600000", "incomeBeforeTax": "179600000", "incomeTaxExpense": "30300000", "interestAndDebtExpense": "55500000", "netIncomeFromContinuingOperations": "148700000", "comprehensiveIncomeNetOfTax": "303000000", "ebit": "235100000", "ebitda": "386700000", "netIncome": "149300000"}, {"fiscalDateEnding": "2020-11-30", "reportedCurrency": "USD", "grossProfit": "1107200000", "totalRevenue": "1107200000", "costOfRevenue": "907800000", "costofGoodsAndServicesSold": "400300000", "operatingIncome": "174300000", "sellingGeneralAndAdministrative": "295000000", "researchAndDevelopment": "None", "operatingExpenses": "517800000", "investmentIncomeNet": "200000", "netInterestIncome": "-57700000", "interestIncome": "200000", "interestExpense": "57700000", "nonInterestIncome": "None", "otherNonOperatingIncome": "-1300000", "depreciation": "None", "depreciationAndAmortization": "149300000", "incomeBeforeTax": "115500000", "incomeTaxExpense": "-35600000", "interestAndDebtExpense": "57700000", "netIncomeFromContinuingOperations": "1107200000", "comprehensiveIncomeNetOfTax": "150600000", "ebit": "173200000", "ebitda": "322500000", "netIncome": "151100000"}, {"fiscalDateEnding": "2020-08-31", "reportedCurrency": "USD", "grossProfit": "269200000", "totalRevenue": "1073200000", "costOfRevenue": "804000000", "costofGoodsAndServicesSold": "385600000", "operatingIncome": "261200000", "sellingGeneralAndAdministrative": "258700000", "researchAndDevelopment": "None", "operatingExpenses": "418400000", "investmentIncomeNet": "200000", "netInterestIncome": "-57700000", "interestIncome": "200000", "interestExpense": "57700000", "nonInterestIncome": "None", "otherNonOperatingIncome": "100000", "depreciation": "None", "depreciationAndAmortization": "147600000", "incomeBeforeTax": "202800000", "incomeTaxExpense": "39900000", "interestAndDebtExpense": "57700000", "netIncomeFromContinuingOperations": "163700000", "comprehensiveIncomeNetOfTax": "467700000", "ebit": "260500000", "ebitda": "408100000", "netIncome": "162900000"}, {"fiscalDateEnding": "2020-05-31", "reportedCurrency": "USD", "grossProfit": "149500000", "totalRevenue": "1026600000", "costOfRevenue": "877100000", "costofGoodsAndServicesSold": "388300000", "operatingIncome": "144100000", "sellingGeneralAndAdministrative": "258100000", "researchAndDevelopment": "None", "operatingExpenses": "488800000", "investmentIncomeNet": "200000", "netInterestIncome": "-60000000", "interestIncome": "200000", "interestExpense": "60000000", "nonInterestIncome": "None", "otherNonOperatingIncome": "-8600000", "depreciation": "None", "depreciationAndAmortization": "149400000", "incomeBeforeTax": "76400000", "incomeTaxExpense": "4700000", "interestAndDebtExpense": "60000000", "netIncomeFromContinuingOperations": "70800000", "comprehensiveIncomeNetOfTax": "-48300000", "ebit": "136400000", "ebitda": "285800000", "netIncome": "71700000"}, {"fiscalDateEnding": "2020-02-29", "reportedCurrency": "USD", "grossProfit": "187400000", "totalRevenue": "1080800000", "costOfRevenue": "893400000", "costofGoodsAndServicesSold": "415800000", "operatingIncome": "570900000", "sellingGeneralAndAdministrative": "316200000", "researchAndDevelopment": "None", "operatingExpenses": "509900000", "investmentIncomeNet": "400000", "netInterestIncome": "-61200000", "interestIncome": "400000", "interestExpense": "61200000", "nonInterestIncome": "None", "otherNonOperatingIncome": "-21400000", "depreciation": "None", "depreciationAndAmortization": "145300000", "incomeBeforeTax": "489300000", "incomeTaxExpense": "4300000", "interestAndDebtExpense": "61200000", "netIncomeFromContinuingOperations": "484000000", "comprehensiveIncomeNetOfTax": "454400000", "ebit": "550500000", "ebitda": "695800000", "netIncome": "485000000"}, {"fiscalDateEnding": "2019-11-30", "reportedCurrency": "USD", "grossProfit": "1120400000", "totalRevenue": "1120400000", "costOfRevenue": "866800000", "costofGoodsAndServicesSold": "409500000", "operatingIncome": "247000000", "sellingGeneralAndAdministrative": "308900000", "researchAndDevelopment": "None", "operatingExpenses": "873400000", "investmentIncomeNet": "300000", "netInterestIncome": "-63800000", "interestIncome": "300000", "interestExpense": "63800000", "nonInterestIncome": "None", "otherNonOperatingIncome": "-2200000", "depreciation": "None", "depreciationAndAmortization": "142100000", "incomeBeforeTax": "181800000", "incomeTaxExpense": "-21300000", "interestAndDebtExpense": "63800000", "netIncomeFromContinuingOperations": "1120400000", "comprehensiveIncomeNetOfTax": "400100000", "ebit": "245600000", "ebitda": "387700000", "netIncome": "203100000"}, {"fiscalDateEnding": "2019-08-31", "reportedCurrency": "USD", "grossProfit": "251400000", "totalRevenue": "1112300000", "costOfRevenue": "860900000", "costofGoodsAndServicesSold": "419700000", "operatingIncome": "342800000", "sellingGeneralAndAdministrative": "295400000", "researchAndDevelopment": "None", "operatingExpenses": "769500000", "investmentIncomeNet": "600000", "netInterestIncome": "-63200000", "interestIncome": "600000", "interestExpense": "63200000", "nonInterestIncome": "None", "otherNonOperatingIncome": "200000", "depreciation": "None", "depreciationAndAmortization": "144700000", "incomeBeforeTax": "280700000", "incomeTaxExpense": "240600000", "interestAndDebtExpense": "63200000", "netIncomeFromContinuingOperations": "39200000", "comprehensiveIncomeNetOfTax": "-76200000", "ebit": "343900000", "ebitda": "488600000", "netIncome": "40100000"}, {"fiscalDateEnding": "2019-05-31", "reportedCurrency": "USD", "grossProfit": "268500000", "totalRevenue": "1135500000", "costOfRevenue": "867000000", "costofGoodsAndServicesSold": "428000000", "operatingIncome": "238700000", "sellingGeneralAndAdministrative": "293300000", "researchAndDevelopment": "None", "operatingExpenses": "896800000", "investmentIncomeNet": "600000", "netInterestIncome": "-65800000", "interestIncome": "600000", "interestExpense": "65800000", "nonInterestIncome": "None", "otherNonOperatingIncome": "200000", "depreciation": "None", "depreciationAndAmortization": "144000000", "incomeBeforeTax": "174000000", "incomeTaxExpense": "24200000", "interestAndDebtExpense": "65800000", "netIncomeFromContinuingOperations": "148900000", "comprehensiveIncomeNetOfTax": "-27800000", "ebit": "239800000", "ebitda": "383800000", "netIncome": "149800000"}, {"fiscalDateEnding": "2019-02-28", "reportedCurrency": "USD", "grossProfit": "195800000", "totalRevenue": "1046400000", "costOfRevenue": "850600000", "costofGoodsAndServicesSold": "399800000", "operatingIncome": "175000000", "sellingGeneralAndAdministrative": "300300000", "researchAndDevelopment": "None", "operatingExpenses": "871400000", "investmentIncomeNet": "400000", "netInterestIncome": "-66900000", "interestIncome": "400000", "interestExpense": "66900000", "nonInterestIncome": "None", "otherNonOperatingIncome": "None", "depreciation": "None", "depreciationAndAmortization": "142300000", "incomeBeforeTax": "108800000", "incomeTaxExpense": "-900000", "interestAndDebtExpense": "66900000", "netIncomeFromContinuingOperations": "109000000", "comprehensiveIncomeNetOfTax": "243900000", "ebit": "175700000", "ebitda": "318000000", "netIncome": "109700000"}, {"fiscalDateEnding": "2018-11-30", "reportedCurrency": "USD", "grossProfit": "1067800000", "totalRevenue": "1067800000", "costOfRevenue": "871500000", "costofGoodsAndServicesSold": "409100000", "operatingIncome": "160200000", "sellingGeneralAndAdministrative": "315600000", "researchAndDevelopment": "None", "operatingExpenses": "907600000", "investmentIncomeNet": "600000", "netInterestIncome": "-67400000", "interestIncome": "None", "interestExpense": "67400000", "nonInterestIncome": "None", "otherNonOperatingIncome": "300000", "depreciation": "None", "depreciationAndAmortization": "145500000", "incomeBeforeTax": "93100000", "incomeTaxExpense": "11300000", "interestAndDebtExpense": "67400000", "netIncomeFromContinuingOperations": "1067800000", "comprehensiveIncomeNetOfTax": "3500000", "ebit": "160500000", "ebitda": "306000000", "netIncome": "81800000"}, {"fiscalDateEnding": "2018-08-31", "reportedCurrency": "USD", "grossProfit": "203500000", "totalRevenue": "1001000000", "costOfRevenue": "797500000", "costofGoodsAndServicesSold": "375300000", "operatingIncome": "160300000", "sellingGeneralAndAdministrative": "287700000", "researchAndDevelopment": "None", "operatingExpenses": "840700000", "investmentIncomeNet": "900000", "netInterestIncome": "-56700000", "interestIncome": "None", "interestExpense": "56700000", "nonInterestIncome": "None", "otherNonOperatingIncome": "700000", "depreciation": "None", "depreciationAndAmortization": "134100000", "incomeBeforeTax": "112400000", "incomeTaxExpense": "7900000", "interestAndDebtExpense": "56700000", "netIncomeFromContinuingOperations": "103500000", "comprehensiveIncomeNetOfTax": "27500000", "ebit": "169100000", "ebitda": "303200000", "netIncome": "104500000"}, {"fiscalDateEnding": "2018-05-31", "reportedCurrency": "USD", "grossProfit": "151400000", "totalRevenue": "1008300000", "costOfRevenue": "798600000", "costofGoodsAndServicesSold": "368400000", "operatingIncome": "180900000", "sellingGeneralAndAdministrative": "299200000", "researchAndDevelopment": "None", "operatingExpenses": "827400000", "investmentIncomeNet": "900000", "netInterestIncome": "-55300000", "interestIncome": "None", "interestExpense": "55300000", "nonInterestIncome": "-3000000", "otherNonOperatingIncome": "900000", "depreciation": "42400000", "depreciationAndAmortization": "131000000", "incomeBeforeTax": "126700000", "incomeTaxExpense": "12000000", "interestAndDebtExpense": "58300000", "netIncomeFromContinuingOperations": "114200000", "comprehensiveIncomeNetOfTax": "800000", "ebit": "182000000", "ebitda": "313000000", "netIncome": "114700000"}, {"fiscalDateEnding": "2018-02-28", "reportedCurrency": "USD", "grossProfit": "122000000", "totalRevenue": "932100000", "costOfRevenue": "763800000", "costofGoodsAndServicesSold": "342900000", "operatingIncome": "139900000", "sellingGeneralAndAdministrative": "290300000", "researchAndDevelopment": "None", "operatingExpenses": "792200000", "investmentIncomeNet": "700000", "netInterestIncome": "-46300000", "interestIncome": "None", "interestExpense": "46300000", "nonInterestIncome": "0", "otherNonOperatingIncome": "700000", "depreciation": "41600000", "depreciationAndAmortization": "130600000", "incomeBeforeTax": "94700000", "incomeTaxExpense": "-146600000", "interestAndDebtExpense": "46300000", "netIncomeFromContinuingOperations": "240700000", "comprehensiveIncomeNetOfTax": "302500000", "ebit": "141000000", "ebitda": "271600000", "netIncome": "241300000"}, {"fiscalDateEnding": "2017-11-30", "reportedCurrency": "USD", "grossProfit": "944700000", "totalRevenue": "944700000", "costOfRevenue": "756500000", "costofGoodsAndServicesSold": "342100000", "operatingIncome": "146100000", "sellingGeneralAndAdministrative": "285000000", "researchAndDevelopment": "None", "operatingExpenses": "798600000", "investmentIncomeNet": "600000", "netInterestIncome": "-43300000", "interestIncome": "None", "interestExpense": "43300000", "nonInterestIncome": "None", "otherNonOperatingIncome": "600000", "depreciation": "43600000", "depreciationAndAmortization": "128100000", "incomeBeforeTax": "97100000", "incomeTaxExpense": "-8600000", "interestAndDebtExpense": "43300000", "netIncomeFromContinuingOperations": "944700000", "comprehensiveIncomeNetOfTax": "233900000", "ebit": "140400000", "ebitda": "268500000", "netIncome": "105700000"}, {"fiscalDateEnding": "2017-08-31", "reportedCurrency": "USD", "grossProfit": "129000000", "totalRevenue": "904700000", "costOfRevenue": "731100000", "costofGoodsAndServicesSold": "341600000", "operatingIncome": "152500000", "sellingGeneralAndAdministrative": "268800000", "researchAndDevelopment": "None", "operatingExpenses": "752200000", "investmentIncomeNet": "500000", "netInterestIncome": "-41500000", "interestIncome": "None", "interestExpense": "41500000", "nonInterestIncome": "None", "otherNonOperatingIncome": "-600000", "depreciation": "38200000", "depreciationAndAmortization": "120800000", "incomeBeforeTax": "109200000", "incomeTaxExpense": "-36700000", "interestAndDebtExpense": "41500000", "netIncomeFromContinuingOperations": "147100000", "comprehensiveIncomeNetOfTax": "242500000", "ebit": "150700000", "ebitda": "271500000", "netIncome": "145900000"}, {"fiscalDateEnding": "2017-05-31", "reportedCurrency": "USD", "grossProfit": "129900000", "totalRevenue": "906100000", "costOfRevenue": "734200000", "costofGoodsAndServicesSold": "337700000", "operatingIncome": "136800000", "sellingGeneralAndAdministrative": "274200000", "researchAndDevelopment": "None", "operatingExpenses": "769300000", "investmentIncomeNet": "600000", "netInterestIncome": "-37700000", "interestIncome": "None", "interestExpense": "37700000", "nonInterestIncome": "0", "otherNonOperatingIncome": "-1300000", "depreciation": "39100000", "depreciationAndAmortization": "122800000", "incomeBeforeTax": "98300000", "incomeTaxExpense": "-1000000", "interestAndDebtExpense": "37700000", "netIncomeFromContinuingOperations": "98800000", "comprehensiveIncomeNetOfTax": "250200000", "ebit": "136000000", "ebitda": "258800000", "netIncome": "99300000"}, {"fiscalDateEnding": "2017-02-28", "reportedCurrency": "USD", "grossProfit": "95900000", "totalRevenue": "844200000", "costOfRevenue": "715600000", "costofGoodsAndServicesSold": "327000000", "operatingIncome": "95700000", "sellingGeneralAndAdministrative": "268000000", "researchAndDevelopment": "None", "operatingExpenses": "748500000", "investmentIncomeNet": "500000", "netInterestIncome": "-31800000", "interestIncome": "None", "interestExpense": "31800000", "nonInterestIncome": "None", "otherNonOperatingIncome": "-1500000", "depreciation": "36100000", "depreciationAndAmortization": "120800000", "incomeBeforeTax": "62400000", "incomeTaxExpense": "-3600000", "interestAndDebtExpense": "31800000", "netIncomeFromContinuingOperations": "66000000", "comprehensiveIncomeNetOfTax": "44100000", "ebit": "94200000", "ebitda": "215000000", "netIncome": "66000000"}, {"fiscalDateEnding": "2016-11-30", "reportedCurrency": "USD", "grossProfit": "873800000", "totalRevenue": "963800000", "costOfRevenue": "709600000", "costofGoodsAndServicesSold": "345500000", "operatingIncome": "112200000", "sellingGeneralAndAdministrative": "246000000", "researchAndDevelopment": "None", "operatingExpenses": "761600000", "investmentIncomeNet": "400000", "netInterestIncome": "-27400000", "interestIncome": "None", "interestExpense": "27400000", "nonInterestIncome": "None", "otherNonOperatingIncome": "None", "depreciation": "36600000", "depreciationAndAmortization": "119200000", "incomeBeforeTax": "83500000", "incomeTaxExpense": "-5800000", "interestAndDebtExpense": "28000000", "netIncomeFromContinuingOperations": "88100000", "comprehensiveIncomeNetOfTax": "-130700000", "ebit": "110900000", "ebitda": "230100000", "netIncome": "89300000"}]}