{"symbol": "INTC", "annualReports": [{"fiscalDateEnding": "2020-12-31", "reportedCurrency": "USD", "grossProfit": "43612000000", "totalRevenue": "76984000000", "costOfRevenue": "42390000000", "costofGoodsAndServicesSold": "34255000000", "operatingIncome": "23678000000", "sellingGeneralAndAdministrative": "6180000000", "researchAndDevelopment": "13556000000", "operatingExpenses": "19934000000", "investmentIncomeNet": "272000000", "netInterestIncome": "-629000000", "interestIncome": "272000000", "interestExpense": "629000000", "nonInterestIncome": "77613000000", "otherNonOperatingIncome": "-147000000", "depreciation": "10482000000", "depreciationAndAmortization": "1757000000", "incomeBeforeTax": "25078000000", "incomeTaxExpense": "4179000000", "interestAndDebtExpense": "629000000", "netIncomeFromContinuingOperations": "20899000000", "comprehensiveIncomeNetOfTax": "21428000000", "ebit": "25707000000", "ebitda": "27464000000", "netIncome": "20899000000"}, {"fiscalDateEnding": "2019-12-31", "reportedCurrency": "USD", "grossProfit": "42140000000", "totalRevenue": "71052000000", "costOfRevenue": "36568000000", "costofGoodsAndServicesSold": "29825000000", "operatingIncome": "22035000000", "sellingGeneralAndAdministrative": "6350000000", "researchAndDevelopment": "13362000000", "operatingExpenses": "20105000000", "investmentIncomeNet": "483000000", "netInterestIncome": "-489000000", "interestIncome": "483000000", "interestExpense": "489000000", "nonInterestIncome": "71541000000", "otherNonOperatingIncome": "490000000", "depreciation": "9204000000", "depreciationAndAmortization": "200000000", "incomeBeforeTax": "24058000000", "incomeTaxExpense": "3010000000", "interestAndDebtExpense": "489000000", "netIncomeFromContinuingOperations": "21048000000", "comprehensiveIncomeNetOfTax": "20742000000", "ebit": "24547000000", "ebitda": "24747000000", "netIncome": "21048000000"}, {"fiscalDateEnding": "2018-12-31", "reportedCurrency": "USD", "grossProfit": "43737000000", "totalRevenue": "69675000000", "costOfRevenue": "33989000000", "costofGoodsAndServicesSold": "27111000000", "operatingIncome": "23316000000", "sellingGeneralAndAdministrative": "6950000000", "researchAndDevelopment": "13543000000", "operatingExpenses": "20421000000", "investmentIncomeNet": "438000000", "netInterestIncome": "-468000000", "interestIncome": "438000000", "interestExpense": "468000000", "nonInterestIncome": "70143000000", "otherNonOperatingIncome": "156000000", "depreciation": "7520000000", "depreciationAndAmortization": "200000000", "incomeBeforeTax": "23317000000", "incomeTaxExpense": "2264000000", "interestAndDebtExpense": "728000000", "netIncomeFromContinuingOperations": "21053000000", "comprehensiveIncomeNetOfTax": "21007000000", "ebit": "23785000000", "ebitda": "23985000000", "netIncome": "21053000000"}, {"fiscalDateEnding": "2017-12-31", "reportedCurrency": "USD", "grossProfit": "39098000000", "totalRevenue": "64222000000", "costOfRevenue": "31727000000", "costofGoodsAndServicesSold": "23663000000", "operatingIncome": "18050000000", "sellingGeneralAndAdministrative": "7452000000", "researchAndDevelopment": "13035000000", "operatingExpenses": "21048000000", "investmentIncomeNet": "441000000", "netInterestIncome": "-646000000", "interestIncome": "441000000", "interestExpense": "646000000", "nonInterestIncome": "2107000000", "otherNonOperatingIncome": "-144000000", "depreciation": "6752000000", "depreciationAndAmortization": "177000000", "incomeBeforeTax": "20352000000", "incomeTaxExpense": "10751000000", "interestAndDebtExpense": "1122000000", "netIncomeFromContinuingOperations": "9601000000", "comprehensiveIncomeNetOfTax": "10357000000", "ebit": "20998000000", "ebitda": "21175000000", "netIncome": "9601000000"}, {"fiscalDateEnding": "2016-12-31", "reportedCurrency": "USD", "grossProfit": "36233000000", "totalRevenue": "58654000000", "costOfRevenue": "35003000000", "costofGoodsAndServicesSold": "23154000000", "operatingIncome": "13133000000", "sellingGeneralAndAdministrative": "8377000000", "researchAndDevelopment": "12685000000", "operatingExpenses": "23100000000", "investmentIncomeNet": "222000000", "netInterestIncome": "-733000000", "interestIncome": "222000000", "interestExpense": "733000000", "nonInterestIncome": "432000000", "otherNonOperatingIncome": "-192000000", "depreciation": "6266000000", "depreciationAndAmortization": "294000000", "incomeBeforeTax": "12936000000", "incomeTaxExpense": "2620000000", "interestAndDebtExpense": "733000000", "netIncomeFromContinuingOperations": "10316000000", "comprehensiveIncomeNetOfTax": "10362000000", "ebit": "13669000000", "ebitda": "13963000000", "netIncome": "10316000000"}], "quarterlyReports": [{"fiscalDateEnding": "2021-09-30", "reportedCurrency": "USD", "grossProfit": "10746000000", "totalRevenue": "19002000000", "costOfRevenue": "10162000000", "costofGoodsAndServicesSold": "8446000000", "operatingIncome": "5227000000", "sellingGeneralAndAdministrative": "1674000000", "researchAndDevelopment": "3803000000", "operatingExpenses": "5519000000", "investmentIncomeNet": "37000000", "netInterestIncome": "-144000000", "interestIncome": "37000000", "interestExpense": "144000000", "nonInterestIncome": "19146000000", "otherNonOperatingIncome": "31000000", "depreciation": "2495000000", "depreciationAndAmortization": "464000000", "incomeBeforeTax": "6858000000", "incomeTaxExpense": "35000000", "interestAndDebtExpense": "144000000", "netIncomeFromContinuingOperations": "6823000000", "comprehensiveIncomeNetOfTax": "6771000000", "ebit": "7002000000", "ebitda": "7466000000", "netIncome": "6823000000"}, {"fiscalDateEnding": "2021-06-30", "reportedCurrency": "USD", "grossProfit": "11206000000", "totalRevenue": "19476000000", "costOfRevenue": "10370000000", "costofGoodsAndServicesSold": "8425000000", "operatingIncome": "5546000000", "sellingGeneralAndAdministrative": "1599000000", "researchAndDevelopment": "3715000000", "operatingExpenses": "5660000000", "investmentIncomeNet": "37000000", "netInterestIncome": "-129000000", "interestIncome": "37000000", "interestExpense": "129000000", "nonInterestIncome": "19605000000", "otherNonOperatingIncome": "-4000000", "depreciation": "2408000000", "depreciationAndAmortization": "449000000", "incomeBeforeTax": "5745000000", "incomeTaxExpense": "684000000", "interestAndDebtExpense": "129000000", "netIncomeFromContinuingOperations": "5061000000", "comprehensiveIncomeNetOfTax": "5069000000", "ebit": "5874000000", "ebitda": "6323000000", "netIncome": "5061000000"}, {"fiscalDateEnding": "2021-03-31", "reportedCurrency": "USD", "grossProfit": "10854000000", "totalRevenue": "19398000000", "costOfRevenue": "12804000000", "costofGoodsAndServicesSold": "8819000000", "operatingIncome": "3694000000", "sellingGeneralAndAdministrative": "1328000000", "researchAndDevelopment": "3623000000", "operatingExpenses": "7160000000", "investmentIncomeNet": "37000000", "netInterestIncome": "-190000000", "interestIncome": "37000000", "interestExpense": "190000000", "nonInterestIncome": "19588000000", "otherNonOperatingIncome": "-3000000", "depreciation": "2454000000", "depreciationAndAmortization": "448000000", "incomeBeforeTax": "3906000000", "incomeTaxExpense": "545000000", "interestAndDebtExpense": "190000000", "netIncomeFromContinuingOperations": "3361000000", "comprehensiveIncomeNetOfTax": "3009000000", "ebit": "4096000000", "ebitda": "4544000000", "netIncome": "3361000000"}, {"fiscalDateEnding": "2020-12-31", "reportedCurrency": "USD", "grossProfit": "11348000000", "totalRevenue": "19663000000", "costOfRevenue": "10885000000", "costofGoodsAndServicesSold": "8630000000", "operatingIncome": "5884000000", "sellingGeneralAndAdministrative": "1757000000", "researchAndDevelopment": "3655000000", "operatingExpenses": "5464000000", "investmentIncomeNet": "43000000", "netInterestIncome": "-148000000", "interestIncome": "43000000", "interestExpense": "148000000", "nonInterestIncome": "19811000000", "otherNonOperatingIncome": "17000000", "depreciation": "2557000000", "depreciationAndAmortization": "446000000", "incomeBeforeTax": "7488000000", "incomeTaxExpense": "1631000000", "interestAndDebtExpense": "148000000", "netIncomeFromContinuingOperations": "5857000000", "comprehensiveIncomeNetOfTax": "6046000000", "ebit": "7636000000", "ebitda": "8082000000", "netIncome": "5857000000"}, {"fiscalDateEnding": "2020-09-30", "reportedCurrency": "USD", "grossProfit": "9741000000", "totalRevenue": "18161000000", "costOfRevenue": "10002000000", "costofGoodsAndServicesSold": "8592000000", "operatingIncome": "5059000000", "sellingGeneralAndAdministrative": "1435000000", "researchAndDevelopment": "3272000000", "operatingExpenses": "4682000000", "investmentIncomeNet": "53000000", "netInterestIncome": "-160000000", "interestIncome": "53000000", "interestExpense": "160000000", "nonInterestIncome": "18321000000", "otherNonOperatingIncome": "33000000", "depreciation": "2677000000", "depreciationAndAmortization": "446000000", "incomeBeforeTax": "5041000000", "incomeTaxExpense": "765000000", "interestAndDebtExpense": "160000000", "netIncomeFromContinuingOperations": "4276000000", "comprehensiveIncomeNetOfTax": "4488000000", "ebit": "5201000000", "ebitda": "5647000000", "netIncome": "4276000000"}, {"fiscalDateEnding": "2020-06-30", "reportedCurrency": "USD", "grossProfit": "10507000000", "totalRevenue": "19487000000", "costOfRevenue": "10677000000", "costofGoodsAndServicesSold": "9221000000", "operatingIncome": "5697000000", "sellingGeneralAndAdministrative": "1447000000", "researchAndDevelopment": "3354000000", "operatingExpenses": "4810000000", "investmentIncomeNet": "83000000", "netInterestIncome": "-186000000", "interestIncome": "83000000", "interestExpense": "186000000", "nonInterestIncome": "19673000000", "otherNonOperatingIncome": "74000000", "depreciation": "2625000000", "depreciationAndAmortization": "438000000", "incomeBeforeTax": "5935000000", "incomeTaxExpense": "830000000", "interestAndDebtExpense": "186000000", "netIncomeFromContinuingOperations": "5105000000", "comprehensiveIncomeNetOfTax": "5494000000", "ebit": "6121000000", "ebitda": "6559000000", "netIncome": "5105000000"}, {"fiscalDateEnding": "2020-03-31", "reportedCurrency": "USD", "grossProfit": "12016000000", "totalRevenue": "19686000000", "costOfRevenue": "9942000000", "costofGoodsAndServicesSold": "7812000000", "operatingIncome": "7038000000", "sellingGeneralAndAdministrative": "1541000000", "researchAndDevelopment": "3275000000", "operatingExpenses": "4978000000", "investmentIncomeNet": "93000000", "netInterestIncome": "-135000000", "interestIncome": "93000000", "interestExpense": "135000000", "nonInterestIncome": "19821000000", "otherNonOperatingIncome": "-271000000", "depreciation": "2623000000", "depreciationAndAmortization": "427000000", "incomeBeforeTax": "6614000000", "incomeTaxExpense": "953000000", "interestAndDebtExpense": "135000000", "netIncomeFromContinuingOperations": "5661000000", "comprehensiveIncomeNetOfTax": "5400000000", "ebit": "6749000000", "ebitda": "7176000000", "netIncome": "5661000000"}, {"fiscalDateEnding": "2019-12-31", "reportedCurrency": "USD", "grossProfit": "11878000000", "totalRevenue": "19998000000", "costOfRevenue": "10028000000", "costofGoodsAndServicesSold": "8331000000", "operatingIncome": "6797000000", "sellingGeneralAndAdministrative": "1592000000", "researchAndDevelopment": "3384000000", "operatingExpenses": "5081000000", "investmentIncomeNet": "109000000", "netInterestIncome": "-108000000", "interestIncome": "109000000", "interestExpense": "108000000", "nonInterestIncome": "20106000000", "otherNonOperatingIncome": "653000000", "depreciation": "2557000000", "depreciationAndAmortization": "50000000", "incomeBeforeTax": "8068000000", "incomeTaxExpense": "1163000000", "interestAndDebtExpense": "108000000", "netIncomeFromContinuingOperations": "6905000000", "comprehensiveIncomeNetOfTax": "6347000000", "ebit": "8176000000", "ebitda": "8226000000", "netIncome": "6905000000"}, {"fiscalDateEnding": "2019-09-30", "reportedCurrency": "USD", "grossProfit": "11295000000", "totalRevenue": "19029000000", "costOfRevenue": "9535000000", "costofGoodsAndServicesSold": "7895000000", "operatingIncome": "6447000000", "sellingGeneralAndAdministrative": "1536000000", "researchAndDevelopment": "3208000000", "operatingExpenses": "4848000000", "investmentIncomeNet": "114000000", "netInterestIncome": "-107000000", "interestIncome": "114000000", "interestExpense": "107000000", "nonInterestIncome": "19136000000", "otherNonOperatingIncome": "-53000000", "depreciation": "2268000000", "depreciationAndAmortization": "50000000", "incomeBeforeTax": "6719000000", "incomeTaxExpense": "729000000", "interestAndDebtExpense": "107000000", "netIncomeFromContinuingOperations": "5990000000", "comprehensiveIncomeNetOfTax": "5890000000", "ebit": "6826000000", "ebitda": "6876000000", "netIncome": "5990000000"}, {"fiscalDateEnding": "2019-06-30", "reportedCurrency": "USD", "grossProfit": "9878000000", "totalRevenue": "16337000000", "costOfRevenue": "8450000000", "costofGoodsAndServicesSold": "6627000000", "operatingIncome": "4617000000", "sellingGeneralAndAdministrative": "1639000000", "researchAndDevelopment": "3438000000", "operatingExpenses": "5261000000", "investmentIncomeNet": "125000000", "netInterestIncome": "-135000000", "interestIncome": "125000000", "interestExpense": "135000000", "nonInterestIncome": "16472000000", "otherNonOperatingIncome": "-53000000", "depreciation": "2150000000", "depreciationAndAmortization": "50000000", "incomeBeforeTax": "4724000000", "incomeTaxExpense": "545000000", "interestAndDebtExpense": "135000000", "netIncomeFromContinuingOperations": "4179000000", "comprehensiveIncomeNetOfTax": "4370000000", "ebit": "4859000000", "ebitda": "4909000000", "netIncome": "4179000000"}, {"fiscalDateEnding": "2019-03-31", "reportedCurrency": "USD", "grossProfit": "9089000000", "totalRevenue": "15733000000", "costOfRevenue": "8555000000", "costofGoodsAndServicesSold": "6972000000", "operatingIncome": "4174000000", "sellingGeneralAndAdministrative": "1583000000", "researchAndDevelopment": "3332000000", "operatingExpenses": "4915000000", "investmentIncomeNet": "135000000", "netInterestIncome": "-138000000", "interestIncome": "135000000", "interestExpense": "138000000", "nonInterestIncome": "15871000000", "otherNonOperatingIncome": "-58000000", "depreciation": "2229000000", "depreciationAndAmortization": "50000000", "incomeBeforeTax": "4547000000", "incomeTaxExpense": "573000000", "interestAndDebtExpense": "138000000", "netIncomeFromContinuingOperations": "3974000000", "comprehensiveIncomeNetOfTax": "4135000000", "ebit": "4685000000", "ebitda": "4735000000", "netIncome": "3974000000"}, {"fiscalDateEnding": "2018-12-31", "reportedCurrency": "USD", "grossProfit": "11227000000", "totalRevenue": "18495000000", "costOfRevenue": "9000000000", "costofGoodsAndServicesSold": "7430000000", "operatingIncome": "6224000000", "sellingGeneralAndAdministrative": "1720000000", "researchAndDevelopment": "3433000000", "operatingExpenses": "5003000000", "investmentIncomeNet": "130000000", "netInterestIncome": "-131000000", "interestIncome": "None", "interestExpense": "131000000", "nonInterestIncome": "18626000000", "otherNonOperatingIncome": "-98000000", "depreciation": "2100000000", "depreciationAndAmortization": "50000000", "incomeBeforeTax": "5635000000", "incomeTaxExpense": "440000000", "interestAndDebtExpense": "180000000", "netIncomeFromContinuingOperations": "5195000000", "comprehensiveIncomeNetOfTax": "5324000000", "ebit": "5766000000", "ebitda": "5816000000", "netIncome": "5195000000"}, {"fiscalDateEnding": "2018-09-30", "reportedCurrency": "USD", "grossProfit": "12360000000", "totalRevenue": "18829000000", "costOfRevenue": "8386000000", "costofGoodsAndServicesSold": "6803000000", "operatingIncome": "7349000000", "sellingGeneralAndAdministrative": "1605000000", "researchAndDevelopment": "3428000000", "operatingExpenses": "5011000000", "investmentIncomeNet": "109000000", "netInterestIncome": "-109000000", "interestIncome": "None", "interestExpense": "109000000", "nonInterestIncome": "18938000000", "otherNonOperatingIncome": "-132000000", "depreciation": "1884000000", "depreciationAndAmortization": "50000000", "incomeBeforeTax": "7142000000", "incomeTaxExpense": "744000000", "interestAndDebtExpense": "109000000", "netIncomeFromContinuingOperations": "6398000000", "comprehensiveIncomeNetOfTax": "6384000000", "ebit": "7251000000", "ebitda": "7301000000", "netIncome": "6398000000"}, {"fiscalDateEnding": "2018-06-30", "reportedCurrency": "USD", "grossProfit": "10419000000", "totalRevenue": "16713000000", "costOfRevenue": "8318000000", "costofGoodsAndServicesSold": "6543000000", "operatingIncome": "5273000000", "sellingGeneralAndAdministrative": "1725000000", "researchAndDevelopment": "3371000000", "operatingExpenses": "5146000000", "investmentIncomeNet": "108000000", "netInterestIncome": "-116000000", "interestIncome": "None", "interestExpense": "116000000", "nonInterestIncome": "-133000000", "otherNonOperatingIncome": "467000000", "depreciation": "1730000000", "depreciationAndAmortization": "50000000", "incomeBeforeTax": "5529000000", "incomeTaxExpense": "523000000", "interestAndDebtExpense": "116000000", "netIncomeFromContinuingOperations": "5006000000", "comprehensiveIncomeNetOfTax": "4600000000", "ebit": "5645000000", "ebitda": "5695000000", "netIncome": "5006000000"}, {"fiscalDateEnding": "2018-03-31", "reportedCurrency": "USD", "grossProfit": "9731000000", "totalRevenue": "16678000000", "costOfRevenue": "8285000000", "costofGoodsAndServicesSold": "6335000000", "operatingIncome": "4470000000", "sellingGeneralAndAdministrative": "1900000000", "researchAndDevelopment": "3311000000", "operatingExpenses": "5261000000", "investmentIncomeNet": "91000000", "netInterestIncome": "-112000000", "interestIncome": "None", "interestExpense": "112000000", "nonInterestIncome": "724000000", "otherNonOperatingIncome": "-81000000", "depreciation": "1806000000", "depreciationAndAmortization": "50000000", "incomeBeforeTax": "5011000000", "incomeTaxExpense": "557000000", "interestAndDebtExpense": "112000000", "netIncomeFromContinuingOperations": "4454000000", "comprehensiveIncomeNetOfTax": "4699000000", "ebit": "5123000000", "ebitda": "5173000000", "netIncome": "4454000000"}, {"fiscalDateEnding": "2017-12-31", "reportedCurrency": "USD", "grossProfit": "10778000000", "totalRevenue": "19007000000", "costOfRevenue": "8384000000", "costofGoodsAndServicesSold": "6275000000", "operatingIncome": "5435000000", "sellingGeneralAndAdministrative": "1842000000", "researchAndDevelopment": "3253000000", "operatingExpenses": "5343000000", "investmentIncomeNet": "92000000", "netInterestIncome": "-153000000", "interestIncome": "None", "interestExpense": "153000000", "nonInterestIncome": "-43601000000", "otherNonOperatingIncome": "-550000000", "depreciation": "1762000000", "depreciationAndAmortization": "53000000", "incomeBeforeTax": "6035000000", "incomeTaxExpense": "6722000000", "interestAndDebtExpense": "629000000", "netIncomeFromContinuingOperations": "-687000000", "comprehensiveIncomeNetOfTax": "-1435000000", "ebit": "6188000000", "ebitda": "6241000000", "netIncome": "-687000000"}, {"fiscalDateEnding": "2017-09-30", "reportedCurrency": "USD", "grossProfit": "10064000000", "totalRevenue": "15958000000", "costOfRevenue": "7811000000", "costofGoodsAndServicesSold": "6085000000", "operatingIncome": "5141000000", "sellingGeneralAndAdministrative": "1661000000", "researchAndDevelopment": "3209000000", "operatingExpenses": "4923000000", "investmentIncomeNet": "137000000", "netInterestIncome": "-191000000", "interestIncome": "None", "interestExpense": "191000000", "nonInterestIncome": "16149000000", "otherNonOperatingIncome": "-3000000", "depreciation": "1690000000", "depreciationAndAmortization": "49000000", "incomeBeforeTax": "5930000000", "incomeTaxExpense": "1414000000", "interestAndDebtExpense": "191000000", "netIncomeFromContinuingOperations": "4516000000", "comprehensiveIncomeNetOfTax": "4952000000", "ebit": "6121000000", "ebitda": "6170000000", "netIncome": "4516000000"}, {"fiscalDateEnding": "2017-06-30", "reportedCurrency": "USD", "grossProfit": "9096000000", "totalRevenue": "14607000000", "costOfRevenue": "7659000000", "costofGoodsAndServicesSold": "5667000000", "operatingIncome": "3842000000", "sellingGeneralAndAdministrative": "1850000000", "researchAndDevelopment": "3262000000", "operatingExpenses": "5254000000", "investmentIncomeNet": "136000000", "netInterestIncome": "-156000000", "interestIncome": "None", "interestExpense": "156000000", "nonInterestIncome": "None", "otherNonOperatingIncome": "408000000", "depreciation": "1675000000", "depreciationAndAmortization": "37000000", "incomeBeforeTax": "4572000000", "incomeTaxExpense": "1764000000", "interestAndDebtExpense": "156000000", "netIncomeFromContinuingOperations": "2808000000", "comprehensiveIncomeNetOfTax": "3119000000", "ebit": "4728000000", "ebitda": "4765000000", "netIncome": "2808000000"}, {"fiscalDateEnding": "2017-03-31", "reportedCurrency": "USD", "grossProfit": "9160000000", "totalRevenue": "14650000000", "costOfRevenue": "7853000000", "costofGoodsAndServicesSold": "5636000000", "operatingIncome": "3632000000", "sellingGeneralAndAdministrative": "2099000000", "researchAndDevelopment": "3311000000", "operatingExpenses": "5528000000", "investmentIncomeNet": "76000000", "netInterestIncome": "-146000000", "interestIncome": "None", "interestExpense": "146000000", "nonInterestIncome": "None", "otherNonOperatingIncome": "1000000", "depreciation": "1625000000", "depreciationAndAmortization": "38000000", "incomeBeforeTax": "3815000000", "incomeTaxExpense": "851000000", "interestAndDebtExpense": "146000000", "netIncomeFromContinuingOperations": "2964000000", "comprehensiveIncomeNetOfTax": "3721000000", "ebit": "3961000000", "ebitda": "3999000000", "netIncome": "2964000000"}, {"fiscalDateEnding": "2016-12-31", "reportedCurrency": "USD", "grossProfit": "10147000000", "totalRevenue": "16216000000", "costOfRevenue": "9798000000", "costofGoodsAndServicesSold": "6227000000", "operatingIncome": "4785000000", "sellingGeneralAndAdministrative": "2138000000", "researchAndDevelopment": "3225000000", "operatingExpenses": "5362000000", "investmentIncomeNet": "63000000", "netInterestIncome": "-158000000", "interestIncome": "None", "interestExpense": "158000000", "nonInterestIncome": "None", "otherNonOperatingIncome": "-268000000", "depreciation": "1582000000", "depreciationAndAmortization": "41000000", "incomeBeforeTax": "4440000000", "incomeTaxExpense": "878000000", "interestAndDebtExpense": "158000000", "netIncomeFromContinuingOperations": "3562000000", "comprehensiveIncomeNetOfTax": "3268000000", "ebit": "4598000000", "ebitda": "4639000000", "netIncome": "3562000000"}]}