{"symbol": "INTU", "annualReports": [{"fiscalDateEnding": "2021-07-31", "reportedCurrency": "USD", "grossProfit": "5811000000", "totalRevenue": "9633000000", "costOfRevenue": "3822000000", "costofGoodsAndServicesSold": "50000000", "operatingIncome": "2500000000", "sellingGeneralAndAdministrative": "3626000000", "researchAndDevelopment": "1678000000", "operatingExpenses": "5450000000", "investmentIncomeNet": "None", "netInterestIncome": "-29000000", "interestIncome": "85000000", "interestExpense": "29000000", "nonInterestIncome": "9633000000", "otherNonOperatingIncome": "85000000", "depreciation": "166000000", "depreciationAndAmortization": "146000000", "incomeBeforeTax": "2556000000", "incomeTaxExpense": "494000000", "interestAndDebtExpense": "29000000", "netIncomeFromContinuingOperations": "2062000000", "comprehensiveIncomeNetOfTax": "2070000000", "ebit": "2500000000", "ebitda": "2731000000", "netIncome": "2062000000"}, {"fiscalDateEnding": "2020-07-31", "reportedCurrency": "USD", "grossProfit": "4910000000", "totalRevenue": "7679000000", "costOfRevenue": "2769000000", "costofGoodsAndServicesSold": "1378000000", "operatingIncome": "2176000000", "sellingGeneralAndAdministrative": "2727000000", "researchAndDevelopment": "1392000000", "operatingExpenses": "4125000000", "investmentIncomeNet": "None", "netInterestIncome": "-14000000", "interestIncome": "39000000", "interestExpense": "14000000", "nonInterestIncome": "7679000000", "otherNonOperatingIncome": "36000000", "depreciation": "189000000", "depreciationAndAmortization": "6000000", "incomeBeforeTax": "2198000000", "incomeTaxExpense": "372000000", "interestAndDebtExpense": "14000000", "netIncomeFromContinuingOperations": "1826000000", "comprehensiveIncomeNetOfTax": "1830000000", "ebit": "2176000000", "ebitda": "2218000000", "netIncome": "1826000000"}, {"fiscalDateEnding": "2019-07-31", "reportedCurrency": "USD", "grossProfit": "4234000000", "totalRevenue": "6784000000", "costOfRevenue": "2550000000", "costofGoodsAndServicesSold": "1167000000", "operatingIncome": "1854000000", "sellingGeneralAndAdministrative": "2524000000", "researchAndDevelopment": "1233000000", "operatingExpenses": "3763000000", "investmentIncomeNet": "None", "netInterestIncome": "-15000000", "interestIncome": "46000000", "interestExpense": "15000000", "nonInterestIncome": "None", "otherNonOperatingIncome": "42000000", "depreciation": "199000000", "depreciationAndAmortization": "6000000", "incomeBeforeTax": "1881000000", "incomeTaxExpense": "324000000", "interestAndDebtExpense": "15000000", "netIncomeFromContinuingOperations": "1557000000", "comprehensiveIncomeNetOfTax": "1557000000", "ebit": "1854000000", "ebitda": "1902000000", "netIncome": "1557000000"}, {"fiscalDateEnding": "2018-07-31", "reportedCurrency": "USD", "grossProfit": "3645000000", "totalRevenue": "6025000000", "costOfRevenue": "2319000000", "costofGoodsAndServicesSold": "978000000", "operatingIncome": "1560000000", "sellingGeneralAndAdministrative": "2298000000", "researchAndDevelopment": "1186000000", "operatingExpenses": "3487000000", "investmentIncomeNet": "None", "netInterestIncome": "-20000000", "interestIncome": "18000000", "interestExpense": "20000000", "nonInterestIncome": "23000000", "otherNonOperatingIncome": "26000000", "depreciation": "228000000", "depreciationAndAmortization": "6000000", "incomeBeforeTax": "1566000000", "incomeTaxExpense": "237000000", "interestAndDebtExpense": "20000000", "netIncomeFromContinuingOperations": "1329000000", "comprehensiveIncomeNetOfTax": "1315000000", "ebit": "1560000000", "ebitda": "1592000000", "netIncome": "1329000000"}, {"fiscalDateEnding": "2017-07-31", "reportedCurrency": "USD", "grossProfit": "2396000000", "totalRevenue": "5196000000", "costOfRevenue": "2772000000", "costofGoodsAndServicesSold": "809000000", "operatingIncome": "1418000000", "sellingGeneralAndAdministrative": "1973000000", "researchAndDevelopment": "998000000", "operatingExpenses": "2973000000", "investmentIncomeNet": "None", "netInterestIncome": "-31000000", "interestIncome": "8000000", "interestExpense": "31000000", "nonInterestIncome": "22000000", "otherNonOperatingIncome": "3000000", "depreciation": "214000000", "depreciationAndAmortization": "2000000", "incomeBeforeTax": "1390000000", "incomeTaxExpense": "405000000", "interestAndDebtExpense": "31000000", "netIncomeFromContinuingOperations": "985000000", "comprehensiveIncomeNetOfTax": "995000000", "ebit": "1418000000", "ebitda": "1423000000", "netIncome": "985000000"}], "quarterlyReports": [{"fiscalDateEnding": "2021-10-31", "reportedCurrency": "USD", "grossProfit": "1125000000", "totalRevenue": "2005000000", "costOfRevenue": "880000000", "costofGoodsAndServicesSold": "15000000", "operatingIncome": "195000000", "sellingGeneralAndAdministrative": "812000000", "researchAndDevelopment": "530000000", "operatingExpenses": "1395000000", "investmentIncomeNet": "None", "netInterestIncome": "-7000000", "interestIncome": "None", "interestExpense": "7000000", "nonInterestIncome": "2007000000", "otherNonOperatingIncome": "50000000", "depreciation": "45000000", "depreciationAndAmortization": "53000000", "incomeBeforeTax": "238000000", "incomeTaxExpense": "10000000", "interestAndDebtExpense": "7000000", "netIncomeFromContinuingOperations": "228000000", "comprehensiveIncomeNetOfTax": "223000000", "ebit": "195000000", "ebitda": "298000000", "netIncome": "228000000"}, {"fiscalDateEnding": "2021-07-31", "reportedCurrency": "USD", "grossProfit": "1383000000", "totalRevenue": "2571000000", "costOfRevenue": "1188000000", "costofGoodsAndServicesSold": "15000000", "operatingIncome": "402000000", "sellingGeneralAndAdministrative": "1119000000", "researchAndDevelopment": "521000000", "operatingExpenses": "1694000000", "investmentIncomeNet": "None", "netInterestIncome": "-7000000", "interestIncome": "8000000", "interestExpense": "7000000", "nonInterestIncome": "2561000000", "otherNonOperatingIncome": "8000000", "depreciation": "44000000", "depreciationAndAmortization": "54000000", "incomeBeforeTax": "403000000", "incomeTaxExpense": "23000000", "interestAndDebtExpense": "7000000", "netIncomeFromContinuingOperations": "380000000", "comprehensiveIncomeNetOfTax": "380000000", "ebit": "402000000", "ebitda": "464000000", "netIncome": "380000000"}, {"fiscalDateEnding": "2021-04-30", "reportedCurrency": "USD", "grossProfit": "2956000000", "totalRevenue": "4170000000", "costOfRevenue": "1214000000", "costofGoodsAndServicesSold": "14000000", "operatingIncome": "1914000000", "sellingGeneralAndAdministrative": "1146000000", "researchAndDevelopment": "464000000", "operatingExpenses": "1664000000", "investmentIncomeNet": "None", "netInterestIncome": "-7000000", "interestIncome": "14000000", "interestExpense": "7000000", "nonInterestIncome": "4173000000", "otherNonOperatingIncome": "14000000", "depreciation": "45000000", "depreciationAndAmortization": "54000000", "incomeBeforeTax": "1921000000", "incomeTaxExpense": "457000000", "interestAndDebtExpense": "7000000", "netIncomeFromContinuingOperations": "1464000000", "comprehensiveIncomeNetOfTax": "1463000000", "ebit": "1914000000", "ebitda": "1982000000", "netIncome": "1464000000"}, {"fiscalDateEnding": "2021-01-31", "reportedCurrency": "USD", "grossProfit": "693000000", "totalRevenue": "1573000000", "costOfRevenue": "880000000", "costofGoodsAndServicesSold": "14000000", "operatingIncome": "-25000000", "sellingGeneralAndAdministrative": "830000000", "researchAndDevelopment": "368000000", "operatingExpenses": "1234000000", "investmentIncomeNet": "None", "netInterestIncome": "-7000000", "interestIncome": "2000000", "interestExpense": "7000000", "nonInterestIncome": "1576000000", "otherNonOperatingIncome": "54000000", "depreciation": "40000000", "depreciationAndAmortization": "36000000", "incomeBeforeTax": "22000000", "incomeTaxExpense": "2000000", "interestAndDebtExpense": "7000000", "netIncomeFromContinuingOperations": "20000000", "comprehensiveIncomeNetOfTax": "32000000", "ebit": "-25000000", "ebitda": "65000000", "netIncome": "20000000"}, {"fiscalDateEnding": "2020-10-31", "reportedCurrency": "USD", "grossProfit": "769000000", "totalRevenue": "1319000000", "costOfRevenue": "550000000", "costofGoodsAndServicesSold": "7000000", "operatingIncome": "209000000", "sellingGeneralAndAdministrative": "531000000", "researchAndDevelopment": "325000000", "operatingExpenses": "868000000", "investmentIncomeNet": "None", "netInterestIncome": "-8000000", "interestIncome": "3000000", "interestExpense": "8000000", "nonInterestIncome": "1323000000", "otherNonOperatingIncome": "9000000", "depreciation": "37000000", "depreciationAndAmortization": "2000000", "incomeBeforeTax": "210000000", "incomeTaxExpense": "12000000", "interestAndDebtExpense": "8000000", "netIncomeFromContinuingOperations": "198000000", "comprehensiveIncomeNetOfTax": "195000000", "ebit": "209000000", "ebitda": "220000000", "netIncome": "198000000"}, {"fiscalDateEnding": "2020-07-31", "reportedCurrency": "USD", "grossProfit": "1494000000", "totalRevenue": "1816000000", "costOfRevenue": "322000000", "costofGoodsAndServicesSold": "322000000", "operatingIncome": "483000000", "sellingGeneralAndAdministrative": "617000000", "researchAndDevelopment": "393000000", "operatingExpenses": "1011000000", "investmentIncomeNet": "None", "netInterestIncome": "-7000000", "interestIncome": "6000000", "interestExpense": "7000000", "nonInterestIncome": "1816000000", "otherNonOperatingIncome": "10000000", "depreciation": "44000000", "depreciationAndAmortization": "1000000", "incomeBeforeTax": "486000000", "incomeTaxExpense": "41000000", "interestAndDebtExpense": "7000000", "netIncomeFromContinuingOperations": "483000000", "comprehensiveIncomeNetOfTax": "457000000", "ebit": "483000000", "ebitda": "494000000", "netIncome": "445000000"}, {"fiscalDateEnding": "2020-04-30", "reportedCurrency": "USD", "grossProfit": "2169000000", "totalRevenue": "3002000000", "costOfRevenue": "836000000", "costofGoodsAndServicesSold": "426000000", "operatingIncome": "1413000000", "sellingGeneralAndAdministrative": "829000000", "researchAndDevelopment": "332000000", "operatingExpenses": "1163000000", "investmentIncomeNet": "None", "netInterestIncome": "-2000000", "interestIncome": "10000000", "interestExpense": "2000000", "nonInterestIncome": "3002000000", "otherNonOperatingIncome": "-3000000", "depreciation": "47000000", "depreciationAndAmortization": "2000000", "incomeBeforeTax": "1408000000", "incomeTaxExpense": "324000000", "interestAndDebtExpense": "2000000", "netIncomeFromContinuingOperations": "1084000000", "comprehensiveIncomeNetOfTax": "1075000000", "ebit": "1413000000", "ebitda": "1412000000", "netIncome": "1084000000"}, {"fiscalDateEnding": "2020-01-31", "reportedCurrency": "USD", "grossProfit": "941000000", "totalRevenue": "1696000000", "costOfRevenue": "759000000", "costofGoodsAndServicesSold": "340000000", "operatingIncome": "270000000", "sellingGeneralAndAdministrative": "752000000", "researchAndDevelopment": "333000000", "operatingExpenses": "1086000000", "investmentIncomeNet": "None", "netInterestIncome": "-3000000", "interestIncome": "11000000", "interestExpense": "3000000", "nonInterestIncome": "1696000000", "otherNonOperatingIncome": "15000000", "depreciation": "49000000", "depreciationAndAmortization": "1000000", "incomeBeforeTax": "282000000", "incomeTaxExpense": "42000000", "interestAndDebtExpense": "3000000", "netIncomeFromContinuingOperations": "240000000", "comprehensiveIncomeNetOfTax": "240000000", "ebit": "270000000", "ebitda": "286000000", "netIncome": "240000000"}, {"fiscalDateEnding": "2019-10-31", "reportedCurrency": "USD", "grossProfit": "633000000", "totalRevenue": "1165000000", "costOfRevenue": "537000000", "costofGoodsAndServicesSold": "290000000", "operatingIncome": "10000000", "sellingGeneralAndAdministrative": "529000000", "researchAndDevelopment": "334000000", "operatingExpenses": "865000000", "investmentIncomeNet": "None", "netInterestIncome": "-2000000", "interestIncome": "12000000", "interestExpense": "2000000", "nonInterestIncome": "1165000000", "otherNonOperatingIncome": "14000000", "depreciation": "49000000", "depreciationAndAmortization": "2000000", "incomeBeforeTax": "22000000", "incomeTaxExpense": "-35000000", "interestAndDebtExpense": "2000000", "netIncomeFromContinuingOperations": "57000000", "comprehensiveIncomeNetOfTax": "58000000", "ebit": "10000000", "ebitda": "26000000", "netIncome": "57000000"}, {"fiscalDateEnding": "2019-07-31", "reportedCurrency": "USD", "grossProfit": "713000000", "totalRevenue": "994000000", "costOfRevenue": "281000000", "costofGoodsAndServicesSold": "281000000", "operatingIncome": "-153000000", "sellingGeneralAndAdministrative": "531000000", "researchAndDevelopment": "333000000", "operatingExpenses": "866000000", "investmentIncomeNet": "None", "netInterestIncome": "-3000000", "interestIncome": "19000000", "interestExpense": "3000000", "nonInterestIncome": "None", "otherNonOperatingIncome": "19000000", "depreciation": "52000000", "depreciationAndAmortization": "2000000", "incomeBeforeTax": "-137000000", "incomeTaxExpense": "-93000000", "interestAndDebtExpense": "3000000", "netIncomeFromContinuingOperations": "-153000000", "comprehensiveIncomeNetOfTax": "-42000000", "ebit": "-153000000", "ebitda": "-132000000", "netIncome": "-44000000"}, {"fiscalDateEnding": "2019-04-30", "reportedCurrency": "USD", "grossProfit": "2440000000", "totalRevenue": "3272000000", "costOfRevenue": "828000000", "costofGoodsAndServicesSold": "354000000", "operatingIncome": "1784000000", "sellingGeneralAndAdministrative": "822000000", "researchAndDevelopment": "311000000", "operatingExpenses": "1134000000", "investmentIncomeNet": "None", "netInterestIncome": "-4000000", "interestIncome": "10000000", "interestExpense": "4000000", "nonInterestIncome": "3272000000", "otherNonOperatingIncome": "17000000", "depreciation": "48000000", "depreciationAndAmortization": "1000000", "incomeBeforeTax": "1797000000", "incomeTaxExpense": "419000000", "interestAndDebtExpense": "4000000", "netIncomeFromContinuingOperations": "1378000000", "comprehensiveIncomeNetOfTax": "1376000000", "ebit": "1784000000", "ebitda": "1802000000", "netIncome": "1378000000"}, {"fiscalDateEnding": "2019-01-31", "reportedCurrency": "USD", "grossProfit": "804000000", "totalRevenue": "1502000000", "costOfRevenue": "694000000", "costofGoodsAndServicesSold": "285000000", "operatingIncome": "233000000", "sellingGeneralAndAdministrative": "688000000", "researchAndDevelopment": "295000000", "operatingExpenses": "984000000", "investmentIncomeNet": "None", "netInterestIncome": "-4000000", "interestIncome": "None", "interestExpense": "4000000", "nonInterestIncome": "1502000000", "otherNonOperatingIncome": "6000000", "depreciation": "48000000", "depreciationAndAmortization": "1000000", "incomeBeforeTax": "235000000", "incomeTaxExpense": "46000000", "interestAndDebtExpense": "4000000", "netIncomeFromContinuingOperations": "189000000", "comprehensiveIncomeNetOfTax": "193000000", "ebit": "233000000", "ebitda": "240000000", "netIncome": "189000000"}, {"fiscalDateEnding": "2018-10-31", "reportedCurrency": "USD", "grossProfit": "522000000", "totalRevenue": "1016000000", "costOfRevenue": "490000000", "costofGoodsAndServicesSold": "247000000", "operatingIncome": "-10000000", "sellingGeneralAndAdministrative": "483000000", "researchAndDevelopment": "294000000", "operatingExpenses": "779000000", "investmentIncomeNet": "None", "netInterestIncome": "-4000000", "interestIncome": "None", "interestExpense": "4000000", "nonInterestIncome": "1016000000", "otherNonOperatingIncome": "0", "depreciation": "51000000", "depreciationAndAmortization": "2000000", "incomeBeforeTax": "-14000000", "incomeTaxExpense": "-48000000", "interestAndDebtExpense": "4000000", "netIncomeFromContinuingOperations": "34000000", "comprehensiveIncomeNetOfTax": "30000000", "ebit": "-10000000", "ebitda": "-8000000", "netIncome": "34000000"}, {"fiscalDateEnding": "2018-07-31", "reportedCurrency": "USD", "grossProfit": "757000000", "totalRevenue": "864000000", "costOfRevenue": "231000000", "costofGoodsAndServicesSold": "229000000", "operatingIncome": "-200000000", "sellingGeneralAndAdministrative": "525000000", "researchAndDevelopment": "311000000", "operatingExpenses": "835000000", "investmentIncomeNet": "None", "netInterestIncome": "-4000000", "interestIncome": "None", "interestExpense": "4000000", "nonInterestIncome": "-5138000000", "otherNonOperatingIncome": "11000000", "depreciation": "55000000", "depreciationAndAmortization": "2000000", "incomeBeforeTax": "-193000000", "incomeTaxExpense": "-155000000", "interestAndDebtExpense": "4000000", "netIncomeFromContinuingOperations": "167000000", "comprehensiveIncomeNetOfTax": "-42000000", "ebit": "-200000000", "ebitda": "-187000000", "netIncome": "-38000000"}, {"fiscalDateEnding": "2018-04-30", "reportedCurrency": "USD", "grossProfit": "1911000000", "totalRevenue": "2912000000", "costOfRevenue": "1009000000", "costofGoodsAndServicesSold": "305000000", "operatingIncome": "1601000000", "sellingGeneralAndAdministrative": "708000000", "researchAndDevelopment": "296000000", "operatingExpenses": "1006000000", "investmentIncomeNet": "None", "netInterestIncome": "-5000000", "interestIncome": "None", "interestExpense": "5000000", "nonInterestIncome": "2912000000", "otherNonOperatingIncome": "7000000", "depreciation": "56000000", "depreciationAndAmortization": "2000000", "incomeBeforeTax": "1603000000", "incomeTaxExpense": "417000000", "interestAndDebtExpense": "5000000", "netIncomeFromContinuingOperations": "1200000000", "comprehensiveIncomeNetOfTax": "1174000000", "ebit": "1601000000", "ebitda": "1610000000", "netIncome": "1186000000"}, {"fiscalDateEnding": "2018-01-31", "reportedCurrency": "USD", "grossProfit": "303000000", "totalRevenue": "1339000000", "costOfRevenue": "856000000", "costofGoodsAndServicesSold": "246000000", "operatingIncome": "194000000", "sellingGeneralAndAdministrative": "612000000", "researchAndDevelopment": "286000000", "operatingExpenses": "899000000", "investmentIncomeNet": "None", "netInterestIncome": "-6000000", "interestIncome": "None", "interestExpense": "6000000", "nonInterestIncome": "1339000000", "otherNonOperatingIncome": "5000000", "depreciation": "57000000", "depreciationAndAmortization": "1000000", "incomeBeforeTax": "193000000", "incomeTaxExpense": "10000000", "interestAndDebtExpense": "6000000", "netIncomeFromContinuingOperations": "-21000000", "comprehensiveIncomeNetOfTax": "192000000", "ebit": "194000000", "ebitda": "200000000", "netIncome": "183000000"}, {"fiscalDateEnding": "2017-10-31", "reportedCurrency": "USD", "grossProfit": "233000000", "totalRevenue": "910000000", "costOfRevenue": "648000000", "costofGoodsAndServicesSold": "198000000", "operatingIncome": "-35000000", "sellingGeneralAndAdministrative": "453000000", "researchAndDevelopment": "293000000", "operatingExpenses": "747000000", "investmentIncomeNet": "None", "netInterestIncome": "-5000000", "interestIncome": "None", "interestExpense": "5000000", "nonInterestIncome": "910000000", "otherNonOperatingIncome": "3000000", "depreciation": "60000000", "depreciationAndAmortization": "1000000", "incomeBeforeTax": "-37000000", "incomeTaxExpense": "-35000000", "interestAndDebtExpense": "5000000", "netIncomeFromContinuingOperations": "-2000000", "comprehensiveIncomeNetOfTax": "-9000000", "ebit": "-35000000", "ebitda": "-31000000", "netIncome": "-2000000"}, {"fiscalDateEnding": "2017-07-31", "reportedCurrency": "USD", "grossProfit": "659000000", "totalRevenue": "842000000", "costOfRevenue": "183000000", "costofGoodsAndServicesSold": "183000000", "operatingIncome": "-10000000", "sellingGeneralAndAdministrative": "406000000", "researchAndDevelopment": "263000000", "operatingExpenses": "669000000", "investmentIncomeNet": "None", "netInterestIncome": "-3000000", "interestIncome": "None", "interestExpense": "3000000", "nonInterestIncome": "None", "otherNonOperatingIncome": "3000000", "depreciation": "58000000", "depreciationAndAmortization": "0", "incomeBeforeTax": "-1000000", "incomeTaxExpense": "-25000000", "interestAndDebtExpense": "3000000", "netIncomeFromContinuingOperations": "38000000", "comprehensiveIncomeNetOfTax": "52000000", "ebit": "-10000000", "ebitda": "2000000", "netIncome": "24000000"}, {"fiscalDateEnding": "2017-04-30", "reportedCurrency": "USD", "grossProfit": "1685000000", "totalRevenue": "2541000000", "costOfRevenue": "848000000", "costofGoodsAndServicesSold": "237000000", "operatingIncome": "1444000000", "sellingGeneralAndAdministrative": "613000000", "researchAndDevelopment": "246000000", "operatingExpenses": "860000000", "investmentIncomeNet": "None", "netInterestIncome": "-8000000", "interestIncome": "None", "interestExpense": "8000000", "nonInterestIncome": "None", "otherNonOperatingIncome": "3000000", "depreciation": "55000000", "depreciationAndAmortization": "1000000", "incomeBeforeTax": "1439000000", "incomeTaxExpense": "475000000", "interestAndDebtExpense": "8000000", "netIncomeFromContinuingOperations": "964000000", "comprehensiveIncomeNetOfTax": "962000000", "ebit": "1444000000", "ebitda": "1448000000", "netIncome": "964000000"}, {"fiscalDateEnding": "2017-01-31", "reportedCurrency": "USD", "grossProfit": "257000000", "totalRevenue": "1016000000", "costOfRevenue": "748000000", "costofGoodsAndServicesSold": "206000000", "operatingIncome": "22000000", "sellingGeneralAndAdministrative": "545000000", "researchAndDevelopment": "243000000", "operatingExpenses": "788000000", "investmentIncomeNet": "None", "netInterestIncome": "-11000000", "interestIncome": "None", "interestExpense": "11000000", "nonInterestIncome": "None", "otherNonOperatingIncome": "-1000000", "depreciation": "52000000", "depreciationAndAmortization": "0", "incomeBeforeTax": "10000000", "incomeTaxExpense": "-3000000", "interestAndDebtExpense": "11000000", "netIncomeFromContinuingOperations": "13000000", "comprehensiveIncomeNetOfTax": "16000000", "ebit": "22000000", "ebitda": "21000000", "netIncome": "13000000"}]}