{"symbol": "IP", "annualReports": [{"fiscalDateEnding": "2020-12-31", "reportedCurrency": "USD", "grossProfit": "24826000000", "totalRevenue": "40947000000", "costOfRevenue": "16121000000", "costofGoodsAndServicesSold": "14373000000", "operatingIncome": "23079000000", "sellingGeneralAndAdministrative": "1520000000", "researchAndDevelopment": "None", "operatingExpenses": "1747000000", "investmentIncomeNet": "156000000", "netInterestIncome": "-444000000", "interestIncome": "156000000", "interestExpense": "600000000", "nonInterestIncome": "41391000000", "otherNonOperatingIncome": "-353000000", "depreciation": "1200000000", "depreciationAndAmortization": "74000000", "incomeBeforeTax": "727000000", "incomeTaxExpense": "245000000", "interestAndDebtExpense": "404000000", "netIncomeFromContinuingOperations": "482000000", "comprehensiveIncomeNetOfTax": "879000000", "ebit": "1327000000", "ebitda": "1401000000", "netIncome": "482000000"}, {"fiscalDateEnding": "2019-12-31", "reportedCurrency": "USD", "grossProfit": "27090000000", "totalRevenue": "44282000000", "costOfRevenue": "17192000000", "costofGoodsAndServicesSold": "15268000000", "operatingIncome": "25224000000", "sellingGeneralAndAdministrative": "1647000000", "researchAndDevelopment": "None", "operatingExpenses": "1866000000", "investmentIncomeNet": "215000000", "netInterestIncome": "-491000000", "interestIncome": "215000000", "interestExpense": "706000000", "nonInterestIncome": "44773000000", "otherNonOperatingIncome": "45000000", "depreciation": "1200000000", "depreciationAndAmortization": "70000000", "incomeBeforeTax": "1859000000", "incomeTaxExpense": "634000000", "interestAndDebtExpense": "685000000", "netIncomeFromContinuingOperations": "1225000000", "comprehensiveIncomeNetOfTax": "1515000000", "ebit": "2565000000", "ebitda": "2635000000", "netIncome": "1225000000"}, {"fiscalDateEnding": "2018-12-31", "reportedCurrency": "USD", "grossProfit": "43714000000", "totalRevenue": "46086000000", "costOfRevenue": "2372000000", "costofGoodsAndServicesSold": "15555000000", "operatingIncome": "42391000000", "sellingGeneralAndAdministrative": "1723000000", "researchAndDevelopment": "None", "operatingExpenses": "1323000000", "investmentIncomeNet": "198000000", "netInterestIncome": "-536000000", "interestIncome": "198000000", "interestExpense": "734000000", "nonInterestIncome": "46622000000", "otherNonOperatingIncome": "214000000", "depreciation": "1200000000", "depreciationAndAmortization": "59000000", "incomeBeforeTax": "2457000000", "incomeTaxExpense": "445000000", "interestAndDebtExpense": "724000000", "netIncomeFromContinuingOperations": "1667000000", "comprehensiveIncomeNetOfTax": "2145000000", "ebit": "3191000000", "ebitda": "3250000000", "netIncome": "2012000000"}, {"fiscalDateEnding": "2017-12-31", "reportedCurrency": "USD", "grossProfit": "2632000000", "totalRevenue": "21254000000", "costOfRevenue": "18622000000", "costofGoodsAndServicesSold": "14802000000", "operatingIncome": "481000000", "sellingGeneralAndAdministrative": "1621000000", "researchAndDevelopment": "28000000", "operatingExpenses": "2151000000", "investmentIncomeNet": "186000000", "netInterestIncome": "-572000000", "interestIncome": "186000000", "interestExpense": "758000000", "nonInterestIncome": "83000000", "otherNonOperatingIncome": "174000000", "depreciation": "1200000000", "depreciationAndAmortization": "77000000", "incomeBeforeTax": "1059000000", "incomeTaxExpense": "-1085000000", "interestAndDebtExpense": "593000000", "netIncomeFromContinuingOperations": "2110000000", "comprehensiveIncomeNetOfTax": "2873000000", "ebit": "1817000000", "ebitda": "1894000000", "netIncome": "2144000000"}, {"fiscalDateEnding": "2016-12-31", "reportedCurrency": "USD", "grossProfit": "2377000000", "totalRevenue": "20588000000", "costOfRevenue": "18211000000", "costofGoodsAndServicesSold": "16513000000", "operatingIncome": "748000000", "sellingGeneralAndAdministrative": "1458000000", "researchAndDevelopment": "20000000", "operatingExpenses": "1629000000", "investmentIncomeNet": "175000000", "netInterestIncome": "-520000000", "interestIncome": "175000000", "interestExpense": "695000000", "nonInterestIncome": "29000000", "otherNonOperatingIncome": "128000000", "depreciation": "1000000000", "depreciationAndAmortization": "54000000", "incomeBeforeTax": "1097000000", "incomeTaxExpense": "193000000", "interestAndDebtExpense": "666000000", "netIncomeFromContinuingOperations": "802000000", "comprehensiveIncomeNetOfTax": "1250000000", "ebit": "1792000000", "ebitda": "1846000000", "netIncome": "904000000"}], "quarterlyReports": [{"fiscalDateEnding": "2021-09-30", "reportedCurrency": "USD", "grossProfit": "1264000000", "totalRevenue": "5622000000", "costOfRevenue": "4358000000", "costofGoodsAndServicesSold": "3924000000", "operatingIncome": "631000000", "sellingGeneralAndAdministrative": "434000000", "researchAndDevelopment": "None", "operatingExpenses": "399000000", "investmentIncomeNet": "24000000", "netInterestIncome": "-93000000", "interestIncome": "24000000", "interestExpense": "117000000", "nonInterestIncome": "5715000000", "otherNonOperatingIncome": "12000000", "depreciation": "302000000", "depreciationAndAmortization": "12000000", "incomeBeforeTax": "1010000000", "incomeTaxExpense": "146000000", "interestAndDebtExpense": "117000000", "netIncomeFromContinuingOperations": "864000000", "comprehensiveIncomeNetOfTax": "1644000000", "ebit": "1127000000", "ebitda": "1139000000", "netIncome": "864000000"}, {"fiscalDateEnding": "2021-06-30", "reportedCurrency": "USD", "grossProfit": "1183000000", "totalRevenue": "5689000000", "costOfRevenue": "4506000000", "costofGoodsAndServicesSold": "3913000000", "operatingIncome": "494000000", "sellingGeneralAndAdministrative": "460000000", "researchAndDevelopment": "None", "operatingExpenses": "645000000", "investmentIncomeNet": "60000000", "netInterestIncome": "-57000000", "interestIncome": "60000000", "interestExpense": "117000000", "nonInterestIncome": "5746000000", "otherNonOperatingIncome": "7000000", "depreciation": "292000000", "depreciationAndAmortization": "11000000", "incomeBeforeTax": "534000000", "incomeTaxExpense": "102000000", "interestAndDebtExpense": "117000000", "netIncomeFromContinuingOperations": "434000000", "comprehensiveIncomeNetOfTax": "791000000", "ebit": "651000000", "ebitda": "662000000", "netIncome": "432000000"}, {"fiscalDateEnding": "2021-03-31", "reportedCurrency": "USD", "grossProfit": "1148000000", "totalRevenue": "5345000000", "costOfRevenue": "4197000000", "costofGoodsAndServicesSold": "3847000000", "operatingIncome": "445000000", "sellingGeneralAndAdministrative": "361000000", "researchAndDevelopment": "None", "operatingExpenses": "401000000", "investmentIncomeNet": "32000000", "netInterestIncome": "-92000000", "interestIncome": "32000000", "interestExpense": "124000000", "nonInterestIncome": "5437000000", "otherNonOperatingIncome": "25000000", "depreciation": "294000000", "depreciationAndAmortization": "12000000", "incomeBeforeTax": "448000000", "incomeTaxExpense": "99000000", "interestAndDebtExpense": "124000000", "netIncomeFromContinuingOperations": "349000000", "comprehensiveIncomeNetOfTax": "238000000", "ebit": "572000000", "ebitda": "584000000", "netIncome": "349000000"}, {"fiscalDateEnding": "2020-12-31", "reportedCurrency": "USD", "grossProfit": "5240000000", "totalRevenue": "5239000000", "costOfRevenue": "-1000000", "costofGoodsAndServicesSold": "3659000000", "operatingIncome": "5235000000", "sellingGeneralAndAdministrative": "410000000", "researchAndDevelopment": "None", "operatingExpenses": "9000000", "investmentIncomeNet": "34000000", "netInterestIncome": "-99000000", "interestIncome": "34000000", "interestExpense": "133000000", "nonInterestIncome": "5239000000", "otherNonOperatingIncome": "-54000000", "depreciation": "298000000", "depreciationAndAmortization": "31000000", "incomeBeforeTax": "187000000", "incomeTaxExpense": "34000000", "interestAndDebtExpense": "-63000000", "netIncomeFromContinuingOperations": "153000000", "comprehensiveIncomeNetOfTax": "943000000", "ebit": "320000000", "ebitda": "351000000", "netIncome": "153000000"}, {"fiscalDateEnding": "2020-09-30", "reportedCurrency": "USD", "grossProfit": "1001000000", "totalRevenue": "5013000000", "costOfRevenue": "4012000000", "costofGoodsAndServicesSold": "3541000000", "operatingIncome": "473000000", "sellingGeneralAndAdministrative": "360000000", "researchAndDevelopment": "None", "operatingExpenses": "482000000", "investmentIncomeNet": "36000000", "netInterestIncome": "-112000000", "interestIncome": "36000000", "interestExpense": "148000000", "nonInterestIncome": "5125000000", "otherNonOperatingIncome": "-20000000", "depreciation": "300000000", "depreciationAndAmortization": "17000000", "incomeBeforeTax": "254000000", "incomeTaxExpense": "50000000", "interestAndDebtExpense": "148000000", "netIncomeFromContinuingOperations": "204000000", "comprehensiveIncomeNetOfTax": "221000000", "ebit": "402000000", "ebitda": "419000000", "netIncome": "204000000"}, {"fiscalDateEnding": "2020-06-30", "reportedCurrency": "USD", "grossProfit": "974000000", "totalRevenue": "4750000000", "costOfRevenue": "3776000000", "costofGoodsAndServicesSold": "3427000000", "operatingIncome": "428000000", "sellingGeneralAndAdministrative": "332000000", "researchAndDevelopment": "None", "operatingExpenses": "366000000", "investmentIncomeNet": "40000000", "netInterestIncome": "-116000000", "interestIncome": "40000000", "interestExpense": "156000000", "nonInterestIncome": "4866000000", "otherNonOperatingIncome": "-3000000", "depreciation": "293000000", "depreciationAndAmortization": "16000000", "incomeBeforeTax": "333000000", "incomeTaxExpense": "67000000", "interestAndDebtExpense": "156000000", "netIncomeFromContinuingOperations": "266000000", "comprehensiveIncomeNetOfTax": "372000000", "ebit": "489000000", "ebitda": "505000000", "netIncome": "266000000"}, {"fiscalDateEnding": "2020-03-31", "reportedCurrency": "USD", "grossProfit": "1027000000", "totalRevenue": "5235000000", "costOfRevenue": "4208000000", "costofGoodsAndServicesSold": "3746000000", "operatingIncome": "512000000", "sellingGeneralAndAdministrative": "418000000", "researchAndDevelopment": "None", "operatingExpenses": "406000000", "investmentIncomeNet": "46000000", "netInterestIncome": "-117000000", "interestIncome": "46000000", "interestExpense": "163000000", "nonInterestIncome": "5352000000", "otherNonOperatingIncome": "32000000", "depreciation": "309000000", "depreciationAndAmortization": "10000000", "incomeBeforeTax": "-47000000", "incomeTaxExpense": "94000000", "interestAndDebtExpense": "163000000", "netIncomeFromContinuingOperations": "-141000000", "comprehensiveIncomeNetOfTax": "-657000000", "ebit": "116000000", "ebitda": "126000000", "netIncome": "-141000000"}, {"fiscalDateEnding": "2019-12-31", "reportedCurrency": "USD", "grossProfit": "5066000000", "totalRevenue": "5499000000", "costOfRevenue": "433000000", "costofGoodsAndServicesSold": "3666000000", "operatingIncome": "4642000000", "sellingGeneralAndAdministrative": "445000000", "researchAndDevelopment": "None", "operatingExpenses": "423000000", "investmentIncomeNet": "55000000", "netInterestIncome": "-113000000", "interestIncome": "55000000", "interestExpense": "168000000", "nonInterestIncome": "5499000000", "otherNonOperatingIncome": "-23000000", "depreciation": "298000000", "depreciationAndAmortization": "22000000", "incomeBeforeTax": "428000000", "incomeTaxExpense": "263000000", "interestAndDebtExpense": "147000000", "netIncomeFromContinuingOperations": "165000000", "comprehensiveIncomeNetOfTax": "440000000", "ebit": "596000000", "ebitda": "618000000", "netIncome": "165000000"}, {"fiscalDateEnding": "2019-09-30", "reportedCurrency": "USD", "grossProfit": "1217000000", "totalRevenue": "5445000000", "costOfRevenue": "4228000000", "costofGoodsAndServicesSold": "3772000000", "operatingIncome": "701000000", "sellingGeneralAndAdministrative": "387000000", "researchAndDevelopment": "None", "operatingExpenses": "458000000", "investmentIncomeNet": "54000000", "netInterestIncome": "-123000000", "interestIncome": "54000000", "interestExpense": "177000000", "nonInterestIncome": "5568000000", "otherNonOperatingIncome": "21000000", "depreciation": "305000000", "depreciationAndAmortization": "18000000", "incomeBeforeTax": "481000000", "incomeTaxExpense": "137000000", "interestAndDebtExpense": "177000000", "netIncomeFromContinuingOperations": "344000000", "comprehensiveIncomeNetOfTax": "200000000", "ebit": "658000000", "ebitda": "676000000", "netIncome": "344000000"}, {"fiscalDateEnding": "2019-06-30", "reportedCurrency": "USD", "grossProfit": "1218000000", "totalRevenue": "5545000000", "costOfRevenue": "4327000000", "costofGoodsAndServicesSold": "3901000000", "operatingIncome": "629000000", "sellingGeneralAndAdministrative": "402000000", "researchAndDevelopment": "None", "operatingExpenses": "415000000", "investmentIncomeNet": "55000000", "netInterestIncome": "-122000000", "interestIncome": "55000000", "interestExpense": "177000000", "nonInterestIncome": "5667000000", "otherNonOperatingIncome": "-72000000", "depreciation": "300000000", "depreciationAndAmortization": "13000000", "incomeBeforeTax": "420000000", "incomeTaxExpense": "128000000", "interestAndDebtExpense": "177000000", "netIncomeFromContinuingOperations": "292000000", "comprehensiveIncomeNetOfTax": "397000000", "ebit": "597000000", "ebitda": "610000000", "netIncome": "292000000"}, {"fiscalDateEnding": "2019-03-31", "reportedCurrency": "USD", "grossProfit": "5054000000", "totalRevenue": "5510000000", "costOfRevenue": "456000000", "costofGoodsAndServicesSold": "3929000000", "operatingIncome": "600000000", "sellingGeneralAndAdministrative": "413000000", "researchAndDevelopment": "None", "operatingExpenses": "425000000", "investmentIncomeNet": "51000000", "netInterestIncome": "-133000000", "interestIncome": "51000000", "interestExpense": "184000000", "nonInterestIncome": "5643000000", "otherNonOperatingIncome": "121000000", "depreciation": "297000000", "depreciationAndAmortization": "12000000", "incomeBeforeTax": "530000000", "incomeTaxExpense": "106000000", "interestAndDebtExpense": "184000000", "netIncomeFromContinuingOperations": "424000000", "comprehensiveIncomeNetOfTax": "478000000", "ebit": "714000000", "ebitda": "726000000", "netIncome": "424000000"}, {"fiscalDateEnding": "2018-12-31", "reportedCurrency": "USD", "grossProfit": "5527000000", "totalRevenue": "5951000000", "costOfRevenue": "424000000", "costofGoodsAndServicesSold": "3798000000", "operatingIncome": "5098000000", "sellingGeneralAndAdministrative": "446000000", "researchAndDevelopment": "None", "operatingExpenses": "429000000", "investmentIncomeNet": "52000000", "netInterestIncome": "-135000000", "interestIncome": "52000000", "interestExpense": "187000000", "nonInterestIncome": "5951000000", "otherNonOperatingIncome": "79000000", "depreciation": "270000000", "depreciationAndAmortization": "15000000", "incomeBeforeTax": "459000000", "incomeTaxExpense": "143000000", "interestAndDebtExpense": "177000000", "netIncomeFromContinuingOperations": "316000000", "comprehensiveIncomeNetOfTax": "703000000", "ebit": "646000000", "ebitda": "661000000", "netIncome": "316000000"}, {"fiscalDateEnding": "2018-09-30", "reportedCurrency": "USD", "grossProfit": "5303000000", "totalRevenue": "5768000000", "costOfRevenue": "465000000", "costofGoodsAndServicesSold": "3887000000", "operatingIncome": "738000000", "sellingGeneralAndAdministrative": "405000000", "researchAndDevelopment": "None", "operatingExpenses": "420000000", "investmentIncomeNet": "51000000", "netInterestIncome": "-133000000", "interestIncome": "51000000", "interestExpense": "184000000", "nonInterestIncome": "5901000000", "otherNonOperatingIncome": "-30000000", "depreciation": "315000000", "depreciationAndAmortization": "15000000", "incomeBeforeTax": "645000000", "incomeTaxExpense": "83000000", "interestAndDebtExpense": "184000000", "netIncomeFromContinuingOperations": "562000000", "comprehensiveIncomeNetOfTax": "556000000", "ebit": "829000000", "ebitda": "844000000", "netIncome": "562000000"}, {"fiscalDateEnding": "2018-06-30", "reportedCurrency": "USD", "grossProfit": "6712000000", "totalRevenue": "11533000000", "costOfRevenue": "4821000000", "costofGoodsAndServicesSold": "3922000000", "operatingIncome": "697000000", "sellingGeneralAndAdministrative": "12000000", "researchAndDevelopment": "None", "operatingExpenses": "438000000", "investmentIncomeNet": "50000000", "netInterestIncome": "-133000000", "interestIncome": "50000000", "interestExpense": "183000000", "nonInterestIncome": "5833000000", "otherNonOperatingIncome": "70000000", "depreciation": "309000000", "depreciationAndAmortization": "15000000", "incomeBeforeTax": "535000000", "incomeTaxExpense": "130000000", "interestAndDebtExpense": "183000000", "netIncomeFromContinuingOperations": "428000000", "comprehensiveIncomeNetOfTax": "54000000", "ebit": "718000000", "ebitda": "733000000", "netIncome": "405000000"}, {"fiscalDateEnding": "2018-03-31", "reportedCurrency": "USD", "grossProfit": "6865000000", "totalRevenue": "11623000000", "costOfRevenue": "4758000000", "costofGoodsAndServicesSold": "3948000000", "operatingIncome": "512000000", "sellingGeneralAndAdministrative": "421000000", "researchAndDevelopment": "None", "operatingExpenses": "-81000000", "investmentIncomeNet": "45000000", "netInterestIncome": "-135000000", "interestIncome": "45000000", "interestExpense": "180000000", "nonInterestIncome": "6137000000", "otherNonOperatingIncome": "95000000", "depreciation": "306000000", "depreciationAndAmortization": "14000000", "incomeBeforeTax": "818000000", "incomeTaxExpense": "89000000", "interestAndDebtExpense": "180000000", "netIncomeFromContinuingOperations": "361000000", "comprehensiveIncomeNetOfTax": "832000000", "ebit": "998000000", "ebitda": "1012000000", "netIncome": "729000000"}, {"fiscalDateEnding": "2017-12-31", "reportedCurrency": "USD", "grossProfit": "6087000000", "totalRevenue": "5711000000", "costOfRevenue": "-376000000", "costofGoodsAndServicesSold": "1578000000", "operatingIncome": "6463000000", "sellingGeneralAndAdministrative": "434000000", "researchAndDevelopment": "28000000", "operatingExpenses": "-376000000", "investmentIncomeNet": "46000000", "netInterestIncome": "-141000000", "interestIncome": "46000000", "interestExpense": "187000000", "nonInterestIncome": "5711000000", "otherNonOperatingIncome": "61000000", "depreciation": "274000000", "depreciationAndAmortization": "17000000", "incomeBeforeTax": "253000000", "incomeTaxExpense": "-1207000000", "interestAndDebtExpense": "22000000", "netIncomeFromContinuingOperations": "1468000000", "comprehensiveIncomeNetOfTax": "1776000000", "ebit": "440000000", "ebitda": "457000000", "netIncome": "1460000000"}, {"fiscalDateEnding": "2017-09-30", "reportedCurrency": "USD", "grossProfit": "874000000", "totalRevenue": "5761000000", "costOfRevenue": "4887000000", "costofGoodsAndServicesSold": "4410000000", "operatingIncome": "674000000", "sellingGeneralAndAdministrative": "401000000", "researchAndDevelopment": "None", "operatingExpenses": "458000000", "investmentIncomeNet": "46000000", "netInterestIncome": "-152000000", "interestIncome": "46000000", "interestExpense": "198000000", "nonInterestIncome": "5517000000", "otherNonOperatingIncome": "45000000", "depreciation": "317000000", "depreciationAndAmortization": "27000000", "incomeBeforeTax": "531000000", "incomeTaxExpense": "136000000", "interestAndDebtExpense": "198000000", "netIncomeFromContinuingOperations": "366000000", "comprehensiveIncomeNetOfTax": "554000000", "ebit": "729000000", "ebitda": "756000000", "netIncome": "395000000"}, {"fiscalDateEnding": "2017-06-30", "reportedCurrency": "USD", "grossProfit": "688000000", "totalRevenue": "5635000000", "costOfRevenue": "4947000000", "costofGoodsAndServicesSold": "4495000000", "operatingIncome": "157000000", "sellingGeneralAndAdministrative": "393000000", "researchAndDevelopment": "None", "operatingExpenses": "802000000", "investmentIncomeNet": "49000000", "netInterestIncome": "-137000000", "interestIncome": "49000000", "interestExpense": "186000000", "nonInterestIncome": "5383000000", "otherNonOperatingIncome": "20000000", "depreciation": "310000000", "depreciationAndAmortization": "17000000", "incomeBeforeTax": "-7000000", "incomeTaxExpense": "-87000000", "interestAndDebtExpense": "186000000", "netIncomeFromContinuingOperations": "84000000", "comprehensiveIncomeNetOfTax": "124000000", "ebit": "179000000", "ebitda": "196000000", "netIncome": "80000000"}, {"fiscalDateEnding": "2017-03-31", "reportedCurrency": "USD", "grossProfit": "601000000", "totalRevenue": "5369000000", "costOfRevenue": "4768000000", "costofGoodsAndServicesSold": "4319000000", "operatingIncome": "414000000", "sellingGeneralAndAdministrative": "393000000", "researchAndDevelopment": "None", "operatingExpenses": "438000000", "investmentIncomeNet": "45000000", "netInterestIncome": "-142000000", "interestIncome": "45000000", "interestExpense": "187000000", "nonInterestIncome": "0", "otherNonOperatingIncome": "48000000", "depreciation": "299000000", "depreciationAndAmortization": "16000000", "incomeBeforeTax": "282000000", "incomeTaxExpense": "73000000", "interestAndDebtExpense": "187000000", "netIncomeFromContinuingOperations": "192000000", "comprehensiveIncomeNetOfTax": "419000000", "ebit": "469000000", "ebitda": "485000000", "netIncome": "209000000"}, {"fiscalDateEnding": "2016-12-31", "reportedCurrency": "USD", "grossProfit": "5381000000", "totalRevenue": "5381000000", "costOfRevenue": "4603000000", "costofGoodsAndServicesSold": "4156000000", "operatingIncome": "5381000000", "sellingGeneralAndAdministrative": "316000000", "researchAndDevelopment": "20000000", "operatingExpenses": "308000000", "investmentIncomeNet": "46000000", "netInterestIncome": "-136000000", "interestIncome": "46000000", "interestExpense": "182000000", "nonInterestIncome": "128000000", "otherNonOperatingIncome": "-23000000", "depreciation": "155000000", "depreciationAndAmortization": "15000000", "incomeBeforeTax": "272000000", "incomeTaxExpense": "54000000", "interestAndDebtExpense": "124000000", "netIncomeFromContinuingOperations": "111000000", "comprehensiveIncomeNetOfTax": "314000000", "ebit": "454000000", "ebitda": "469000000", "netIncome": "218000000"}]}