{"symbol": "IPG", "annualReports": [{"fiscalDateEnding": "2020-12-31", "reportedCurrency": "USD", "grossProfit": "-4966500000", "totalRevenue": "9061000000", "costOfRevenue": "14027500000", "costofGoodsAndServicesSold": "7709400000", "operatingIncome": "588400000", "sellingGeneralAndAdministrative": "58800000", "researchAndDevelopment": "None", "operatingExpenses": "8472600000", "investmentIncomeNet": "None", "netInterestIncome": "-162700000", "interestIncome": "29500000", "interestExpense": "192200000", "nonInterestIncome": "7998700000", "otherNonOperatingIncome": "-64400000", "depreciation": "204700000", "depreciationAndAmortization": "290600000", "incomeBeforeTax": "359100000", "incomeTaxExpense": "8000000", "interestAndDebtExpense": "192200000", "netIncomeFromContinuingOperations": "354200000", "comprehensiveIncomeNetOfTax": "400900000", "ebit": "551300000", "ebitda": "841900000", "netIncome": "351100000"}, {"fiscalDateEnding": "2019-12-31", "reportedCurrency": "USD", "grossProfit": "-4494700000", "totalRevenue": "10221300000", "costOfRevenue": "14716000000", "costofGoodsAndServicesSold": "8729100000", "operatingIncome": "1086000000", "sellingGeneralAndAdministrative": "93800000", "researchAndDevelopment": "None", "operatingExpenses": "9135300000", "investmentIncomeNet": "None", "netInterestIncome": "-164800000", "interestIncome": "34500000", "interestExpense": "199300000", "nonInterestIncome": "8576400000", "otherNonOperatingIncome": "-42900000", "depreciation": "192500000", "depreciationAndAmortization": "278500000", "incomeBeforeTax": "860800000", "incomeTaxExpense": "204800000", "interestAndDebtExpense": "199300000", "netIncomeFromContinuingOperations": "673900000", "comprehensiveIncomeNetOfTax": "667100000", "ebit": "1060100000", "ebitda": "1338600000", "netIncome": "656000000"}, {"fiscalDateEnding": "2018-12-31", "reportedCurrency": "USD", "grossProfit": "-4289500000", "totalRevenue": "9714400000", "costOfRevenue": "14003900000", "costofGoodsAndServicesSold": "8336200000", "operatingIncome": "1008800000", "sellingGeneralAndAdministrative": "166500000", "researchAndDevelopment": "None", "operatingExpenses": "8705600000", "investmentIncomeNet": "None", "netInterestIncome": "-101200000", "interestIncome": "21800000", "interestExpense": "123000000", "nonInterestIncome": "7964100000", "otherNonOperatingIncome": "-69600000", "depreciation": "165300000", "depreciationAndAmortization": "202900000", "incomeBeforeTax": "818100000", "incomeTaxExpense": "199200000", "interestAndDebtExpense": "123000000", "netIncomeFromContinuingOperations": "637700000", "comprehensiveIncomeNetOfTax": "505600000", "ebit": "941100000", "ebitda": "1144000000", "netIncome": "618900000"}, {"fiscalDateEnding": "2017-12-31", "reportedCurrency": "USD", "grossProfit": "7606700000", "totalRevenue": "9047600000", "costOfRevenue": "275700000", "costofGoodsAndServicesSold": "7834000000", "operatingIncome": "938400000", "sellingGeneralAndAdministrative": "118500000", "researchAndDevelopment": "None", "operatingExpenses": "8109200000", "investmentIncomeNet": "None", "netInterestIncome": "-71400000", "interestIncome": "19400000", "interestExpense": "90800000", "nonInterestIncome": "-26000000", "otherNonOperatingIncome": "-26200000", "depreciation": "136000000", "depreciationAndAmortization": "157100000", "incomeBeforeTax": "825700000", "incomeTaxExpense": "271300000", "interestAndDebtExpense": "90800000", "netIncomeFromContinuingOperations": "595000000", "comprehensiveIncomeNetOfTax": "691000000", "ebit": "916500000", "ebitda": "1073600000", "netIncome": "554400000"}, {"fiscalDateEnding": "2016-12-31", "reportedCurrency": "USD", "grossProfit": "5815900000", "totalRevenue": "9056200000", "costOfRevenue": "2030700000", "costofGoodsAndServicesSold": "7821000000", "operatingIncome": "936400000", "sellingGeneralAndAdministrative": "138600000", "researchAndDevelopment": "None", "operatingExpenses": "8119800000", "investmentIncomeNet": "None", "netInterestIncome": "-70500000", "interestIncome": "20100000", "interestExpense": "90600000", "nonInterestIncome": "-43500000", "otherNonOperatingIncome": "-40300000", "depreciation": "138300000", "depreciationAndAmortization": "160200000", "incomeBeforeTax": "801900000", "incomeTaxExpense": "196900000", "interestAndDebtExpense": "90600000", "netIncomeFromContinuingOperations": "632500000", "comprehensiveIncomeNetOfTax": "486200000", "ebit": "892500000", "ebitda": "1052700000", "netIncome": "605000000"}], "quarterlyReports": [{"fiscalDateEnding": "2021-09-30", "reportedCurrency": "USD", "grossProfit": "-1085900000", "totalRevenue": "2542000000", "costOfRevenue": "3627900000", "costofGoodsAndServicesSold": "2092400000", "operatingIncome": "351500000", "sellingGeneralAndAdministrative": "32200000", "researchAndDevelopment": "None", "operatingExpenses": "2190500000", "investmentIncomeNet": "None", "netInterestIncome": "-35500000", "interestIncome": "7400000", "interestExpense": "42900000", "nonInterestIncome": "2257300000", "otherNonOperatingIncome": "2300000", "depreciation": "47900000", "depreciationAndAmortization": "69400000", "incomeBeforeTax": "313800000", "incomeTaxExpense": "73900000", "interestAndDebtExpense": "42900000", "netIncomeFromContinuingOperations": "244600000", "comprehensiveIncomeNetOfTax": "197800000", "ebit": "356700000", "ebitda": "426100000", "netIncome": "239900000"}, {"fiscalDateEnding": "2021-06-30", "reportedCurrency": "USD", "grossProfit": "-1029500000", "totalRevenue": "2509600000", "costOfRevenue": "3539100000", "costofGoodsAndServicesSold": "2025900000", "operatingIncome": "384400000", "sellingGeneralAndAdministrative": "29400000", "researchAndDevelopment": "None", "operatingExpenses": "2125200000", "investmentIncomeNet": "None", "netInterestIncome": "-35000000", "interestIncome": "7600000", "interestExpense": "42600000", "nonInterestIncome": "2267900000", "otherNonOperatingIncome": "4700000", "depreciation": "48500000", "depreciationAndAmortization": "70100000", "incomeBeforeTax": "350000000", "incomeTaxExpense": "86700000", "interestAndDebtExpense": "42600000", "netIncomeFromContinuingOperations": "267800000", "comprehensiveIncomeNetOfTax": "273300000", "ebit": "392600000", "ebitda": "462700000", "netIncome": "263300000"}, {"fiscalDateEnding": "2021-03-31", "reportedCurrency": "USD", "grossProfit": "-1080500000", "totalRevenue": "2257000000", "costOfRevenue": "3337500000", "costofGoodsAndServicesSold": "1915300000", "operatingIncome": "243000000", "sellingGeneralAndAdministrative": "28200000", "researchAndDevelopment": "None", "operatingExpenses": "2014000000", "investmentIncomeNet": "None", "netInterestIncome": "-42700000", "interestIncome": "6900000", "interestExpense": "49600000", "nonInterestIncome": "1941200000", "otherNonOperatingIncome": "-83900000", "depreciation": "47600000", "depreciationAndAmortization": "69200000", "incomeBeforeTax": "115500000", "incomeTaxExpense": "23800000", "interestAndDebtExpense": "123600000", "netIncomeFromContinuingOperations": "92400000", "comprehensiveIncomeNetOfTax": "75600000", "ebit": "165100000", "ebitda": "234300000", "netIncome": "91700000"}, {"fiscalDateEnding": "2020-12-31", "reportedCurrency": "USD", "grossProfit": "-1049100000", "totalRevenue": "2550000000", "costOfRevenue": "3599100000", "costofGoodsAndServicesSold": "1976600000", "operatingIncome": "223400000", "sellingGeneralAndAdministrative": "22400000", "researchAndDevelopment": "None", "operatingExpenses": "2326600000", "investmentIncomeNet": "None", "netInterestIncome": "-40000000", "interestIncome": "6800000", "interestExpense": "46800000", "nonInterestIncome": "2299600000", "otherNonOperatingIncome": "-9800000", "depreciation": "52200000", "depreciationAndAmortization": "73700000", "incomeBeforeTax": "170400000", "incomeTaxExpense": "58100000", "interestAndDebtExpense": "46800000", "netIncomeFromContinuingOperations": "-1230700000", "comprehensiveIncomeNetOfTax": "199900000", "ebit": "217200000", "ebitda": "290900000", "netIncome": "112300000"}, {"fiscalDateEnding": "2020-09-30", "reportedCurrency": "USD", "grossProfit": "-976900000", "totalRevenue": "2125500000", "costOfRevenue": "3102400000", "costofGoodsAndServicesSold": "1748700000", "operatingIncome": "248600000", "sellingGeneralAndAdministrative": "9900000", "researchAndDevelopment": "None", "operatingExpenses": "1876900000", "investmentIncomeNet": "None", "netInterestIncome": "-44700000", "interestIncome": "6100000", "interestExpense": "50800000", "nonInterestIncome": "1946000000", "otherNonOperatingIncome": "-11300000", "depreciation": "49700000", "depreciationAndAmortization": "71000000", "incomeBeforeTax": "193400000", "incomeTaxExpense": "-86300000", "interestAndDebtExpense": "50800000", "netIncomeFromContinuingOperations": "278500000", "comprehensiveIncomeNetOfTax": "341000000", "ebit": "244200000", "ebitda": "315200000", "netIncome": "279700000"}, {"fiscalDateEnding": "2020-06-30", "reportedCurrency": "USD", "grossProfit": "-1258200000", "totalRevenue": "2025700000", "costOfRevenue": "3283900000", "costofGoodsAndServicesSold": "1795400000", "operatingIncome": "40500000", "sellingGeneralAndAdministrative": "4100000", "researchAndDevelopment": "None", "operatingExpenses": "1985200000", "investmentIncomeNet": "None", "netInterestIncome": "-43900000", "interestIncome": "5900000", "interestExpense": "49800000", "nonInterestIncome": "1833500000", "otherNonOperatingIncome": "-21500000", "depreciation": "51300000", "depreciationAndAmortization": "73100000", "incomeBeforeTax": "-26600000", "incomeTaxExpense": "19000000", "interestAndDebtExpense": "49800000", "netIncomeFromContinuingOperations": "-43900000", "comprehensiveIncomeNetOfTax": "4000000", "ebit": "23200000", "ebitda": "96300000", "netIncome": "-45600000"}, {"fiscalDateEnding": "2020-03-31", "reportedCurrency": "USD", "grossProfit": "-1346900000", "totalRevenue": "2359800000", "costOfRevenue": "3706700000", "costofGoodsAndServicesSold": "2188700000", "operatingIncome": "75900000", "sellingGeneralAndAdministrative": "22400000", "researchAndDevelopment": "None", "operatingExpenses": "2283900000", "investmentIncomeNet": "None", "netInterestIncome": "-34100000", "interestIncome": "10700000", "interestExpense": "44800000", "nonInterestIncome": "1948800000", "otherNonOperatingIncome": "-21800000", "depreciation": "51500000", "depreciationAndAmortization": "72800000", "incomeBeforeTax": "21900000", "incomeTaxExpense": "17200000", "interestAndDebtExpense": "44800000", "netIncomeFromContinuingOperations": "2600000", "comprehensiveIncomeNetOfTax": "-144000000", "ebit": "66700000", "ebitda": "139500000", "netIncome": "4700000"}, {"fiscalDateEnding": "2019-12-31", "reportedCurrency": "USD", "grossProfit": "-875400000", "totalRevenue": "2901800000", "costOfRevenue": "3777200000", "costofGoodsAndServicesSold": "2320600000", "operatingIncome": "491300000", "sellingGeneralAndAdministrative": "24500000", "researchAndDevelopment": "None", "operatingExpenses": "2410500000", "investmentIncomeNet": "None", "netInterestIncome": "-38700000", "interestIncome": "9500000", "interestExpense": "48200000", "nonInterestIncome": "2456900000", "otherNonOperatingIncome": "-24800000", "depreciation": "44000000", "depreciationAndAmortization": "65400000", "incomeBeforeTax": "415000000", "incomeTaxExpense": "86100000", "interestAndDebtExpense": "48200000", "netIncomeFromContinuingOperations": "-1090400000", "comprehensiveIncomeNetOfTax": "365100000", "ebit": "463200000", "ebitda": "528600000", "netIncome": "328900000"}, {"fiscalDateEnding": "2019-09-30", "reportedCurrency": "USD", "grossProfit": "-985100000", "totalRevenue": "2438100000", "costOfRevenue": "3423200000", "costofGoodsAndServicesSold": "2079000000", "operatingIncome": "280300000", "sellingGeneralAndAdministrative": "9800000", "researchAndDevelopment": "None", "operatingExpenses": "2157800000", "investmentIncomeNet": "None", "netInterestIncome": "-40200000", "interestIncome": "9500000", "interestExpense": "49700000", "nonInterestIncome": "2053700000", "otherNonOperatingIncome": "-7400000", "depreciation": "47300000", "depreciationAndAmortization": "69000000", "incomeBeforeTax": "230200000", "incomeTaxExpense": "64600000", "interestAndDebtExpense": "49700000", "netIncomeFromContinuingOperations": "168400000", "comprehensiveIncomeNetOfTax": "117300000", "ebit": "279900000", "ebitda": "348900000", "netIncome": "165600000"}, {"fiscalDateEnding": "2019-06-30", "reportedCurrency": "USD", "grossProfit": "-1044000000", "totalRevenue": "2520200000", "costOfRevenue": "3564200000", "costofGoodsAndServicesSold": "2162800000", "operatingIncome": "264200000", "sellingGeneralAndAdministrative": "18100000", "researchAndDevelopment": "None", "operatingExpenses": "2256000000", "investmentIncomeNet": "None", "netInterestIncome": "-43900000", "interestIncome": "7700000", "interestExpense": "51600000", "nonInterestIncome": "2122700000", "otherNonOperatingIncome": "-3800000", "depreciation": "51700000", "depreciationAndAmortization": "73000000", "incomeBeforeTax": "213100000", "incomeTaxExpense": "43600000", "interestAndDebtExpense": "51600000", "netIncomeFromContinuingOperations": "172800000", "comprehensiveIncomeNetOfTax": "181300000", "ebit": "264700000", "ebitda": "337700000", "netIncome": "169500000"}, {"fiscalDateEnding": "2019-03-31", "reportedCurrency": "USD", "grossProfit": "-1370900000", "totalRevenue": "2361200000", "costOfRevenue": "3732100000", "costofGoodsAndServicesSold": "2166700000", "operatingIncome": "50200000", "sellingGeneralAndAdministrative": "41400000", "researchAndDevelopment": "None", "operatingExpenses": "2311000000", "investmentIncomeNet": "None", "netInterestIncome": "-42000000", "interestIncome": "7800000", "interestExpense": "49800000", "nonInterestIncome": "4001000000", "otherNonOperatingIncome": "-6900000", "depreciation": "49500000", "depreciationAndAmortization": "71100000", "incomeBeforeTax": "2500000", "incomeTaxExpense": "10500000", "interestAndDebtExpense": "49800000", "netIncomeFromContinuingOperations": "-9500000", "comprehensiveIncomeNetOfTax": "3400000", "ebit": "52300000", "ebitda": "123400000", "netIncome": "-8000000"}, {"fiscalDateEnding": "2018-12-31", "reportedCurrency": "USD", "grossProfit": "-895700000", "totalRevenue": "2856000000", "costOfRevenue": "3751700000", "costofGoodsAndServicesSold": "2247000000", "operatingIncome": "459100000", "sellingGeneralAndAdministrative": "81000000", "researchAndDevelopment": "None", "operatingExpenses": "2396900000", "investmentIncomeNet": "None", "netInterestIncome": "-41600000", "interestIncome": "7800000", "interestExpense": "49400000", "nonInterestIncome": "2413700000", "otherNonOperatingIncome": "-13600000", "depreciation": "46900000", "depreciationAndAmortization": "68900000", "incomeBeforeTax": "388400000", "incomeTaxExpense": "62200000", "interestAndDebtExpense": "49400000", "netIncomeFromContinuingOperations": "-1082000000", "comprehensiveIncomeNetOfTax": "310400000", "ebit": "437800000", "ebitda": "506700000", "netIncome": "326200000"}, {"fiscalDateEnding": "2018-09-30", "reportedCurrency": "USD", "grossProfit": "-989700000", "totalRevenue": "2297500000", "costOfRevenue": "3287200000", "costofGoodsAndServicesSold": "1970200000", "operatingIncome": "261700000", "sellingGeneralAndAdministrative": "21600000", "researchAndDevelopment": "None", "operatingExpenses": "2035800000", "investmentIncomeNet": "None", "netInterestIncome": "-22300000", "interestIncome": "5300000", "interestExpense": "27600000", "nonInterestIncome": "3785600000", "otherNonOperatingIncome": "-15300000", "depreciation": "38900000", "depreciationAndAmortization": "44000000", "incomeBeforeTax": "221700000", "incomeTaxExpense": "60700000", "interestAndDebtExpense": "27600000", "netIncomeFromContinuingOperations": "163500000", "comprehensiveIncomeNetOfTax": "139100000", "ebit": "249300000", "ebitda": "293300000", "netIncome": "161000000"}, {"fiscalDateEnding": "2018-06-30", "reportedCurrency": "USD", "grossProfit": "-1043700000", "totalRevenue": "2391800000", "costOfRevenue": "3435500000", "costofGoodsAndServicesSold": "2069800000", "operatingIncome": "249200000", "sellingGeneralAndAdministrative": "28800000", "researchAndDevelopment": "None", "operatingExpenses": "2142600000", "investmentIncomeNet": "None", "netInterestIncome": "-21400000", "interestIncome": "4700000", "interestExpense": "26100000", "nonInterestIncome": "1928400000", "otherNonOperatingIncome": "-16300000", "depreciation": "38800000", "depreciationAndAmortization": "44000000", "incomeBeforeTax": "209400000", "incomeTaxExpense": "63600000", "interestAndDebtExpense": "26100000", "netIncomeFromContinuingOperations": "147800000", "comprehensiveIncomeNetOfTax": "33200000", "ebit": "235500000", "ebitda": "279500000", "netIncome": "145800000"}, {"fiscalDateEnding": "2018-03-31", "reportedCurrency": "USD", "grossProfit": "-356300000", "totalRevenue": "2169100000", "costOfRevenue": "2525400000", "costofGoodsAndServicesSold": "2049200000", "operatingIncome": "38800000", "sellingGeneralAndAdministrative": "35100000", "researchAndDevelopment": "None", "operatingExpenses": "2130300000", "investmentIncomeNet": "None", "netInterestIncome": "-15900000", "interestIncome": "4000000", "interestExpense": "19900000", "nonInterestIncome": "-24400000", "otherNonOperatingIncome": "-24400000", "depreciation": "40700000", "depreciationAndAmortization": "46000000", "incomeBeforeTax": "-1400000", "incomeTaxExpense": "12700000", "interestAndDebtExpense": "19900000", "netIncomeFromContinuingOperations": "-16100000", "comprehensiveIncomeNetOfTax": "22900000", "ebit": "18500000", "ebitda": "64500000", "netIncome": "-14100000"}, {"fiscalDateEnding": "2017-12-31", "reportedCurrency": "USD", "grossProfit": "1844100000", "totalRevenue": "2589800000", "costOfRevenue": "496900000", "costofGoodsAndServicesSold": "2084800000", "operatingIncome": "423000000", "sellingGeneralAndAdministrative": "49400000", "researchAndDevelopment": "None", "operatingExpenses": "2166800000", "investmentIncomeNet": "None", "netInterestIncome": "-17800000", "interestIncome": "5400000", "interestExpense": "23200000", "nonInterestIncome": "2131100000", "otherNonOperatingIncome": "-1700000", "depreciation": "None", "depreciationAndAmortization": "32600000", "incomeBeforeTax": "387400000", "incomeTaxExpense": "135100000", "interestAndDebtExpense": "23200000", "netIncomeFromContinuingOperations": "332700000", "comprehensiveIncomeNetOfTax": "256900000", "ebit": "410600000", "ebitda": "443200000", "netIncome": "252300000"}, {"fiscalDateEnding": "2017-09-30", "reportedCurrency": "USD", "grossProfit": "1404500000", "totalRevenue": "2208200000", "costOfRevenue": "498100000", "costofGoodsAndServicesSold": "1897400000", "operatingIncome": "255000000", "sellingGeneralAndAdministrative": "13600000", "researchAndDevelopment": "None", "operatingExpenses": "1953200000", "investmentIncomeNet": "None", "netInterestIncome": "-16900000", "interestIncome": "4100000", "interestExpense": "21000000", "nonInterestIncome": "3656300000", "otherNonOperatingIncome": "-9900000", "depreciation": "None", "depreciationAndAmortization": "42200000", "incomeBeforeTax": "224600000", "incomeTaxExpense": "54900000", "interestAndDebtExpense": "21000000", "netIncomeFromContinuingOperations": "148800000", "comprehensiveIncomeNetOfTax": "212300000", "ebit": "245600000", "ebitda": "287800000", "netIncome": "169700000"}, {"fiscalDateEnding": "2017-06-30", "reportedCurrency": "USD", "grossProfit": "1404500000", "totalRevenue": "2185800000", "costOfRevenue": "480400000", "costofGoodsAndServicesSold": "1898500000", "operatingIncome": "225700000", "sellingGeneralAndAdministrative": "20300000", "researchAndDevelopment": "None", "operatingExpenses": "1960100000", "investmentIncomeNet": "None", "netInterestIncome": "-21000000", "interestIncome": "4700000", "interestExpense": "25700000", "nonInterestIncome": "1821500000", "otherNonOperatingIncome": "-15400000", "depreciation": "None", "depreciationAndAmortization": "41300000", "incomeBeforeTax": "189300000", "incomeTaxExpense": "81600000", "interestAndDebtExpense": "25700000", "netIncomeFromContinuingOperations": "94600000", "comprehensiveIncomeNetOfTax": "143300000", "ebit": "215000000", "ebitda": "256300000", "netIncome": "107700000"}, {"fiscalDateEnding": "2017-03-31", "reportedCurrency": "USD", "grossProfit": "1264100000", "totalRevenue": "2063800000", "costOfRevenue": "489800000", "costofGoodsAndServicesSold": "1952900000", "operatingIncome": "34700000", "sellingGeneralAndAdministrative": "35200000", "researchAndDevelopment": "None", "operatingExpenses": "2029100000", "investmentIncomeNet": "None", "netInterestIncome": "-15700000", "interestIncome": "5200000", "interestExpense": "20900000", "nonInterestIncome": "900000", "otherNonOperatingIncome": "800000", "depreciation": "None", "depreciationAndAmortization": "41000000", "incomeBeforeTax": "24400000", "incomeTaxExpense": "-300000", "interestAndDebtExpense": "20900000", "netIncomeFromContinuingOperations": "18100000", "comprehensiveIncomeNetOfTax": "78500000", "ebit": "45300000", "ebitda": "86300000", "netIncome": "24700000"}, {"fiscalDateEnding": "2016-12-31", "reportedCurrency": "USD", "grossProfit": "1794500000", "totalRevenue": "2264500000", "costOfRevenue": "470000000", "costofGoodsAndServicesSold": "1309400000", "operatingIncome": "485700000", "sellingGeneralAndAdministrative": "-1261900000", "researchAndDevelopment": "None", "operatingExpenses": "6572100000", "investmentIncomeNet": "None", "netInterestIncome": "-17800000", "interestIncome": "4000000", "interestExpense": "21800000", "nonInterestIncome": "-27400000", "otherNonOperatingIncome": "-26800000", "depreciation": "None", "depreciationAndAmortization": "42700000", "incomeBeforeTax": "420200000", "incomeTaxExpense": "106100000", "interestAndDebtExpense": "21800000", "netIncomeFromContinuingOperations": "-547200000", "comprehensiveIncomeNetOfTax": "212500000", "ebit": "442000000", "ebitda": "484700000", "netIncome": "314100000"}]}