{"symbol": "IPGP", "annualReports": [{"fiscalDateEnding": "2020-12-31", "reportedCurrency": "USD", "grossProfit": "538996000", "totalRevenue": "1200724000", "costOfRevenue": "661728000", "costofGoodsAndServicesSold": "45375000", "operatingIncome": "198659000", "sellingGeneralAndAdministrative": "180588000", "researchAndDevelopment": "126898000", "operatingExpenses": "340337000", "investmentIncomeNet": "None", "netInterestIncome": "6270000", "interestIncome": "6270000", "interestExpense": "-6270000", "nonInterestIncome": "1213639000", "otherNonOperatingIncome": "763000", "depreciation": "78414000", "depreciationAndAmortization": "11974000", "incomeBeforeTax": "204926000", "incomeTaxExpense": "45354000", "interestAndDebtExpense": "None", "netIncomeFromContinuingOperations": "160338000", "comprehensiveIncomeNetOfTax": "160426000", "ebit": "198659000", "ebitda": "210633000", "netIncome": "159572000"}, {"fiscalDateEnding": "2019-12-31", "reportedCurrency": "USD", "grossProfit": "606209000", "totalRevenue": "1314581000", "costOfRevenue": "708372000", "costofGoodsAndServicesSold": "38902000", "operatingIncome": "233793000", "sellingGeneralAndAdministrative": "185342000", "researchAndDevelopment": "129997000", "operatingExpenses": "372416000", "investmentIncomeNet": "None", "netInterestIncome": "14238000", "interestIncome": "14238000", "interestExpense": "-14238000", "nonInterestIncome": "1301754000", "otherNonOperatingIncome": "345000", "depreciation": "78959000", "depreciationAndAmortization": "12945000", "incomeBeforeTax": "248349000", "incomeTaxExpense": "68115000", "interestAndDebtExpense": "None", "netIncomeFromContinuingOperations": "180261000", "comprehensiveIncomeNetOfTax": "196211000", "ebit": "233793000", "ebitda": "246738000", "netIncome": "180234000"}, {"fiscalDateEnding": "2018-12-31", "reportedCurrency": "USD", "grossProfit": "800268000", "totalRevenue": "1459874000", "costOfRevenue": "659606000", "costofGoodsAndServicesSold": "12981000", "operatingIncome": "523405000", "sellingGeneralAndAdministrative": "160244000", "researchAndDevelopment": "122769000", "operatingExpenses": "276863000", "investmentIncomeNet": "None", "netInterestIncome": "9057000", "interestIncome": "9057000", "interestExpense": "-9057000", "nonInterestIncome": "1466005000", "otherNonOperatingIncome": "1933000", "depreciation": "68231000", "depreciationAndAmortization": "8170000", "incomeBeforeTax": "534253000", "incomeTaxExpense": "130226000", "interestAndDebtExpense": "None", "netIncomeFromContinuingOperations": "404169000", "comprehensiveIncomeNetOfTax": "318475000", "ebit": "523405000", "ebitda": "531575000", "netIncome": "404027000"}, {"fiscalDateEnding": "2017-12-31", "reportedCurrency": "USD", "grossProfit": "796911000", "totalRevenue": "1408889000", "costOfRevenue": "611978000", "costofGoodsAndServicesSold": "16946000", "operatingIncome": "551112000", "sellingGeneralAndAdministrative": "130469000", "researchAndDevelopment": "100870000", "operatingExpenses": "245799000", "investmentIncomeNet": "None", "netInterestIncome": "737000", "interestIncome": "737000", "interestExpense": "-737000", "nonInterestIncome": "-14460000", "otherNonOperatingIncome": "22000", "depreciation": "54900000", "depreciationAndAmortization": "5899000", "incomeBeforeTax": "551897000", "incomeTaxExpense": "204283000", "interestAndDebtExpense": "None", "netIncomeFromContinuingOperations": "347588000", "comprehensiveIncomeNetOfTax": "448796000", "ebit": "551112000", "ebitda": "557011000", "netIncome": "347614000"}, {"fiscalDateEnding": "2016-12-31", "reportedCurrency": "USD", "grossProfit": "552240000", "totalRevenue": "1006173000", "costOfRevenue": "453933000", "costofGoodsAndServicesSold": "22796000", "operatingIncome": "364313000", "sellingGeneralAndAdministrative": "104879000", "researchAndDevelopment": "78552000", "operatingExpenses": "187927000", "investmentIncomeNet": "None", "netInterestIncome": "1304000", "interestIncome": "1304000", "interestExpense": "-1304000", "nonInterestIncome": "-4496000", "otherNonOperatingIncome": "948000", "depreciation": "44757000", "depreciationAndAmortization": "3759000", "incomeBeforeTax": "366601000", "incomeTaxExpense": "105849000", "interestAndDebtExpense": "None", "netIncomeFromContinuingOperations": "260716000", "comprehensiveIncomeNetOfTax": "263651000", "ebit": "364313000", "ebitda": "368072000", "netIncome": "260752000"}], "quarterlyReports": [{"fiscalDateEnding": "2021-09-30", "reportedCurrency": "USD", "grossProfit": "185874000", "totalRevenue": "379150000", "costOfRevenue": "193276000", "costofGoodsAndServicesSold": "7882000", "operatingIncome": "101986000", "sellingGeneralAndAdministrative": "53245000", "researchAndDevelopment": "34277000", "operatingExpenses": "83888000", "investmentIncomeNet": "None", "netInterestIncome": "-288000", "interestIncome": "None", "interestExpense": "-288000", "nonInterestIncome": "382784000", "otherNonOperatingIncome": "-211000", "depreciation": "None", "depreciationAndAmortization": "3051000", "incomeBeforeTax": "102190000", "incomeTaxExpense": "26788000", "interestAndDebtExpense": "None", "netIncomeFromContinuingOperations": "74699000", "comprehensiveIncomeNetOfTax": "60056000", "ebit": "101986000", "ebitda": "105037000", "netIncome": "75402000"}, {"fiscalDateEnding": "2021-06-30", "reportedCurrency": "USD", "grossProfit": "180528000", "totalRevenue": "371658000", "costOfRevenue": "191130000", "costofGoodsAndServicesSold": "7620000", "operatingIncome": "92252000", "sellingGeneralAndAdministrative": "50259000", "researchAndDevelopment": "35191000", "operatingExpenses": "88276000", "investmentIncomeNet": "None", "netInterestIncome": "-407000", "interestIncome": "None", "interestExpense": "407000", "nonInterestIncome": "368832000", "otherNonOperatingIncome": "28000", "depreciation": "None", "depreciationAndAmortization": "3079000", "incomeBeforeTax": "91996000", "incomeTaxExpense": "22196000", "interestAndDebtExpense": "None", "netIncomeFromContinuingOperations": "69677000", "comprehensiveIncomeNetOfTax": "88650000", "ebit": "92252000", "ebitda": "95331000", "netIncome": "69800000"}, {"fiscalDateEnding": "2021-03-31", "reportedCurrency": "USD", "grossProfit": "163991000", "totalRevenue": "345585000", "costOfRevenue": "181594000", "costofGoodsAndServicesSold": "8027000", "operatingIncome": "88842000", "sellingGeneralAndAdministrative": "48975000", "researchAndDevelopment": "33339000", "operatingExpenses": "75149000", "investmentIncomeNet": "None", "netInterestIncome": "-495000", "interestIncome": "None", "interestExpense": "495000", "nonInterestIncome": "352750000", "otherNonOperatingIncome": "253000", "depreciation": "None", "depreciationAndAmortization": "3257000", "incomeBeforeTax": "88505000", "incomeTaxExpense": "20378000", "interestAndDebtExpense": "None", "netIncomeFromContinuingOperations": "68222000", "comprehensiveIncomeNetOfTax": "35935000", "ebit": "88842000", "ebitda": "92099000", "netIncome": "68127000"}, {"fiscalDateEnding": "2020-12-31", "reportedCurrency": "USD", "grossProfit": "146879000", "totalRevenue": "336630000", "costOfRevenue": "189751000", "costofGoodsAndServicesSold": "19420000", "operatingIncome": "65241000", "sellingGeneralAndAdministrative": "44686000", "researchAndDevelopment": "31766000", "operatingExpenses": "81638000", "investmentIncomeNet": "None", "netInterestIncome": "173000", "interestIncome": "173000", "interestExpense": "-173000", "nonInterestIncome": "336630000", "otherNonOperatingIncome": "182000", "depreciation": "None", "depreciationAndAmortization": "2945000", "incomeBeforeTax": "65259000", "incomeTaxExpense": "15920000", "interestAndDebtExpense": "None", "netIncomeFromContinuingOperations": "146879000", "comprehensiveIncomeNetOfTax": "97101000", "ebit": "65241000", "ebitda": "68186000", "netIncome": "49339000"}, {"fiscalDateEnding": "2020-09-30", "reportedCurrency": "USD", "grossProfit": "152792000", "totalRevenue": "318441000", "costOfRevenue": "165649000", "costofGoodsAndServicesSold": "11514000", "operatingIncome": "41413000", "sellingGeneralAndAdministrative": "46370000", "researchAndDevelopment": "31710000", "operatingExpenses": "111379000", "investmentIncomeNet": "None", "netInterestIncome": "1168000", "interestIncome": "1168000", "interestExpense": "-1168000", "nonInterestIncome": "329743000", "otherNonOperatingIncome": "-59000", "depreciation": "None", "depreciationAndAmortization": "2947000", "incomeBeforeTax": "42596000", "incomeTaxExpense": "6992000", "interestAndDebtExpense": "None", "netIncomeFromContinuingOperations": "35530000", "comprehensiveIncomeNetOfTax": "26278000", "ebit": "41413000", "ebitda": "44360000", "netIncome": "35604000"}, {"fiscalDateEnding": "2020-06-30", "reportedCurrency": "USD", "grossProfit": "136449000", "totalRevenue": "296411000", "costOfRevenue": "159962000", "costofGoodsAndServicesSold": "5990000", "operatingIncome": "47209000", "sellingGeneralAndAdministrative": "43725000", "researchAndDevelopment": "31584000", "operatingExpenses": "89240000", "investmentIncomeNet": "None", "netInterestIncome": "1856000", "interestIncome": "1856000", "interestExpense": "-1856000", "nonInterestIncome": "283645000", "otherNonOperatingIncome": "449000", "depreciation": "None", "depreciationAndAmortization": "2949000", "incomeBeforeTax": "49374000", "incomeTaxExpense": "11148000", "interestAndDebtExpense": "None", "netIncomeFromContinuingOperations": "38366000", "comprehensiveIncomeNetOfTax": "73806000", "ebit": "47209000", "ebitda": "50158000", "netIncome": "38226000"}, {"fiscalDateEnding": "2020-03-31", "reportedCurrency": "USD", "grossProfit": "102876000", "totalRevenue": "249242000", "costOfRevenue": "146366000", "costofGoodsAndServicesSold": "8451000", "operatingIncome": "44796000", "sellingGeneralAndAdministrative": "45807000", "researchAndDevelopment": "31838000", "operatingExpenses": "58080000", "investmentIncomeNet": "None", "netInterestIncome": "3073000", "interestIncome": "3073000", "interestExpense": "-3073000", "nonInterestIncome": "268807000", "otherNonOperatingIncome": "191000", "depreciation": "None", "depreciationAndAmortization": "3133000", "incomeBeforeTax": "47697000", "incomeTaxExpense": "11294000", "interestAndDebtExpense": "None", "netIncomeFromContinuingOperations": "36766000", "comprehensiveIncomeNetOfTax": "-36759000", "ebit": "44796000", "ebitda": "47929000", "netIncome": "36403000"}, {"fiscalDateEnding": "2019-12-31", "reportedCurrency": "USD", "grossProfit": "124203000", "totalRevenue": "306627000", "costOfRevenue": "182424000", "costofGoodsAndServicesSold": "18950000", "operatingIncome": "243000", "sellingGeneralAndAdministrative": "43909000", "researchAndDevelopment": "30469000", "operatingExpenses": "123960000", "investmentIncomeNet": "None", "netInterestIncome": "2501000", "interestIncome": "2501000", "interestExpense": "-2501000", "nonInterestIncome": "306627000", "otherNonOperatingIncome": "216000", "depreciation": "None", "depreciationAndAmortization": "2364000", "incomeBeforeTax": "2813000", "incomeTaxExpense": "7263000", "interestAndDebtExpense": "None", "netIncomeFromContinuingOperations": "124203000", "comprehensiveIncomeNetOfTax": "22924000", "ebit": "243000", "ebitda": "2607000", "netIncome": "-4450000"}, {"fiscalDateEnding": "2019-09-30", "reportedCurrency": "USD", "grossProfit": "152858000", "totalRevenue": "329138000", "costOfRevenue": "176280000", "costofGoodsAndServicesSold": "7303000", "operatingIncome": "74145000", "sellingGeneralAndAdministrative": "45745000", "researchAndDevelopment": "32160000", "operatingExpenses": "78713000", "investmentIncomeNet": "None", "netInterestIncome": "3734000", "interestIncome": "3734000", "interestExpense": "-3734000", "nonInterestIncome": "328330000", "otherNonOperatingIncome": "-520000", "depreciation": "None", "depreciationAndAmortization": "3617000", "incomeBeforeTax": "77485000", "incomeTaxExpense": "20232000", "interestAndDebtExpense": "None", "netIncomeFromContinuingOperations": "57127000", "comprehensiveIncomeNetOfTax": "26924000", "ebit": "74145000", "ebitda": "77762000", "netIncome": "57253000"}, {"fiscalDateEnding": "2019-06-30", "reportedCurrency": "USD", "grossProfit": "180237000", "totalRevenue": "363769000", "costOfRevenue": "183532000", "costofGoodsAndServicesSold": "7886000", "operatingIncome": "91090000", "sellingGeneralAndAdministrative": "49201000", "researchAndDevelopment": "34872000", "operatingExpenses": "89147000", "investmentIncomeNet": "None", "netInterestIncome": "4051000", "interestIncome": "4051000", "interestExpense": "-4051000", "nonInterestIncome": "358695000", "otherNonOperatingIncome": "658000", "depreciation": "None", "depreciationAndAmortization": "3648000", "incomeBeforeTax": "95550000", "incomeTaxExpense": "23278000", "interestAndDebtExpense": "None", "netIncomeFromContinuingOperations": "72521000", "comprehensiveIncomeNetOfTax": "86062000", "ebit": "91090000", "ebitda": "94738000", "netIncome": "72272000"}, {"fiscalDateEnding": "2019-03-31", "reportedCurrency": "USD", "grossProfit": "148911000", "totalRevenue": "315047000", "costOfRevenue": "166136000", "costofGoodsAndServicesSold": "4764000", "operatingIncome": "68315000", "sellingGeneralAndAdministrative": "46487000", "researchAndDevelopment": "32496000", "operatingExpenses": "80596000", "investmentIncomeNet": "None", "netInterestIncome": "3952000", "interestIncome": "3952000", "interestExpense": "-3952000", "nonInterestIncome": "313434000", "otherNonOperatingIncome": "-9000", "depreciation": "None", "depreciationAndAmortization": "3316000", "incomeBeforeTax": "72501000", "incomeTaxExpense": "17342000", "interestAndDebtExpense": "None", "netIncomeFromContinuingOperations": "54916000", "comprehensiveIncomeNetOfTax": "60301000", "ebit": "68315000", "ebitda": "71631000", "netIncome": "55159000"}, {"fiscalDateEnding": "2018-12-31", "reportedCurrency": "USD", "grossProfit": "166747000", "totalRevenue": "330050000", "costOfRevenue": "163303000", "costofGoodsAndServicesSold": "3051000", "operatingIncome": "96052000", "sellingGeneralAndAdministrative": "43856000", "researchAndDevelopment": "31501000", "operatingExpenses": "70696000", "investmentIncomeNet": "None", "netInterestIncome": "None", "interestIncome": "None", "interestExpense": "-4133000", "nonInterestIncome": "330051000", "otherNonOperatingIncome": "681000", "depreciation": "None", "depreciationAndAmortization": "2349000", "incomeBeforeTax": "100958000", "incomeTaxExpense": "25399000", "interestAndDebtExpense": "None", "netIncomeFromContinuingOperations": "166747000", "comprehensiveIncomeNetOfTax": "57033000", "ebit": "96052000", "ebitda": "98401000", "netIncome": "75559000"}, {"fiscalDateEnding": "2018-09-30", "reportedCurrency": "USD", "grossProfit": "195184000", "totalRevenue": "356346000", "costOfRevenue": "161162000", "costofGoodsAndServicesSold": "3076000", "operatingIncome": "123863000", "sellingGeneralAndAdministrative": "38724000", "researchAndDevelopment": "30909000", "operatingExpenses": "71321000", "investmentIncomeNet": "None", "netInterestIncome": "None", "interestIncome": "None", "interestExpense": "-3884000", "nonInterestIncome": "354658000", "otherNonOperatingIncome": "423000", "depreciation": "None", "depreciationAndAmortization": "1982000", "incomeBeforeTax": "127935000", "incomeTaxExpense": "27418000", "interestAndDebtExpense": "None", "netIncomeFromContinuingOperations": "100752000", "comprehensiveIncomeNetOfTax": "85504000", "ebit": "123863000", "ebitda": "125845000", "netIncome": "100517000"}, {"fiscalDateEnding": "2018-06-30", "reportedCurrency": "USD", "grossProfit": "234975000", "totalRevenue": "413613000", "costOfRevenue": "178638000", "costofGoodsAndServicesSold": "3497000", "operatingIncome": "162391000", "sellingGeneralAndAdministrative": "38653000", "researchAndDevelopment": "31813000", "operatingExpenses": "72584000", "investmentIncomeNet": "None", "netInterestIncome": "None", "interestIncome": "None", "interestExpense": "-729000", "nonInterestIncome": "411495000", "otherNonOperatingIncome": "386000", "depreciation": "None", "depreciationAndAmortization": "1908000", "incomeBeforeTax": "163506000", "incomeTaxExpense": "41889000", "interestAndDebtExpense": "None", "netIncomeFromContinuingOperations": "121617000", "comprehensiveIncomeNetOfTax": "42954000", "ebit": "162391000", "ebitda": "164299000", "netIncome": "121617000"}, {"fiscalDateEnding": "2018-03-31", "reportedCurrency": "USD", "grossProfit": "203362000", "totalRevenue": "359864000", "costOfRevenue": "156502000", "costofGoodsAndServicesSold": "3357000", "operatingIncome": "141100000", "sellingGeneralAndAdministrative": "39011000", "researchAndDevelopment": "28546000", "operatingExpenses": "62262000", "investmentIncomeNet": "None", "netInterestIncome": "None", "interestIncome": "None", "interestExpense": "-311000", "nonInterestIncome": "365159000", "otherNonOperatingIncome": "443000", "depreciation": "None", "depreciationAndAmortization": "1931000", "incomeBeforeTax": "141854000", "incomeTaxExpense": "35520000", "interestAndDebtExpense": "None", "netIncomeFromContinuingOperations": "106334000", "comprehensiveIncomeNetOfTax": "132984000", "ebit": "141100000", "ebitda": "143031000", "netIncome": "106334000"}, {"fiscalDateEnding": "2017-12-31", "reportedCurrency": "USD", "grossProfit": "208793000", "totalRevenue": "361055000", "costOfRevenue": "152262000", "costofGoodsAndServicesSold": "3507000", "operatingIncome": "148267000", "sellingGeneralAndAdministrative": "35030000", "researchAndDevelopment": "26589000", "operatingExpenses": "60526000", "investmentIncomeNet": "None", "netInterestIncome": "None", "interestIncome": "None", "interestExpense": "-86000", "nonInterestIncome": "361055000", "otherNonOperatingIncome": "69000", "depreciation": "None", "depreciationAndAmortization": "1941000", "incomeBeforeTax": "148422000", "incomeTaxExpense": "95466000", "interestAndDebtExpense": "None", "netIncomeFromContinuingOperations": "208793000", "comprehensiveIncomeNetOfTax": "64799000", "ebit": "148267000", "ebitda": "150208000", "netIncome": "52956000"}, {"fiscalDateEnding": "2017-09-30", "reportedCurrency": "USD", "grossProfit": "224555000", "totalRevenue": "392615000", "costOfRevenue": "168060000", "costofGoodsAndServicesSold": "4033000", "operatingIncome": "160222000", "sellingGeneralAndAdministrative": "34875000", "researchAndDevelopment": "25541000", "operatingExpenses": "64333000", "investmentIncomeNet": "None", "netInterestIncome": "None", "interestIncome": "None", "interestExpense": "125000", "nonInterestIncome": "-3917000", "otherNonOperatingIncome": "459000", "depreciation": "None", "depreciationAndAmortization": "1725000", "incomeBeforeTax": "160556000", "incomeTaxExpense": "44959000", "interestAndDebtExpense": "None", "netIncomeFromContinuingOperations": "115597000", "comprehensiveIncomeNetOfTax": "145463000", "ebit": "160222000", "ebitda": "161947000", "netIncome": "115597000"}, {"fiscalDateEnding": "2017-06-30", "reportedCurrency": "USD", "grossProfit": "206296000", "totalRevenue": "369373000", "costOfRevenue": "163077000", "costofGoodsAndServicesSold": "5435000", "operatingIncome": "141142000", "sellingGeneralAndAdministrative": "32011000", "researchAndDevelopment": "25960000", "operatingExpenses": "65154000", "investmentIncomeNet": "None", "netInterestIncome": "None", "interestIncome": "None", "interestExpense": "-468000", "nonInterestIncome": "-7183000", "otherNonOperatingIncome": "23000", "depreciation": "None", "depreciationAndAmortization": "1168000", "incomeBeforeTax": "141646000", "incomeTaxExpense": "37530000", "interestAndDebtExpense": "None", "netIncomeFromContinuingOperations": "104103000", "comprehensiveIncomeNetOfTax": "136632000", "ebit": "141142000", "ebitda": "142310000", "netIncome": "104116000"}, {"fiscalDateEnding": "2017-03-31", "reportedCurrency": "USD", "grossProfit": "157267000", "totalRevenue": "285846000", "costOfRevenue": "128579000", "costofGoodsAndServicesSold": "3971000", "operatingIncome": "101481000", "sellingGeneralAndAdministrative": "28553000", "researchAndDevelopment": "22780000", "operatingExpenses": "55786000", "investmentIncomeNet": "None", "netInterestIncome": "None", "interestIncome": "None", "interestExpense": "-308000", "nonInterestIncome": "-4453000", "otherNonOperatingIncome": "-529000", "depreciation": "None", "depreciationAndAmortization": "1065000", "incomeBeforeTax": "101273000", "incomeTaxExpense": "26328000", "interestAndDebtExpense": "None", "netIncomeFromContinuingOperations": "74932000", "comprehensiveIncomeNetOfTax": "101902000", "ebit": "101481000", "ebitda": "102546000", "netIncome": "74945000"}, {"fiscalDateEnding": "2016-12-31", "reportedCurrency": "USD", "grossProfit": "155336000", "totalRevenue": "280122000", "costOfRevenue": "124786000", "costofGoodsAndServicesSold": "6553000", "operatingIncome": "105200000", "sellingGeneralAndAdministrative": "29847000", "researchAndDevelopment": "22108000", "operatingExpenses": "50135000", "investmentIncomeNet": "None", "netInterestIncome": "None", "interestIncome": "None", "interestExpense": "-469000", "nonInterestIncome": "1820000", "otherNonOperatingIncome": "606000", "depreciation": "None", "depreciationAndAmortization": "1063000", "incomeBeforeTax": "106279000", "incomeTaxExpense": "31146000", "interestAndDebtExpense": "None", "netIncomeFromContinuingOperations": "155336000", "comprehensiveIncomeNetOfTax": "44995000", "ebit": "105200000", "ebitda": "106263000", "netIncome": "75133000"}]}