{"symbol": "IR", "annualReports": [{"fiscalDateEnding": "2020-12-31", "reportedCurrency": "USD", "grossProfit": "1613400000", "totalRevenue": "4910200000", "costOfRevenue": "3296800000", "costofGoodsAndServicesSold": "105100000", "operatingIncome": "85700000", "sellingGeneralAndAdministrative": "894800000", "researchAndDevelopment": "71000000", "operatingExpenses": "1716900000", "investmentIncomeNet": "None", "netInterestIncome": "-111100000", "interestIncome": "-111100000", "interestExpense": "111100000", "nonInterestIncome": "4887300000", "otherNonOperatingIncome": "8000000", "depreciation": "105100000", "depreciationAndAmortization": "397000000", "incomeBeforeTax": "-20300000", "incomeTaxExpense": "13000000", "interestAndDebtExpense": "113100000", "netIncomeFromContinuingOperations": "-32400000", "comprehensiveIncomeNetOfTax": "236900000", "ebit": "90800000", "ebitda": "487800000", "netIncome": "-33300000"}, {"fiscalDateEnding": "2019-12-31", "reportedCurrency": "USD", "grossProfit": "911700000", "totalRevenue": "2451900000", "costOfRevenue": "1540200000", "costofGoodsAndServicesSold": "44300000", "operatingIncome": "275300000", "sellingGeneralAndAdministrative": "436400000", "researchAndDevelopment": "25000000", "operatingExpenses": "693900000", "investmentIncomeNet": "None", "netInterestIncome": "-88900000", "interestIncome": "-88900000", "interestExpense": "88900000", "nonInterestIncome": "2442800000", "otherNonOperatingIncome": "4700000", "depreciation": "53800000", "depreciationAndAmortization": "135200000", "incomeBeforeTax": "190900000", "incomeTaxExpense": "31800000", "interestAndDebtExpense": "89100000", "netIncomeFromContinuingOperations": "159100000", "comprehensiveIncomeNetOfTax": "158300000", "ebit": "279800000", "ebitda": "415000000", "netIncome": "159100000"}, {"fiscalDateEnding": "2018-12-31", "reportedCurrency": "USD", "grossProfit": "1012500000", "totalRevenue": "2689800000", "costOfRevenue": "1677300000", "costofGoodsAndServicesSold": "44800000", "operatingIncome": "443000000", "sellingGeneralAndAdministrative": "434600000", "researchAndDevelopment": "24000000", "operatingExpenses": "616700000", "investmentIncomeNet": "None", "netInterestIncome": "-99600000", "interestIncome": "-99600000", "interestExpense": "99600000", "nonInterestIncome": "2691700000", "otherNonOperatingIncome": "7200000", "depreciation": "54600000", "depreciationAndAmortization": "135600000", "incomeBeforeTax": "349500000", "incomeTaxExpense": "80100000", "interestAndDebtExpense": "100700000", "netIncomeFromContinuingOperations": "269400000", "comprehensiveIncomeNetOfTax": "221900000", "ebit": "449100000", "ebitda": "584700000", "netIncome": "269400000"}, {"fiscalDateEnding": "2017-12-31", "reportedCurrency": "USD", "grossProfit": "897900000", "totalRevenue": "2375400000", "costOfRevenue": "1477500000", "costofGoodsAndServicesSold": "46600000", "operatingIncome": "109100000", "sellingGeneralAndAdministrative": "446200000", "researchAndDevelopment": "26000000", "operatingExpenses": "834000000", "investmentIncomeNet": "None", "netInterestIncome": "-140700000", "interestIncome": "-140700000", "interestExpense": "140700000", "nonInterestIncome": "-94600000", "otherNonOperatingIncome": "3400000", "depreciation": "54900000", "depreciationAndAmortization": "127200000", "incomeBeforeTax": "-112800000", "incomeTaxExpense": "-131200000", "interestAndDebtExpense": "225200000", "netIncomeFromContinuingOperations": "18500000", "comprehensiveIncomeNetOfTax": "161000000", "ebit": "27900000", "ebitda": "155100000", "netIncome": "18400000"}], "quarterlyReports": [{"fiscalDateEnding": "2021-09-30", "reportedCurrency": "USD", "grossProfit": "514300000", "totalRevenue": "1325000000", "costOfRevenue": "810700000", "costofGoodsAndServicesSold": "22200000", "operatingIncome": "163900000", "sellingGeneralAndAdministrative": "252600000", "researchAndDevelopment": "None", "operatingExpenses": "352100000", "investmentIncomeNet": "None", "netInterestIncome": "-22500000", "interestIncome": "-22500000", "interestExpense": "22500000", "nonInterestIncome": "1314900000", "otherNonOperatingIncome": "3500000", "depreciation": "22200000", "depreciationAndAmortization": "80300000", "incomeBeforeTax": "128700000", "incomeTaxExpense": "2700000", "interestAndDebtExpense": "31500000", "netIncomeFromContinuingOperations": "130200000", "comprehensiveIncomeNetOfTax": "80200000", "ebit": "151200000", "ebitda": "231500000", "netIncome": "126000000"}, {"fiscalDateEnding": "2021-06-30", "reportedCurrency": "USD", "grossProfit": "512700000", "totalRevenue": "1279100000", "costOfRevenue": "766400000", "costofGoodsAndServicesSold": "18000000", "operatingIncome": "140100000", "sellingGeneralAndAdministrative": "267200000", "researchAndDevelopment": "None", "operatingExpenses": "380700000", "investmentIncomeNet": "None", "netInterestIncome": "-22700000", "interestIncome": "-22700000", "interestExpense": "22700000", "nonInterestIncome": "1275700000", "otherNonOperatingIncome": "34100000", "depreciation": "18000000", "depreciationAndAmortization": "80300000", "incomeBeforeTax": "246400000", "incomeTaxExpense": "12500000", "interestAndDebtExpense": "22700000", "netIncomeFromContinuingOperations": "137600000", "comprehensiveIncomeNetOfTax": "284300000", "ebit": "269100000", "ebitda": "349400000", "netIncome": "233900000"}, {"fiscalDateEnding": "2021-03-31", "reportedCurrency": "USD", "grossProfit": "515400000", "totalRevenue": "1369800000", "costOfRevenue": "854400000", "costofGoodsAndServicesSold": "25300000", "operatingIncome": "149700000", "sellingGeneralAndAdministrative": "270700000", "researchAndDevelopment": "None", "operatingExpenses": "368500000", "investmentIncomeNet": "None", "netInterestIncome": "-23100000", "interestIncome": "-23100000", "interestExpense": "23100000", "nonInterestIncome": "1387900000", "otherNonOperatingIncome": "2500000", "depreciation": "25300000", "depreciationAndAmortization": "93700000", "incomeBeforeTax": "-72900000", "incomeTaxExpense": "17500000", "interestAndDebtExpense": "23100000", "netIncomeFromContinuingOperations": "111300000", "comprehensiveIncomeNetOfTax": "-189000000", "ebit": "-49800000", "ebitda": "43900000", "netIncome": "-90400000"}, {"fiscalDateEnding": "2020-12-31", "reportedCurrency": "USD", "grossProfit": "526900000", "totalRevenue": "1510700000", "costOfRevenue": "983800000", "costofGoodsAndServicesSold": "40200000", "operatingIncome": "130400000", "sellingGeneralAndAdministrative": "246100000", "researchAndDevelopment": "None", "operatingExpenses": "490600000", "investmentIncomeNet": "None", "netInterestIncome": "-24400000", "interestIncome": "-24400000", "interestExpense": "24400000", "nonInterestIncome": "1503800000", "otherNonOperatingIncome": "2900000", "depreciation": "29500000", "depreciationAndAmortization": "102300000", "incomeBeforeTax": "109400000", "incomeTaxExpense": "-42200000", "interestAndDebtExpense": "24400000", "netIncomeFromContinuingOperations": "151100000", "comprehensiveIncomeNetOfTax": "313200000", "ebit": "133800000", "ebitda": "236100000", "netIncome": "151600000"}, {"fiscalDateEnding": "2020-09-30", "reportedCurrency": "USD", "grossProfit": "430000000", "totalRevenue": "1335200000", "costOfRevenue": "682500000", "costofGoodsAndServicesSold": "23200000", "operatingIncome": "69000000", "sellingGeneralAndAdministrative": "218600000", "researchAndDevelopment": "None", "operatingExpenses": "419900000", "investmentIncomeNet": "None", "netInterestIncome": "-28800000", "interestIncome": "-28800000", "interestExpense": "28800000", "nonInterestIncome": "1329000000", "otherNonOperatingIncome": "2600000", "depreciation": "28600000", "depreciationAndAmortization": "114200000", "incomeBeforeTax": "47700000", "incomeTaxExpense": "12800000", "interestAndDebtExpense": "28800000", "netIncomeFromContinuingOperations": "29600000", "comprehensiveIncomeNetOfTax": "175300000", "ebit": "76500000", "ebitda": "190700000", "netIncome": "29500000"}, {"fiscalDateEnding": "2020-06-30", "reportedCurrency": "USD", "grossProfit": "308600000", "totalRevenue": "1264400000", "costOfRevenue": "716800000", "costofGoodsAndServicesSold": "26700000", "operatingIncome": "-45000000", "sellingGeneralAndAdministrative": "209100000", "researchAndDevelopment": "None", "operatingExpenses": "442800000", "investmentIncomeNet": "None", "netInterestIncome": "-30800000", "interestIncome": "-30800000", "interestExpense": "30800000", "nonInterestIncome": "1259200000", "otherNonOperatingIncome": "2300000", "depreciation": "29900000", "depreciationAndAmortization": "114600000", "incomeBeforeTax": "-81800000", "incomeTaxExpense": "78400000", "interestAndDebtExpense": "30800000", "netIncomeFromContinuingOperations": "-153000000", "comprehensiveIncomeNetOfTax": "-126700000", "ebit": "-51000000", "ebitda": "63600000", "netIncome": "-177600000"}, {"fiscalDateEnding": "2020-03-31", "reportedCurrency": "USD", "grossProfit": "217700000", "totalRevenue": "703500000", "costOfRevenue": "485800000", "costofGoodsAndServicesSold": "15000000", "operatingIncome": "-76100000", "sellingGeneralAndAdministrative": "147200000", "researchAndDevelopment": "None", "operatingExpenses": "355000000", "investmentIncomeNet": "None", "netInterestIncome": "-27100000", "interestIncome": "-27100000", "interestExpense": "27100000", "nonInterestIncome": "795300000", "otherNonOperatingIncome": "200000", "depreciation": "17100000", "depreciationAndAmortization": "57300000", "incomeBeforeTax": "-103800000", "incomeTaxExpense": "-67000000", "interestAndDebtExpense": "29100000", "netIncomeFromContinuingOperations": "-38000000", "comprehensiveIncomeNetOfTax": "-124900000", "ebit": "-76700000", "ebitda": "-19400000", "netIncome": "-36800000"}, {"fiscalDateEnding": "2019-12-31", "reportedCurrency": "USD", "grossProfit": "225300000", "totalRevenue": "605800000", "costOfRevenue": "380500000", "costofGoodsAndServicesSold": "11000000", "operatingIncome": "47600000", "sellingGeneralAndAdministrative": "113400000", "researchAndDevelopment": "None", "operatingExpenses": "216300000", "investmentIncomeNet": "None", "netInterestIncome": "-20900000", "interestIncome": "-20900000", "interestExpense": "20900000", "nonInterestIncome": "600000000", "otherNonOperatingIncome": "1600000", "depreciation": "13500000", "depreciationAndAmortization": "34500000", "incomeBeforeTax": "28300000", "incomeTaxExpense": "2600000", "interestAndDebtExpense": "20900000", "netIncomeFromContinuingOperations": "25700000", "comprehensiveIncomeNetOfTax": "72200000", "ebit": "49200000", "ebitda": "83700000", "netIncome": "25700000"}, {"fiscalDateEnding": "2019-09-30", "reportedCurrency": "USD", "grossProfit": "221500000", "totalRevenue": "596700000", "costOfRevenue": "375200000", "costofGoodsAndServicesSold": "10500000", "operatingIncome": "72900000", "sellingGeneralAndAdministrative": "95300000", "researchAndDevelopment": "None", "operatingExpenses": "157300000", "investmentIncomeNet": "None", "netInterestIncome": "-23200000", "interestIncome": "-23200000", "interestExpense": "23200000", "nonInterestIncome": "597300000", "otherNonOperatingIncome": "600000", "depreciation": "12700000", "depreciationAndAmortization": "30800000", "incomeBeforeTax": "50300000", "incomeTaxExpense": "9000000", "interestAndDebtExpense": "23200000", "netIncomeFromContinuingOperations": "41300000", "comprehensiveIncomeNetOfTax": "-2300000", "ebit": "73500000", "ebitda": "104300000", "netIncome": "41300000"}, {"fiscalDateEnding": "2019-06-30", "reportedCurrency": "USD", "grossProfit": "234400000", "totalRevenue": "629100000", "costOfRevenue": "394700000", "costofGoodsAndServicesSold": "11000000", "operatingIncome": "74600000", "sellingGeneralAndAdministrative": "110700000", "researchAndDevelopment": "None", "operatingExpenses": "160500000", "investmentIncomeNet": "None", "netInterestIncome": "-22400000", "interestIncome": "-22400000", "interestExpense": "22400000", "nonInterestIncome": "628300000", "otherNonOperatingIncome": "1200000", "depreciation": "13500000", "depreciationAndAmortization": "31200000", "incomeBeforeTax": "53200000", "incomeTaxExpense": "8300000", "interestAndDebtExpense": "22600000", "netIncomeFromContinuingOperations": "44900000", "comprehensiveIncomeNetOfTax": "39200000", "ebit": "75600000", "ebitda": "106800000", "netIncome": "44900000"}, {"fiscalDateEnding": "2019-03-31", "reportedCurrency": "USD", "grossProfit": "230500000", "totalRevenue": "620300000", "costOfRevenue": "389800000", "costofGoodsAndServicesSold": "11800000", "operatingIncome": "80200000", "sellingGeneralAndAdministrative": "117000000", "researchAndDevelopment": "None", "operatingExpenses": "154700000", "investmentIncomeNet": "None", "netInterestIncome": "-22400000", "interestIncome": "-22400000", "interestExpense": "22400000", "nonInterestIncome": "617200000", "otherNonOperatingIncome": "1300000", "depreciation": "14100000", "depreciationAndAmortization": "33700000", "incomeBeforeTax": "59100000", "incomeTaxExpense": "12000000", "interestAndDebtExpense": "22400000", "netIncomeFromContinuingOperations": "47100000", "comprehensiveIncomeNetOfTax": "49100000", "ebit": "81500000", "ebitda": "115200000", "netIncome": "47100000"}, {"fiscalDateEnding": "2018-12-31", "reportedCurrency": "USD", "grossProfit": "269000000", "totalRevenue": "712700000", "costOfRevenue": "443700000", "costofGoodsAndServicesSold": "10900000", "operatingIncome": "134100000", "sellingGeneralAndAdministrative": "104200000", "researchAndDevelopment": "None", "operatingExpenses": "170500000", "investmentIncomeNet": "None", "netInterestIncome": "-23100000", "interestIncome": "None", "interestExpense": "23100000", "nonInterestIncome": "715000000", "otherNonOperatingIncome": "500000", "depreciation": "13400000", "depreciationAndAmortization": "34900000", "incomeBeforeTax": "111400000", "incomeTaxExpense": "16900000", "interestAndDebtExpense": "23200000", "netIncomeFromContinuingOperations": "94500000", "comprehensiveIncomeNetOfTax": "73900000", "ebit": "134500000", "ebitda": "169400000", "netIncome": "94500000"}, {"fiscalDateEnding": "2018-09-30", "reportedCurrency": "USD", "grossProfit": "262400000", "totalRevenue": "689300000", "costOfRevenue": "426900000", "costofGoodsAndServicesSold": "11100000", "operatingIncome": "117700000", "sellingGeneralAndAdministrative": "107700000", "researchAndDevelopment": "None", "operatingExpenses": "150200000", "investmentIncomeNet": "None", "netInterestIncome": "-24400000", "interestIncome": "None", "interestExpense": "24400000", "nonInterestIncome": "689200000", "otherNonOperatingIncome": "2400000", "depreciation": "13400000", "depreciationAndAmortization": "31000000", "incomeBeforeTax": "94800000", "incomeTaxExpense": "22600000", "interestAndDebtExpense": "25300000", "netIncomeFromContinuingOperations": "72200000", "comprehensiveIncomeNetOfTax": "59200000", "ebit": "119200000", "ebitda": "150200000", "netIncome": "72200000"}, {"fiscalDateEnding": "2018-06-30", "reportedCurrency": "USD", "grossProfit": "249300000", "totalRevenue": "668200000", "costOfRevenue": "418900000", "costofGoodsAndServicesSold": "11400000", "operatingIncome": "101400000", "sellingGeneralAndAdministrative": "115800000", "researchAndDevelopment": "None", "operatingExpenses": "147900000", "investmentIncomeNet": "None", "netInterestIncome": "-26100000", "interestIncome": "None", "interestExpense": "26100000", "nonInterestIncome": "670400000", "otherNonOperatingIncome": "2400000", "depreciation": "13700000", "depreciationAndAmortization": "31500000", "incomeBeforeTax": "77500000", "incomeTaxExpense": "17200000", "interestAndDebtExpense": "26300000", "netIncomeFromContinuingOperations": "60300000", "comprehensiveIncomeNetOfTax": "200000", "ebit": "103600000", "ebitda": "135100000", "netIncome": "60300000"}, {"fiscalDateEnding": "2018-03-31", "reportedCurrency": "USD", "grossProfit": "231900000", "totalRevenue": "619600000", "costOfRevenue": "387700000", "costofGoodsAndServicesSold": "11400000", "operatingIncome": "89800000", "sellingGeneralAndAdministrative": "106900000", "researchAndDevelopment": "None", "operatingExpenses": "143600000", "investmentIncomeNet": "None", "netInterestIncome": "-26000000", "interestIncome": "None", "interestExpense": "26000000", "nonInterestIncome": "617000000", "otherNonOperatingIncome": "2000000", "depreciation": "14100000", "depreciationAndAmortization": "33600000", "incomeBeforeTax": "65800000", "incomeTaxExpense": "23400000", "interestAndDebtExpense": "26000000", "netIncomeFromContinuingOperations": "42400000", "comprehensiveIncomeNetOfTax": "88600000", "ebit": "91800000", "ebitda": "125400000", "netIncome": "42400000"}, {"fiscalDateEnding": "2017-12-31", "reportedCurrency": "USD", "grossProfit": "253500000", "totalRevenue": "665000000", "costOfRevenue": "411500000", "costofGoodsAndServicesSold": "13400000", "operatingIncome": "77900000", "sellingGeneralAndAdministrative": "107300000", "researchAndDevelopment": "210800000", "operatingExpenses": "206700000", "investmentIncomeNet": "None", "netInterestIncome": "-25300000", "interestIncome": "None", "interestExpense": "25300000", "nonInterestIncome": "-1800000", "otherNonOperatingIncome": "1000000", "depreciation": "15600000", "depreciationAndAmortization": "33500000", "incomeBeforeTax": "53600000", "incomeTaxExpense": "-90000000", "interestAndDebtExpense": "25300000", "netIncomeFromContinuingOperations": "143600000", "comprehensiveIncomeNetOfTax": "195500000", "ebit": "78900000", "ebitda": "112400000", "netIncome": "143600000"}, {"fiscalDateEnding": "2017-09-30", "reportedCurrency": "USD", "grossProfit": "253900000", "totalRevenue": "649600000", "costOfRevenue": "395700000", "costofGoodsAndServicesSold": "11900000", "operatingIncome": "96000000", "sellingGeneralAndAdministrative": "111000000", "researchAndDevelopment": "None", "operatingExpenses": "160200000", "investmentIncomeNet": "None", "netInterestIncome": "-30100000", "interestIncome": "None", "interestExpense": "30100000", "nonInterestIncome": "-35800000", "otherNonOperatingIncome": "600000", "depreciation": "13900000", "depreciationAndAmortization": "29500000", "incomeBeforeTax": "32400000", "incomeTaxExpense": "4400000", "interestAndDebtExpense": "64200000", "netIncomeFromContinuingOperations": "28000000", "comprehensiveIncomeNetOfTax": "58100000", "ebit": "62500000", "ebitda": "92000000", "netIncome": "28000000"}, {"fiscalDateEnding": "2017-06-30", "reportedCurrency": "USD", "grossProfit": "215900000", "totalRevenue": "579100000", "costOfRevenue": "363200000", "costofGoodsAndServicesSold": "363200000", "operatingIncome": "-101600000", "sellingGeneralAndAdministrative": "125600000", "researchAndDevelopment": "None", "operatingExpenses": "317300000", "investmentIncomeNet": "None", "netInterestIncome": "-39500000", "interestIncome": "None", "interestExpense": "39500000", "nonInterestIncome": "-54400000", "otherNonOperatingIncome": "1300000", "depreciation": "None", "depreciationAndAmortization": "30500000", "incomeBeforeTax": "-190200000", "incomeTaxExpense": "-43900000", "interestAndDebtExpense": "89900000", "netIncomeFromContinuingOperations": "-146300000", "comprehensiveIncomeNetOfTax": "-110700000", "ebit": "-150700000", "ebitda": "-120200000", "netIncome": "-146300000"}, {"fiscalDateEnding": "2017-03-31", "reportedCurrency": "USD", "grossProfit": "174600000", "totalRevenue": "481700000", "costOfRevenue": "307100000", "costofGoodsAndServicesSold": "307117000", "operatingIncome": "36800000", "sellingGeneralAndAdministrative": "102300000", "researchAndDevelopment": "None", "operatingExpenses": "135576000", "investmentIncomeNet": "None", "netInterestIncome": "None", "interestIncome": "None", "interestExpense": "45900000", "nonInterestIncome": "None", "otherNonOperatingIncome": "500000", "depreciation": "None", "depreciationAndAmortization": "39663000", "incomeBeforeTax": "-8700000", "incomeTaxExpense": "-1600000", "interestAndDebtExpense": "None", "netIncomeFromContinuingOperations": "127600000", "comprehensiveIncomeNetOfTax": "17900000", "ebit": "37200000", "ebitda": "76892000", "netIncome": "-7100000"}, {"fiscalDateEnding": "2016-12-31", "reportedCurrency": "USD", "grossProfit": "222200000", "totalRevenue": "577800000", "costOfRevenue": "355600000", "costofGoodsAndServicesSold": "355605000", "operatingIncome": "37700000", "sellingGeneralAndAdministrative": "104800000", "researchAndDevelopment": "207900000", "operatingExpenses": "159004000", "investmentIncomeNet": "None", "netInterestIncome": "None", "interestIncome": "None", "interestExpense": "41600000", "nonInterestIncome": "None", "otherNonOperatingIncome": "1000000", "depreciation": "None", "depreciationAndAmortization": "45825000", "incomeBeforeTax": "-8800000", "incomeTaxExpense": "1400000", "interestAndDebtExpense": "None", "netIncomeFromContinuingOperations": "204200000", "comprehensiveIncomeNetOfTax": "-81800000", "ebit": "32800000", "ebitda": "78683000", "netIncome": "-10200000"}]}