{"symbol": "IRM", "annualReports": [{"fiscalDateEnding": "2020-12-31", "reportedCurrency": "USD", "grossProfit": "967181000", "totalRevenue": "4147270000", "costOfRevenue": "3180089000", "costofGoodsAndServicesSold": "1757342000", "operatingIncome": "934785000", "sellingGeneralAndAdministrative": "949215000", "researchAndDevelopment": "None", "operatingExpenses": "1059210000", "investmentIncomeNet": "8312000", "netInterestIncome": "-418535000", "interestIncome": "-384272000", "interestExpense": "34263000", "nonInterestIncome": "1658586000", "otherNonOperatingIncome": "-143545000", "depreciation": "447562000", "depreciationAndAmortization": "256136000", "incomeBeforeTax": "372302000", "incomeTaxExpense": "29609000", "interestAndDebtExpense": "102563000", "netIncomeFromContinuingOperations": "343096000", "comprehensiveIncomeNetOfTax": "349381000", "ebit": "934785000", "ebitda": "662701000", "netIncome": "342693000"}, {"fiscalDateEnding": "2019-12-31", "reportedCurrency": "USD", "grossProfit": "1127872000", "totalRevenue": "4262584000", "costOfRevenue": "3134712000", "costofGoodsAndServicesSold": "1833315000", "operatingIncome": "781338000", "sellingGeneralAndAdministrative": "991664000", "researchAndDevelopment": "None", "operatingExpenses": "1233597000", "investmentIncomeNet": "6559000", "netInterestIncome": "-419298000", "interestIncome": "-382287000", "interestExpense": "37011000", "nonInterestIncome": "-24852000", "otherNonOperatingIncome": "-33898000", "depreciation": "456323000", "depreciationAndAmortization": "261136000", "incomeBeforeTax": "327308000", "incomeTaxExpense": "59931000", "interestAndDebtExpense": "37011000", "netIncomeFromContinuingOperations": "268211000", "comprehensiveIncomeNetOfTax": "270460000", "ebit": "781338000", "ebitda": "625455000", "netIncome": "267377000"}, {"fiscalDateEnding": "2018-12-31", "reportedCurrency": "USD", "grossProfit": "2606290000", "totalRevenue": "4225761000", "costOfRevenue": "1225749000", "costofGoodsAndServicesSold": "0", "operatingIncome": "808267000", "sellingGeneralAndAdministrative": "1006983000", "researchAndDevelopment": "None", "operatingExpenses": "1225749000", "investmentIncomeNet": "6553000", "netInterestIncome": "-409648000", "interestIncome": "-405916000", "interestExpense": "3732000", "nonInterestIncome": "4241328000", "otherNonOperatingIncome": "11692000", "depreciation": "452740000", "depreciationAndAmortization": "186774000", "incomeBeforeTax": "406104000", "incomeTaxExpense": "42753000", "interestAndDebtExpense": "3732000", "netIncomeFromContinuingOperations": "376976000", "comprehensiveIncomeNetOfTax": "192258000", "ebit": "808267000", "ebitda": "596610000", "netIncome": "363351000"}, {"fiscalDateEnding": "2017-12-31", "reportedCurrency": "USD", "grossProfit": "2264780000", "totalRevenue": "3370387000", "costOfRevenue": "1105607000", "costofGoodsAndServicesSold": "0", "operatingIncome": "634051000", "sellingGeneralAndAdministrative": "937180000", "researchAndDevelopment": "None", "operatingExpenses": "1105607000", "investmentIncomeNet": "7659000", "netInterestIncome": "-353645000", "interestIncome": "7659000", "interestExpense": "361234000", "nonInterestIncome": "-121616000", "otherNonOperatingIncome": "-79429000", "depreciation": "406283000", "depreciationAndAmortization": "116093000", "incomeBeforeTax": "206783000", "incomeTaxExpense": "22962000", "interestAndDebtExpense": "78368000", "netIncomeFromContinuingOperations": "191723000", "comprehensiveIncomeNetOfTax": "278697000", "ebit": "634051000", "ebitda": "750144000", "netIncome": "183821000"}, {"fiscalDateEnding": "2016-12-31", "reportedCurrency": "USD", "grossProfit": "1944182000", "totalRevenue": "3152845000", "costOfRevenue": "1208663000", "costofGoodsAndServicesSold": "0", "operatingIncome": "501606000", "sellingGeneralAndAdministrative": "988332000", "researchAndDevelopment": "None", "operatingExpenses": "1226913000", "investmentIncomeNet": "7558000", "netInterestIncome": "-310662000", "interestIncome": "7558000", "interestExpense": "318220000", "nonInterestIncome": "-47946000", "otherNonOperatingIncome": "-44300000", "depreciation": "365526000", "depreciationAndAmortization": "86800000", "incomeBeforeTax": "149768000", "incomeTaxExpense": "44944000", "interestAndDebtExpense": "9283000", "netIncomeFromContinuingOperations": "103880000", "comprehensiveIncomeNetOfTax": "67168000", "ebit": "501606000", "ebitda": "588406000", "netIncome": "104824000"}], "quarterlyReports": [{"fiscalDateEnding": "2021-09-30", "reportedCurrency": "USD", "grossProfit": "342451000", "totalRevenue": "1130148000", "costOfRevenue": "787697000", "costofGoodsAndServicesSold": "481663000", "operatingIncome": "181436000", "sellingGeneralAndAdministrative": "241596000", "researchAndDevelopment": "None", "operatingExpenses": "306034000", "investmentIncomeNet": "2160000", "netInterestIncome": "-103809000", "interestIncome": "-98754000", "interestExpense": "5055000", "nonInterestIncome": "434734000", "otherNonOperatingIncome": "18501000", "depreciation": "120330000", "depreciationAndAmortization": "14006000", "incomeBeforeTax": "95700000", "incomeTaxExpense": "28017000", "interestAndDebtExpense": "5055000", "netIncomeFromContinuingOperations": "68111000", "comprehensiveIncomeNetOfTax": "-8117000", "ebit": "181436000", "ebitda": "114761000", "netIncome": "67683000"}, {"fiscalDateEnding": "2021-06-30", "reportedCurrency": "USD", "grossProfit": "333547000", "totalRevenue": "1119756000", "costOfRevenue": "786209000", "costofGoodsAndServicesSold": "474579000", "operatingIncome": "305928000", "sellingGeneralAndAdministrative": "259779000", "researchAndDevelopment": "None", "operatingExpenses": "311630000", "investmentIncomeNet": "1127000", "netInterestIncome": "-105220000", "interestIncome": "-100310000", "interestExpense": "4910000", "nonInterestIncome": "396755000", "otherNonOperatingIncome": "186230000", "depreciation": "112490000", "depreciationAndAmortization": "12408000", "incomeBeforeTax": "385701000", "incomeTaxExpense": "110416000", "interestAndDebtExpense": "4910000", "netIncomeFromContinuingOperations": "276522000", "comprehensiveIncomeNetOfTax": "323543000", "ebit": "305928000", "ebitda": "403019000", "netIncome": "275285000"}, {"fiscalDateEnding": "2021-03-31", "reportedCurrency": "USD", "grossProfit": "318949000", "totalRevenue": "1082040000", "costOfRevenue": "763091000", "costofGoodsAndServicesSold": "451909000", "operatingIncome": "170406000", "sellingGeneralAndAdministrative": "258723000", "researchAndDevelopment": "None", "operatingExpenses": "321032000", "investmentIncomeNet": "2571000", "netInterestIncome": "-104422000", "interestIncome": "-99447000", "interestExpense": "4975000", "nonInterestIncome": "371670000", "otherNonOperatingIncome": "-4713000", "depreciation": "114449000", "depreciationAndAmortization": "12648000", "incomeBeforeTax": "60243000", "incomeTaxExpense": "14640000", "interestAndDebtExpense": "4975000", "netIncomeFromContinuingOperations": "46631000", "comprehensiveIncomeNetOfTax": "-5415000", "ebit": "170406000", "ebitda": "77866000", "netIncome": "45603000"}, {"fiscalDateEnding": "2020-12-31", "reportedCurrency": "USD", "grossProfit": "90668000", "totalRevenue": "1059653000", "costOfRevenue": "968985000", "costofGoodsAndServicesSold": "449223000", "operatingIncome": "425293000", "sellingGeneralAndAdministrative": "236440000", "researchAndDevelopment": "None", "operatingExpenses": "-342100000", "investmentIncomeNet": "1821000", "netInterestIncome": "-105127000", "interestIncome": "-85528000", "interestExpense": "19599000", "nonInterestIncome": "611573000", "otherNonOperatingIncome": "-77106000", "depreciation": "112782000", "depreciationAndAmortization": "217641000", "incomeBeforeTax": "338405000", "incomeTaxExpense": "-3695000", "interestAndDebtExpense": "19599000", "netIncomeFromContinuingOperations": "342100000", "comprehensiveIncomeNetOfTax": "374695000", "ebit": "425293000", "ebitda": "575645000", "netIncome": "342100000"}, {"fiscalDateEnding": "2020-09-30", "reportedCurrency": "USD", "grossProfit": "308703000", "totalRevenue": "1036647000", "costOfRevenue": "727944000", "costofGoodsAndServicesSold": "434505000", "operatingIncome": "240264000", "sellingGeneralAndAdministrative": "232095000", "researchAndDevelopment": "None", "operatingExpenses": "217639000", "investmentIncomeNet": "2476000", "netInterestIncome": "-104303000", "interestIncome": "-99412000", "interestExpense": "4891000", "nonInterestIncome": "335258000", "otherNonOperatingIncome": "-83465000", "depreciation": "108152000", "depreciationAndAmortization": "12973000", "incomeBeforeTax": "52328000", "incomeTaxExpense": "13934000", "interestAndDebtExpense": "56151000", "netIncomeFromContinuingOperations": "38562000", "comprehensiveIncomeNetOfTax": "82739000", "ebit": "240264000", "ebitda": "70192000", "netIncome": "38394000"}, {"fiscalDateEnding": "2020-06-30", "reportedCurrency": "USD", "grossProfit": "230812000", "totalRevenue": "982239000", "costOfRevenue": "751427000", "costofGoodsAndServicesSold": "406693000", "operatingIncome": "131726000", "sellingGeneralAndAdministrative": "241947000", "researchAndDevelopment": "None", "operatingExpenses": "344734000", "investmentIncomeNet": "2567000", "netInterestIncome": "-103456000", "interestIncome": "-98527000", "interestExpense": "4929000", "nonInterestIncome": "286772000", "otherNonOperatingIncome": "-25700000", "depreciation": "112928000", "depreciationAndAmortization": "63489000", "incomeBeforeTax": "2597000", "incomeTaxExpense": "9683000", "interestAndDebtExpense": "21969000", "netIncomeFromContinuingOperations": "-7113000", "comprehensiveIncomeNetOfTax": "58639000", "ebit": "131726000", "ebitda": "71015000", "netIncome": "-7086000"}, {"fiscalDateEnding": "2020-03-31", "reportedCurrency": "USD", "grossProfit": "237192000", "totalRevenue": "1068731000", "costOfRevenue": "831539000", "costofGoodsAndServicesSold": "466921000", "operatingIncome": "137502000", "sellingGeneralAndAdministrative": "238733000", "researchAndDevelopment": "None", "operatingExpenses": "370815000", "investmentIncomeNet": "1448000", "netInterestIncome": "-105649000", "interestIncome": "-100805000", "interestExpense": "4844000", "nonInterestIncome": "37399000", "otherNonOperatingIncome": "42726000", "depreciation": "113700000", "depreciationAndAmortization": "61839000", "incomeBeforeTax": "73662000", "incomeTaxExpense": "9687000", "interestAndDebtExpense": "4844000", "netIncomeFromContinuingOperations": "64892000", "comprehensiveIncomeNetOfTax": "-166692000", "ebit": "137502000", "ebitda": "140345000", "netIncome": "63975000"}, {"fiscalDateEnding": "2019-12-31", "reportedCurrency": "USD", "grossProfit": "1030990000", "totalRevenue": "1079590000", "costOfRevenue": "48600000", "costofGoodsAndServicesSold": "455352000", "operatingIncome": "206074000", "sellingGeneralAndAdministrative": "233646000", "researchAndDevelopment": "None", "operatingExpenses": "11100000", "investmentIncomeNet": "1755000", "netInterestIncome": "-104871000", "interestIncome": "-83832000", "interestExpense": "21039000", "nonInterestIncome": "37500000", "otherNonOperatingIncome": "-47295000", "depreciation": "119838000", "depreciationAndAmortization": "67296000", "incomeBeforeTax": "53908000", "incomeTaxExpense": "16804000", "interestAndDebtExpense": "21039000", "netIncomeFromContinuingOperations": "37104000", "comprehensiveIncomeNetOfTax": "121322000", "ebit": "206074000", "ebitda": "142243000", "netIncome": "37104000"}, {"fiscalDateEnding": "2019-09-30", "reportedCurrency": "USD", "grossProfit": "220904000", "totalRevenue": "1062224000", "costOfRevenue": "754561000", "costofGoodsAndServicesSold": "451317000", "operatingIncome": "223474000", "sellingGeneralAndAdministrative": "237151000", "researchAndDevelopment": "None", "operatingExpenses": "293444000", "investmentIncomeNet": "1558000", "netInterestIncome": "-106677000", "interestIncome": "-101772000", "interestExpense": "4905000", "nonInterestIncome": "1080475000", "otherNonOperatingIncome": "13415000", "depreciation": "108152000", "depreciationAndAmortization": "64088000", "incomeBeforeTax": "129603000", "incomeTaxExpense": "21928000", "interestAndDebtExpense": "4905000", "netIncomeFromContinuingOperations": "108284000", "comprehensiveIncomeNetOfTax": "23293000", "ebit": "223474000", "ebitda": "198596000", "netIncome": "107675000"}, {"fiscalDateEnding": "2019-06-30", "reportedCurrency": "USD", "grossProfit": "175178000", "totalRevenue": "1066907000", "costOfRevenue": "807417000", "costofGoodsAndServicesSold": "465102000", "operatingIncome": "193115000", "sellingGeneralAndAdministrative": "252156000", "researchAndDevelopment": "None", "operatingExpenses": "342315000", "investmentIncomeNet": "1461000", "netInterestIncome": "-105314000", "interestIncome": "-100389000", "interestExpense": "4925000", "nonInterestIncome": "1086238000", "otherNonOperatingIncome": "15192000", "depreciation": "113722000", "depreciationAndAmortization": "65551000", "incomeBeforeTax": "103087000", "incomeTaxExpense": "10646000", "interestAndDebtExpense": "4925000", "netIncomeFromContinuingOperations": "92347000", "comprehensiveIncomeNetOfTax": "81580000", "ebit": "193115000", "ebitda": "173563000", "netIncome": "92441000"}, {"fiscalDateEnding": "2019-03-31", "reportedCurrency": "USD", "grossProfit": "615299000", "totalRevenue": "1053863000", "costOfRevenue": "318431000", "costofGoodsAndServicesSold": "460646000", "operatingIncome": "158675000", "sellingGeneralAndAdministrative": "268711000", "researchAndDevelopment": "None", "operatingExpenses": "318431000", "investmentIncomeNet": "1785000", "netInterestIncome": "-102436000", "interestIncome": "-96294000", "interestExpense": "6142000", "nonInterestIncome": "1036166000", "otherNonOperatingIncome": "-15210000", "depreciation": "114611000", "depreciationAndAmortization": "47872000", "incomeBeforeTax": "40114000", "incomeTaxExpense": "10553000", "interestAndDebtExpense": "6142000", "netIncomeFromContinuingOperations": "30476000", "comprehensiveIncomeNetOfTax": "44265000", "ebit": "158675000", "ebitda": "94128000", "netIncome": "29561000"}, {"fiscalDateEnding": "2018-12-31", "reportedCurrency": "USD", "grossProfit": "1115989000", "totalRevenue": "1368888000", "costOfRevenue": "310551000", "costofGoodsAndServicesSold": "-1348203000", "operatingIncome": "254053000", "sellingGeneralAndAdministrative": "217659000", "researchAndDevelopment": "None", "operatingExpenses": "-54500000", "investmentIncomeNet": "1505000", "netInterestIncome": "-105812000", "interestIncome": "None", "interestExpense": "107220000", "nonInterestIncome": "1115989000", "otherNonOperatingIncome": "13112000", "depreciation": "114817000", "depreciationAndAmortization": "50102000", "incomeBeforeTax": "161627000", "incomeTaxExpense": "2796000", "interestAndDebtExpense": "3732000", "netIncomeFromContinuingOperations": "158831000", "comprehensiveIncomeNetOfTax": "120440000", "ebit": "254053000", "ebitda": "304155000", "netIncome": "158831000"}, {"fiscalDateEnding": "2018-09-30", "reportedCurrency": "USD", "grossProfit": "653209000", "totalRevenue": "956486000", "costOfRevenue": "303277000", "costofGoodsAndServicesSold": "448018000", "operatingIncome": "195635000", "sellingGeneralAndAdministrative": "259929000", "researchAndDevelopment": "None", "operatingExpenses": "303277000", "investmentIncomeNet": "1382000", "netInterestIncome": "-103938000", "interestIncome": "None", "interestExpense": "105223000", "nonInterestIncome": "1060327000", "otherNonOperatingIncome": "-325000", "depreciation": "112990000", "depreciationAndAmortization": "44807000", "incomeBeforeTax": "81171000", "incomeTaxExpense": "14023000", "interestAndDebtExpense": "0", "netIncomeFromContinuingOperations": "78628000", "comprehensiveIncomeNetOfTax": "45059000", "ebit": "195635000", "ebitda": "240442000", "netIncome": "67148000"}, {"fiscalDateEnding": "2018-06-30", "reportedCurrency": "USD", "grossProfit": "682295000", "totalRevenue": "977340000", "costOfRevenue": "295045000", "costofGoodsAndServicesSold": "451464000", "operatingIncome": "201460000", "sellingGeneralAndAdministrative": "252225000", "researchAndDevelopment": "None", "operatingExpenses": "295045000", "investmentIncomeNet": "2280000", "netInterestIncome": "-102196000", "interestIncome": "None", "interestExpense": "102107000", "nonInterestIncome": "1079447000", "otherNonOperatingIncome": "19056000", "depreciation": "111501000", "depreciationAndAmortization": "44719000", "incomeBeforeTax": "119458000", "incomeTaxExpense": "26057000", "interestAndDebtExpense": "None", "netIncomeFromContinuingOperations": "93903000", "comprehensiveIncomeNetOfTax": "-41607000", "ebit": "201460000", "ebitda": "246179000", "netIncome": "93401000"}, {"fiscalDateEnding": "2018-03-31", "reportedCurrency": "USD", "grossProfit": "606171000", "totalRevenue": "923047000", "costOfRevenue": "316876000", "costofGoodsAndServicesSold": "0", "operatingIncome": "157119000", "sellingGeneralAndAdministrative": "269730000", "researchAndDevelopment": "None", "operatingExpenses": "316876000", "investmentIncomeNet": "1386000", "netInterestIncome": "-97626000", "interestIncome": "None", "interestExpense": "97626000", "nonInterestIncome": "-21785000", "otherNonOperatingIncome": "-20151000", "depreciation": "113432000", "depreciationAndAmortization": "47146000", "incomeBeforeTax": "45852000", "incomeTaxExpense": "1168000", "interestAndDebtExpense": "None", "netIncomeFromContinuingOperations": "45614000", "comprehensiveIncomeNetOfTax": "74591000", "ebit": "157119000", "ebitda": "204265000", "netIncome": "44684000"}, {"fiscalDateEnding": "2017-12-31", "reportedCurrency": "USD", "grossProfit": "988224000", "totalRevenue": "991235000", "costOfRevenue": "3011000", "costofGoodsAndServicesSold": "0", "operatingIncome": "154405000", "sellingGeneralAndAdministrative": "217212000", "researchAndDevelopment": "None", "operatingExpenses": "3011000", "investmentIncomeNet": "1940000", "netInterestIncome": "-88635000", "interestIncome": "None", "interestExpense": "90505000", "nonInterestIncome": "991235000", "otherNonOperatingIncome": "-45680000", "depreciation": "103803000", "depreciationAndAmortization": "-41585000", "incomeBeforeTax": "14944000", "incomeTaxExpense": "-6535000", "interestAndDebtExpense": "30070000", "netIncomeFromContinuingOperations": "24349000", "comprehensiveIncomeNetOfTax": "20367000", "ebit": "154405000", "ebitda": "112820000", "netIncome": "21479000"}, {"fiscalDateEnding": "2017-09-30", "reportedCurrency": "USD", "grossProfit": "518272000", "totalRevenue": "816509000", "costOfRevenue": "298237000", "costofGoodsAndServicesSold": "0", "operatingIncome": "176756000", "sellingGeneralAndAdministrative": "242357000", "researchAndDevelopment": "None", "operatingExpenses": "298237000", "investmentIncomeNet": "2526000", "netInterestIncome": "-88989000", "interestIncome": "None", "interestExpense": "91515000", "nonInterestIncome": "-60163000", "otherNonOperatingIncome": "-59479000", "depreciation": "100573000", "depreciationAndAmortization": "55880000", "incomeBeforeTax": "26613000", "incomeTaxExpense": "2268000", "interestAndDebtExpense": "48298000", "netIncomeFromContinuingOperations": "25382000", "comprehensiveIncomeNetOfTax": "62592000", "ebit": "176756000", "ebitda": "232636000", "netIncome": "24345000"}, {"fiscalDateEnding": "2017-06-30", "reportedCurrency": "USD", "grossProfit": "550628000", "totalRevenue": "839641000", "costOfRevenue": "289013000", "costofGoodsAndServicesSold": "0", "operatingIncome": "170194000", "sellingGeneralAndAdministrative": "237445000", "researchAndDevelopment": "None", "operatingExpenses": "289013000", "investmentIncomeNet": "5797000", "netInterestIncome": "-89966000", "interestIncome": "None", "interestExpense": "95763000", "nonInterestIncome": "-20199000", "otherNonOperatingIncome": "19366000", "depreciation": "102315000", "depreciationAndAmortization": "51568000", "incomeBeforeTax": "96639000", "incomeTaxExpense": "18009000", "interestAndDebtExpense": "0", "netIncomeFromContinuingOperations": "83148000", "comprehensiveIncomeNetOfTax": "86279000", "ebit": "170194000", "ebitda": "221762000", "netIncome": "78630000"}, {"fiscalDateEnding": "2017-03-31", "reportedCurrency": "USD", "grossProfit": "566589000", "totalRevenue": "856985000", "costOfRevenue": "290396000", "costofGoodsAndServicesSold": "0", "operatingIncome": "147755000", "sellingGeneralAndAdministrative": "240166000", "researchAndDevelopment": "None", "operatingExpenses": "290396000", "investmentIncomeNet": "2293000", "netInterestIncome": "-86055000", "interestIncome": "None", "interestExpense": "88348000", "nonInterestIncome": "4164000", "otherNonOperatingIncome": "6364000", "depreciation": "99592000", "depreciationAndAmortization": "50230000", "incomeBeforeTax": "67345000", "incomeTaxExpense": "9220000", "interestAndDebtExpense": "0", "netIncomeFromContinuingOperations": "58844000", "comprehensiveIncomeNetOfTax": "109459000", "ebit": "147755000", "ebitda": "197985000", "netIncome": "58125000"}, {"fiscalDateEnding": "2016-12-31", "reportedCurrency": "USD", "grossProfit": "934193000", "totalRevenue": "934193000", "costOfRevenue": "342403000", "costofGoodsAndServicesSold": "0", "operatingIncome": "139460000", "sellingGeneralAndAdministrative": "250545000", "researchAndDevelopment": "None", "operatingExpenses": "345522000", "investmentIncomeNet": "2009000", "netInterestIncome": "-85434000", "interestIncome": "None", "interestExpense": "87443000", "nonInterestIncome": "-8196000", "otherNonOperatingIncome": "-7294000", "depreciation": "98246000", "depreciationAndAmortization": "-41673000", "incomeBeforeTax": "48312000", "incomeTaxExpense": "-1213000", "interestAndDebtExpense": "0", "netIncomeFromContinuingOperations": "49800000", "comprehensiveIncomeNetOfTax": "-25189000", "ebit": "139460000", "ebitda": "97787000", "netIncome": "49525000"}]}