{"symbol": "ISRG", "annualReports": [{"fiscalDateEnding": "2020-12-31", "reportedCurrency": "USD", "grossProfit": "2861200000", "totalRevenue": "4546000000", "costOfRevenue": "2763300000", "costofGoodsAndServicesSold": "1497200000", "operatingIncome": "1049800000", "sellingGeneralAndAdministrative": "1216300000", "researchAndDevelopment": "595100000", "operatingExpenses": "1811400000", "investmentIncomeNet": "None", "netInterestIncome": "157200000", "interestIncome": "157200000", "interestExpense": "None", "nonInterestIncome": "4369300000", "otherNonOperatingIncome": "157200000", "depreciation": "220600000", "depreciationAndAmortization": "49800000", "incomeBeforeTax": "1200800000", "incomeTaxExpense": "140200000", "interestAndDebtExpense": "None", "netIncomeFromContinuingOperations": "1066800000", "comprehensiveIncomeNetOfTax": "1073100000", "ebit": "1049800000", "ebitda": "1099600000", "netIncome": "1060600000"}, {"fiscalDateEnding": "2019-12-31", "reportedCurrency": "USD", "grossProfit": "3110200000", "totalRevenue": "4583900000", "costOfRevenue": "2589700000", "costofGoodsAndServicesSold": "1368300000", "operatingIncome": "1374500000", "sellingGeneralAndAdministrative": "1178400000", "researchAndDevelopment": "557300000", "operatingExpenses": "1735700000", "investmentIncomeNet": "None", "netInterestIncome": "127700000", "interestIncome": "127700000", "interestExpense": "None", "nonInterestIncome": "4477000000", "otherNonOperatingIncome": "127700000", "depreciation": "156700000", "depreciationAndAmortization": "43000000", "incomeBeforeTax": "1499700000", "incomeTaxExpense": "120400000", "interestAndDebtExpense": "None", "netIncomeFromContinuingOperations": "1381800000", "comprehensiveIncomeNetOfTax": "1405000000", "ebit": "1374500000", "ebitda": "1417500000", "netIncome": "1379300000"}, {"fiscalDateEnding": "2018-12-31", "reportedCurrency": "USD", "grossProfit": "2604100000", "totalRevenue": "3824400000", "costOfRevenue": "2120900000", "costofGoodsAndServicesSold": "1120100000", "operatingIncome": "1199400000", "sellingGeneralAndAdministrative": "986600000", "researchAndDevelopment": "418100000", "operatingExpenses": "1404700000", "investmentIncomeNet": "None", "netInterestIncome": "80100000", "interestIncome": "80100000", "interestExpense": "None", "nonInterestIncome": "3773000000", "otherNonOperatingIncome": "80100000", "depreciation": "105900000", "depreciationAndAmortization": "14200000", "incomeBeforeTax": "1282400000", "incomeTaxExpense": "154500000", "interestAndDebtExpense": "None", "netIncomeFromContinuingOperations": "1125000000", "comprehensiveIncomeNetOfTax": "1130100000", "ebit": "1199400000", "ebitda": "1213600000", "netIncome": "1127900000"}, {"fiscalDateEnding": "2017-12-31", "reportedCurrency": "USD", "grossProfit": "2202000000", "totalRevenue": "3136800000", "costOfRevenue": "934800000", "costofGoodsAndServicesSold": "936200000", "operatingIncome": "1062900000", "sellingGeneralAndAdministrative": "810500000", "researchAndDevelopment": "328600000", "operatingExpenses": "1139100000", "investmentIncomeNet": "None", "netInterestIncome": "41900000", "interestIncome": "41900000", "interestExpense": "None", "nonInterestIncome": "32700000", "otherNonOperatingIncome": "41900000", "depreciation": "82100000", "depreciationAndAmortization": "12900000", "incomeBeforeTax": "1104800000", "incomeTaxExpense": "433900000", "interestAndDebtExpense": "None", "netIncomeFromContinuingOperations": "660000000", "comprehensiveIncomeNetOfTax": "664300000", "ebit": "1062900000", "ebitda": "1075800000", "netIncome": "670900000"}, {"fiscalDateEnding": "2016-12-31", "reportedCurrency": "USD", "grossProfit": "1892900000", "totalRevenue": "2707200000", "costOfRevenue": "814300000", "costofGoodsAndServicesSold": "813600000", "operatingIncome": "949700000", "sellingGeneralAndAdministrative": "703600000", "researchAndDevelopment": "239600000", "operatingExpenses": "943200000", "investmentIncomeNet": "None", "netInterestIncome": "35600000", "interestIncome": "35600000", "interestExpense": "None", "nonInterestIncome": "11900000", "otherNonOperatingIncome": "35600000", "depreciation": "70700000", "depreciationAndAmortization": "18200000", "incomeBeforeTax": "985300000", "incomeTaxExpense": "247000000", "interestAndDebtExpense": "None", "netIncomeFromContinuingOperations": "735900000", "comprehensiveIncomeNetOfTax": "738900000", "ebit": "949700000", "ebitda": "967900000", "netIncome": "738300000"}], "quarterlyReports": [{"fiscalDateEnding": "2021-09-30", "reportedCurrency": "USD", "grossProfit": "971400000", "totalRevenue": "1469400000", "costOfRevenue": "801500000", "costofGoodsAndServicesSold": "431900000", "operatingIncome": "442600000", "sellingGeneralAndAdministrative": "363300000", "researchAndDevelopment": "165500000", "operatingExpenses": "528800000", "investmentIncomeNet": "None", "netInterestIncome": "18500000", "interestIncome": "None", "interestExpense": "None", "nonInterestIncome": "1396900000", "otherNonOperatingIncome": "18500000", "depreciation": "75700000", "depreciationAndAmortization": "6300000", "incomeBeforeTax": "454400000", "incomeTaxExpense": "73900000", "interestAndDebtExpense": "None", "netIncomeFromContinuingOperations": "387200000", "comprehensiveIncomeNetOfTax": "375500000", "ebit": "442600000", "ebitda": "448900000", "netIncome": "380500000"}, {"fiscalDateEnding": "2021-06-30", "reportedCurrency": "USD", "grossProfit": "1023700000", "totalRevenue": "1536300000", "costOfRevenue": "798000000", "costofGoodsAndServicesSold": "440300000", "operatingIncome": "511200000", "sellingGeneralAndAdministrative": "350200000", "researchAndDevelopment": "162300000", "operatingExpenses": "512500000", "investmentIncomeNet": "None", "netInterestIncome": "15000000", "interestIncome": "None", "interestExpense": "None", "nonInterestIncome": "1469000000", "otherNonOperatingIncome": "15000000", "depreciation": "68000000", "depreciationAndAmortization": "7500000", "incomeBeforeTax": "520400000", "incomeTaxExpense": "3200000", "interestAndDebtExpense": "None", "netIncomeFromContinuingOperations": "523000000", "comprehensiveIncomeNetOfTax": "516100000", "ebit": "511200000", "ebitda": "518700000", "netIncome": "517200000"}, {"fiscalDateEnding": "2021-03-31", "reportedCurrency": "USD", "grossProfit": "902600000", "totalRevenue": "1344000000", "costOfRevenue": "722400000", "costofGoodsAndServicesSold": "389500000", "operatingIncome": "416800000", "sellingGeneralAndAdministrative": "326000000", "researchAndDevelopment": "159800000", "operatingExpenses": "485800000", "investmentIncomeNet": "None", "netInterestIncome": "32000000", "interestIncome": "32000000", "interestExpense": "None", "nonInterestIncome": "1285000000", "otherNonOperatingIncome": "32000000", "depreciation": "64800000", "depreciationAndAmortization": "6900000", "incomeBeforeTax": "439900000", "incomeTaxExpense": "13600000", "interestAndDebtExpense": "None", "netIncomeFromContinuingOperations": "435200000", "comprehensiveIncomeNetOfTax": "412800000", "ebit": "416800000", "ebitda": "423700000", "netIncome": "426300000"}, {"fiscalDateEnding": "2020-12-31", "reportedCurrency": "USD", "grossProfit": "895800000", "totalRevenue": "1329100000", "costOfRevenue": "776000000", "costofGoodsAndServicesSold": "433300000", "operatingIncome": "415800000", "sellingGeneralAndAdministrative": "330200000", "researchAndDevelopment": "149800000", "operatingExpenses": "480000000", "investmentIncomeNet": "None", "netInterestIncome": "20700000", "interestIncome": "20700000", "interestExpense": "None", "nonInterestIncome": "1329100000", "otherNonOperatingIncome": "20700000", "depreciation": "61500000", "depreciationAndAmortization": "12500000", "incomeBeforeTax": "438100000", "incomeTaxExpense": "72900000", "interestAndDebtExpense": "None", "netIncomeFromContinuingOperations": "895800000", "comprehensiveIncomeNetOfTax": "373900000", "ebit": "415800000", "ebitda": "428300000", "netIncome": "365200000"}, {"fiscalDateEnding": "2020-09-30", "reportedCurrency": "USD", "grossProfit": "724300000", "totalRevenue": "1129300000", "costOfRevenue": "664900000", "costofGoodsAndServicesSold": "353400000", "operatingIncome": "270400000", "sellingGeneralAndAdministrative": "298900000", "researchAndDevelopment": "155000000", "operatingExpenses": "453900000", "investmentIncomeNet": "None", "netInterestIncome": "84800000", "interestIncome": "None", "interestExpense": "None", "nonInterestIncome": "1083600000", "otherNonOperatingIncome": "84800000", "depreciation": "56600000", "depreciationAndAmortization": "12600000", "incomeBeforeTax": "352300000", "incomeTaxExpense": "38400000", "interestAndDebtExpense": "None", "netIncomeFromContinuingOperations": "316800000", "comprehensiveIncomeNetOfTax": "307800000", "ebit": "270400000", "ebitda": "283000000", "netIncome": "313900000"}, {"fiscalDateEnding": "2020-06-30", "reportedCurrency": "USD", "grossProfit": "502900000", "totalRevenue": "902900000", "costOfRevenue": "640700000", "costofGoodsAndServicesSold": "349200000", "operatingIncome": "80600000", "sellingGeneralAndAdministrative": "279100000", "researchAndDevelopment": "143200000", "operatingExpenses": "422300000", "investmentIncomeNet": "None", "netInterestIncome": "26600000", "interestIncome": "26600000", "interestExpense": "None", "nonInterestIncome": "853800000", "otherNonOperatingIncome": "26600000", "depreciation": "51400000", "depreciationAndAmortization": "12400000", "incomeBeforeTax": "105000000", "incomeTaxExpense": "37000000", "interestAndDebtExpense": "None", "netIncomeFromContinuingOperations": "70200000", "comprehensiveIncomeNetOfTax": "81400000", "ebit": "80600000", "ebitda": "93000000", "netIncome": "68000000"}, {"fiscalDateEnding": "2020-03-31", "reportedCurrency": "USD", "grossProfit": "738200000", "totalRevenue": "1130000000", "costOfRevenue": "682600000", "costofGoodsAndServicesSold": "361300000", "operatingIncome": "283000000", "sellingGeneralAndAdministrative": "308100000", "researchAndDevelopment": "147100000", "operatingExpenses": "455200000", "investmentIncomeNet": "None", "netInterestIncome": "25100000", "interestIncome": "25100000", "interestExpense": "None", "nonInterestIncome": "1090900000", "otherNonOperatingIncome": "25100000", "depreciation": "51100000", "depreciationAndAmortization": "12300000", "incomeBeforeTax": "305400000", "incomeTaxExpense": "-8100000", "interestAndDebtExpense": "None", "netIncomeFromContinuingOperations": "316200000", "comprehensiveIncomeNetOfTax": "310000000", "ebit": "283000000", "ebitda": "295300000", "netIncome": "313500000"}, {"fiscalDateEnding": "2019-12-31", "reportedCurrency": "USD", "grossProfit": "896000000", "totalRevenue": "1277700000", "costOfRevenue": "3100000", "costofGoodsAndServicesSold": "381700000", "operatingIncome": "397600000", "sellingGeneralAndAdministrative": "341800000", "researchAndDevelopment": "156600000", "operatingExpenses": "498400000", "investmentIncomeNet": "None", "netInterestIncome": "34100000", "interestIncome": "34100000", "interestExpense": "None", "nonInterestIncome": "1277700000", "otherNonOperatingIncome": "34100000", "depreciation": "48700000", "depreciationAndAmortization": "11800000", "incomeBeforeTax": "426700000", "incomeTaxExpense": "69000000", "interestAndDebtExpense": "None", "netIncomeFromContinuingOperations": "896000000", "comprehensiveIncomeNetOfTax": "352300000", "ebit": "397600000", "ebitda": "409400000", "netIncome": "357700000"}, {"fiscalDateEnding": "2019-09-30", "reportedCurrency": "USD", "grossProfit": "785600000", "totalRevenue": "1155600000", "costOfRevenue": "626600000", "costofGoodsAndServicesSold": "342600000", "operatingIncome": "365700000", "sellingGeneralAndAdministrative": "284000000", "researchAndDevelopment": "135900000", "operatingExpenses": "419900000", "investmentIncomeNet": "None", "netInterestIncome": "33300000", "interestIncome": "33300000", "interestExpense": "None", "nonInterestIncome": "1128200000", "otherNonOperatingIncome": "33300000", "depreciation": "40200000", "depreciationAndAmortization": "10700000", "incomeBeforeTax": "397100000", "incomeTaxExpense": "300000", "interestAndDebtExpense": "None", "netIncomeFromContinuingOperations": "398700000", "comprehensiveIncomeNetOfTax": "398500000", "ebit": "365700000", "ebitda": "376400000", "netIncome": "396800000"}, {"fiscalDateEnding": "2019-06-30", "reportedCurrency": "USD", "grossProfit": "759000000", "totalRevenue": "1124000000", "costOfRevenue": "619100000", "costofGoodsAndServicesSold": "339900000", "operatingIncome": "359000000", "sellingGeneralAndAdministrative": "279200000", "researchAndDevelopment": "120800000", "operatingExpenses": "400000000", "investmentIncomeNet": "None", "netInterestIncome": "32800000", "interestIncome": "32800000", "interestExpense": "None", "nonInterestIncome": "1098900000", "otherNonOperatingIncome": "32800000", "depreciation": "36200000", "depreciationAndAmortization": "10600000", "incomeBeforeTax": "393700000", "incomeTaxExpense": "75400000", "interestAndDebtExpense": "None", "netIncomeFromContinuingOperations": "316400000", "comprehensiveIncomeNetOfTax": "335100000", "ebit": "359000000", "ebitda": "369600000", "netIncome": "318300000"}, {"fiscalDateEnding": "2019-03-31", "reportedCurrency": "USD", "grossProfit": "669600000", "totalRevenue": "973700000", "costOfRevenue": "587500000", "costofGoodsAndServicesSold": "304100000", "operatingIncome": "252200000", "sellingGeneralAndAdministrative": "273400000", "researchAndDevelopment": "144000000", "operatingExpenses": "417400000", "investmentIncomeNet": "None", "netInterestIncome": "27500000", "interestIncome": "None", "interestExpense": "None", "nonInterestIncome": "973700000", "otherNonOperatingIncome": "27500000", "depreciation": "31600000", "depreciationAndAmortization": "10000000", "incomeBeforeTax": "282200000", "incomeTaxExpense": "-24300000", "interestAndDebtExpense": "None", "netIncomeFromContinuingOperations": "304000000", "comprehensiveIncomeNetOfTax": "319100000", "ebit": "252200000", "ebitda": "262200000", "netIncome": "306500000"}, {"fiscalDateEnding": "2018-12-31", "reportedCurrency": "USD", "grossProfit": "735700000", "totalRevenue": "1046500000", "costOfRevenue": "599100000", "costofGoodsAndServicesSold": "310800000", "operatingIncome": "332000000", "sellingGeneralAndAdministrative": "283800000", "researchAndDevelopment": "119900000", "operatingExpenses": "403700000", "investmentIncomeNet": "None", "netInterestIncome": "None", "interestIncome": "None", "interestExpense": "None", "nonInterestIncome": "1046500000", "otherNonOperatingIncome": "26800000", "depreciation": "29100000", "depreciationAndAmortization": "4500000", "incomeBeforeTax": "360000000", "incomeTaxExpense": "67500000", "interestAndDebtExpense": "None", "netIncomeFromContinuingOperations": "735700000", "comprehensiveIncomeNetOfTax": "295900000", "ebit": "332000000", "ebitda": "336500000", "netIncome": "292500000"}, {"fiscalDateEnding": "2018-09-30", "reportedCurrency": "USD", "grossProfit": "642300000", "totalRevenue": "920900000", "costOfRevenue": "500000000", "costofGoodsAndServicesSold": "278600000", "operatingIncome": "313300000", "sellingGeneralAndAdministrative": "221400000", "researchAndDevelopment": "107600000", "operatingExpenses": "329000000", "investmentIncomeNet": "None", "netInterestIncome": "None", "interestIncome": "None", "interestExpense": "None", "nonInterestIncome": "920900000", "otherNonOperatingIncome": "21900000", "depreciation": "27000000", "depreciationAndAmortization": "4000000", "incomeBeforeTax": "335900000", "incomeTaxExpense": "43400000", "interestAndDebtExpense": "None", "netIncomeFromContinuingOperations": "291800000", "comprehensiveIncomeNetOfTax": "292200000", "ebit": "313300000", "ebitda": "317300000", "netIncome": "292500000"}, {"fiscalDateEnding": "2018-06-30", "reportedCurrency": "USD", "grossProfit": "632300000", "totalRevenue": "909300000", "costOfRevenue": "277000000", "costofGoodsAndServicesSold": "277000000", "operatingIncome": "277400000", "sellingGeneralAndAdministrative": "259800000", "researchAndDevelopment": "95100000", "operatingExpenses": "354900000", "investmentIncomeNet": "None", "netInterestIncome": "None", "interestIncome": "None", "interestExpense": "None", "nonInterestIncome": "909300000", "otherNonOperatingIncome": "18200000", "depreciation": "26100000", "depreciationAndAmortization": "3100000", "incomeBeforeTax": "296300000", "incomeTaxExpense": "41000000", "interestAndDebtExpense": "None", "netIncomeFromContinuingOperations": "254600000", "comprehensiveIncomeNetOfTax": "257000000", "ebit": "277400000", "ebitda": "280500000", "netIncome": "255300000"}, {"fiscalDateEnding": "2018-03-31", "reportedCurrency": "USD", "grossProfit": "593800000", "totalRevenue": "847500000", "costOfRevenue": "253700000", "costofGoodsAndServicesSold": "253700000", "operatingIncome": "276700000", "sellingGeneralAndAdministrative": "221600000", "researchAndDevelopment": "95500000", "operatingExpenses": "317100000", "investmentIncomeNet": "None", "netInterestIncome": "None", "interestIncome": "None", "interestExpense": "None", "nonInterestIncome": "847500000", "otherNonOperatingIncome": "13200000", "depreciation": "23700000", "depreciationAndAmortization": "2600000", "incomeBeforeTax": "290200000", "incomeTaxExpense": "2600000", "interestAndDebtExpense": "None", "netIncomeFromContinuingOperations": "287300000", "comprehensiveIncomeNetOfTax": "285000000", "ebit": "276700000", "ebitda": "279300000", "netIncome": "287600000"}, {"fiscalDateEnding": "2017-12-31", "reportedCurrency": "USD", "grossProfit": "634000000", "totalRevenue": "893100000", "costOfRevenue": "259100000", "costofGoodsAndServicesSold": "258000000", "operatingIncome": "329000000", "sellingGeneralAndAdministrative": "217900000", "researchAndDevelopment": "87100000", "operatingExpenses": "305000000", "investmentIncomeNet": "None", "netInterestIncome": "None", "interestIncome": "None", "interestExpense": "None", "nonInterestIncome": "892000000", "otherNonOperatingIncome": "12300000", "depreciation": "20700000", "depreciationAndAmortization": "2800000", "incomeBeforeTax": "341300000", "incomeTaxExpense": "372800000", "interestAndDebtExpense": "None", "netIncomeFromContinuingOperations": "632100000", "comprehensiveIncomeNetOfTax": "-37800000", "ebit": "329000000", "ebitda": "331800000", "netIncome": "-31500000"}, {"fiscalDateEnding": "2017-09-30", "reportedCurrency": "USD", "grossProfit": "568100000", "totalRevenue": "807400000", "costOfRevenue": "239300000", "costofGoodsAndServicesSold": "239700000", "operatingIncome": "280600000", "sellingGeneralAndAdministrative": "204100000", "researchAndDevelopment": "83400000", "operatingExpenses": "287500000", "investmentIncomeNet": "None", "netInterestIncome": "None", "interestIncome": "None", "interestExpense": "None", "nonInterestIncome": "807800000", "otherNonOperatingIncome": "10800000", "depreciation": "21800000", "depreciationAndAmortization": "3100000", "incomeBeforeTax": "291400000", "incomeTaxExpense": "-7200000", "interestAndDebtExpense": "None", "netIncomeFromContinuingOperations": "297500000", "comprehensiveIncomeNetOfTax": "299200000", "ebit": "280600000", "ebitda": "283700000", "netIncome": "298600000"}, {"fiscalDateEnding": "2017-06-30", "reportedCurrency": "USD", "grossProfit": "530100000", "totalRevenue": "758800000", "costOfRevenue": "228700000", "costofGoodsAndServicesSold": "228300000", "operatingIncome": "259900000", "sellingGeneralAndAdministrative": "185600000", "researchAndDevelopment": "84600000", "operatingExpenses": "270200000", "investmentIncomeNet": "None", "netInterestIncome": "None", "interestIncome": "None", "interestExpense": "None", "nonInterestIncome": "758800000", "otherNonOperatingIncome": "10100000", "depreciation": "20600000", "depreciationAndAmortization": "3300000", "incomeBeforeTax": "270000000", "incomeTaxExpense": "47000000", "interestAndDebtExpense": "None", "netIncomeFromContinuingOperations": "221500000", "comprehensiveIncomeNetOfTax": "221200000", "ebit": "259900000", "ebitda": "263200000", "netIncome": "223000000"}, {"fiscalDateEnding": "2017-03-31", "reportedCurrency": "USD", "grossProfit": "469800000", "totalRevenue": "679600000", "costOfRevenue": "209800000", "costofGoodsAndServicesSold": "208100000", "operatingIncome": "193400000", "sellingGeneralAndAdministrative": "202900000", "researchAndDevelopment": "73500000", "operatingExpenses": "276400000", "investmentIncomeNet": "None", "netInterestIncome": "None", "interestIncome": "None", "interestExpense": "None", "nonInterestIncome": "679600000", "otherNonOperatingIncome": "8700000", "depreciation": "19000000", "depreciationAndAmortization": "3700000", "incomeBeforeTax": "202100000", "incomeTaxExpense": "21300000", "interestAndDebtExpense": "None", "netIncomeFromContinuingOperations": "179800000", "comprehensiveIncomeNetOfTax": "181700000", "ebit": "193400000", "ebitda": "197100000", "netIncome": "180800000"}, {"fiscalDateEnding": "2016-12-31", "reportedCurrency": "USD", "grossProfit": "527200000", "totalRevenue": "756900000", "costOfRevenue": "229700000", "costofGoodsAndServicesSold": "229000000", "operatingIncome": "268900000", "sellingGeneralAndAdministrative": "192000000", "researchAndDevelopment": "69100000", "operatingExpenses": "261100000", "investmentIncomeNet": "None", "netInterestIncome": "None", "interestIncome": "None", "interestExpense": "None", "nonInterestIncome": "None", "otherNonOperatingIncome": "11700000", "depreciation": "16700000", "depreciationAndAmortization": "4200000", "incomeBeforeTax": "278200000", "incomeTaxExpense": "74200000", "interestAndDebtExpense": "None", "netIncomeFromContinuingOperations": "521700000", "comprehensiveIncomeNetOfTax": "193500000", "ebit": "268900000", "ebitda": "273100000", "netIncome": "204000000"}]}