{"symbol": "IT", "annualReports": [{"fiscalDateEnding": "2020-12-31", "reportedCurrency": "USD", "grossProfit": "389751000", "totalRevenue": "3994622000", "costOfRevenue": "3604871000", "costofGoodsAndServicesSold": "1345024000", "operatingIncome": "490150000", "sellingGeneralAndAdministrative": "2038963000", "researchAndDevelopment": "None", "operatingExpenses": "2257947000", "investmentIncomeNet": "None", "netInterestIncome": "-113549000", "interestIncome": "2087000", "interestExpense": "115636000", "nonInterestIncome": "4069246000", "otherNonOperatingIncome": "-5654000", "depreciation": "93925000", "depreciationAndAmortization": "218984000", "incomeBeforeTax": "326133000", "incomeTaxExpense": "59388000", "interestAndDebtExpense": "160450000", "netIncomeFromContinuingOperations": "266745000", "comprehensiveIncomeNetOfTax": "245455000", "ebit": "441769000", "ebitda": "660753000", "netIncome": "266745000"}, {"fiscalDateEnding": "2019-12-31", "reportedCurrency": "USD", "grossProfit": "314871000", "totalRevenue": "4181242000", "costOfRevenue": "3866371000", "costofGoodsAndServicesSold": "1550568000", "operatingIncome": "370087000", "sellingGeneralAndAdministrative": "2103424000", "researchAndDevelopment": "None", "operatingExpenses": "2317278000", "investmentIncomeNet": "None", "netInterestIncome": "-99805000", "interestIncome": "3026000", "interestExpense": "102831000", "nonInterestIncome": "4242146000", "otherNonOperatingIncome": "7532000", "depreciation": "82066000", "depreciationAndAmortization": "211779000", "incomeBeforeTax": "275739000", "incomeTaxExpense": "42449000", "interestAndDebtExpense": "102831000", "netIncomeFromContinuingOperations": "233290000", "comprehensiveIncomeNetOfTax": "195219000", "ebit": "378570000", "ebitda": "590349000", "netIncome": "233290000"}, {"fiscalDateEnding": "2018-12-31", "reportedCurrency": "USD", "grossProfit": "667651000", "totalRevenue": "4277893000", "costOfRevenue": "3610242000", "costofGoodsAndServicesSold": "1468800000", "operatingIncome": "259715000", "sellingGeneralAndAdministrative": "1884141000", "researchAndDevelopment": "None", "operatingExpenses": "2094295000", "investmentIncomeNet": "None", "netInterestIncome": "-124208000", "interestIncome": "2566000", "interestExpense": "126774000", "nonInterestIncome": "4402101000", "otherNonOperatingIncome": "167000", "depreciation": "68592000", "depreciationAndAmortization": "255601000", "incomeBeforeTax": "181121000", "incomeTaxExpense": "58665000", "interestAndDebtExpense": "126774000", "netIncomeFromContinuingOperations": "122456000", "comprehensiveIncomeNetOfTax": "80490000", "ebit": "307895000", "ebitda": "563496000", "netIncome": "122456000"}, {"fiscalDateEnding": "2017-12-31", "reportedCurrency": "USD", "grossProfit": "305685000", "totalRevenue": "3465058000", "costOfRevenue": "3159373000", "costofGoodsAndServicesSold": "1320198000", "operatingIncome": "-6329000", "sellingGeneralAndAdministrative": "1599004000", "researchAndDevelopment": "None", "operatingExpenses": "1839175000", "investmentIncomeNet": "None", "netInterestIncome": "-124936000", "interestIncome": "3011000", "interestExpense": "127947000", "nonInterestIncome": "278500000", "otherNonOperatingIncome": "3448000", "depreciation": "63897000", "depreciationAndAmortization": "240171000", "incomeBeforeTax": "-127817000", "incomeTaxExpense": "-131096000", "interestAndDebtExpense": "127947000", "netIncomeFromContinuingOperations": "3279000", "comprehensiveIncomeNetOfTax": "54470000", "ebit": "130000", "ebitda": "240301000", "netIncome": "3279000"}, {"fiscalDateEnding": "2016-12-31", "reportedCurrency": "USD", "grossProfit": "324723000", "totalRevenue": "2421524000", "costOfRevenue": "2096801000", "costofGoodsAndServicesSold": "945648000", "operatingIncome": "305141000", "sellingGeneralAndAdministrative": "1089184000", "researchAndDevelopment": "None", "operatingExpenses": "1151153000", "investmentIncomeNet": "None", "netInterestIncome": "-25116000", "interestIncome": "2449000", "interestExpense": "27565000", "nonInterestIncome": "2100000", "otherNonOperatingIncome": "8406000", "depreciation": "37172000", "depreciationAndAmortization": "61969000", "incomeBeforeTax": "288431000", "incomeTaxExpense": "94849000", "interestAndDebtExpense": "25065000", "netIncomeFromContinuingOperations": "193582000", "comprehensiveIncomeNetOfTax": "188301000", "ebit": "315996000", "ebitda": "377965000", "netIncome": "193582000"}], "quarterlyReports": [{"fiscalDateEnding": "2021-09-30", "reportedCurrency": "USD", "grossProfit": "236485000", "totalRevenue": "1135404000", "costOfRevenue": "898919000", "costofGoodsAndServicesSold": "359237000", "operatingIncome": "230221000", "sellingGeneralAndAdministrative": "512573000", "researchAndDevelopment": "359237000", "operatingExpenses": "539682000", "investmentIncomeNet": "None", "netInterestIncome": "-31599000", "interestIncome": "-31199000", "interestExpense": "31599000", "nonInterestIncome": "1156282000", "otherNonOperatingIncome": "211000", "depreciation": "25371000", "depreciationAndAmortization": "52480000", "incomeBeforeTax": "198833000", "incomeTaxExpense": "49968000", "interestAndDebtExpense": "31599000", "netIncomeFromContinuingOperations": "148865000", "comprehensiveIncomeNetOfTax": "148006000", "ebit": "230432000", "ebitda": "282912000", "netIncome": "148865000"}, {"fiscalDateEnding": "2021-06-30", "reportedCurrency": "USD", "grossProfit": "285061000", "totalRevenue": "1150513000", "costOfRevenue": "865452000", "costofGoodsAndServicesSold": "350802000", "operatingIncome": "274714000", "sellingGeneralAndAdministrative": "488496000", "researchAndDevelopment": "350802000", "operatingExpenses": "514650000", "investmentIncomeNet": "None", "netInterestIncome": "-27390000", "interestIncome": "-31390000", "interestExpense": "27390000", "nonInterestIncome": "1167319000", "otherNonOperatingIncome": "-3682000", "depreciation": "25851000", "depreciationAndAmortization": "52005000", "incomeBeforeTax": "379187000", "incomeTaxExpense": "107951000", "interestAndDebtExpense": "27390000", "netIncomeFromContinuingOperations": "271236000", "comprehensiveIncomeNetOfTax": "281436000", "ebit": "406577000", "ebitda": "458582000", "netIncome": "271236000"}, {"fiscalDateEnding": "2021-03-31", "reportedCurrency": "USD", "grossProfit": "226007000", "totalRevenue": "1103993000", "costOfRevenue": "877986000", "costofGoodsAndServicesSold": "334467000", "operatingIncome": "225412000", "sellingGeneralAndAdministrative": "487255000", "researchAndDevelopment": "334467000", "operatingExpenses": "543519000", "investmentIncomeNet": "None", "netInterestIncome": "-26149000", "interestIncome": "-10349000", "interestExpense": "26149000", "nonInterestIncome": "1119803000", "otherNonOperatingIncome": "15490000", "depreciation": "25750000", "depreciationAndAmortization": "56264000", "incomeBeforeTax": "214753000", "incomeTaxExpense": "50653000", "interestAndDebtExpense": "26149000", "netIncomeFromContinuingOperations": "164100000", "comprehensiveIncomeNetOfTax": "170150000", "ebit": "240902000", "ebitda": "297166000", "netIncome": "164100000"}, {"fiscalDateEnding": "2020-12-31", "reportedCurrency": "USD", "grossProfit": "176178000", "totalRevenue": "1111863000", "costOfRevenue": "935685000", "costofGoodsAndServicesSold": "351428000", "operatingIncome": "178130000", "sellingGeneralAndAdministrative": "525976000", "researchAndDevelopment": "None", "operatingExpenses": "582357000", "investmentIncomeNet": "None", "netInterestIncome": "-26367000", "interestIncome": "2087000", "interestExpense": "28454000", "nonInterestIncome": "1127892000", "otherNonOperatingIncome": "4392000", "depreciation": "25937000", "depreciationAndAmortization": "56381000", "incomeBeforeTax": "156155000", "incomeTaxExpense": "36548000", "interestAndDebtExpense": "28454000", "netIncomeFromContinuingOperations": "119607000", "comprehensiveIncomeNetOfTax": "150592000", "ebit": "184609000", "ebitda": "240990000", "netIncome": "119607000"}, {"fiscalDateEnding": "2020-09-30", "reportedCurrency": "USD", "grossProfit": "43540000", "totalRevenue": "926043000", "costOfRevenue": "882503000", "costofGoodsAndServicesSold": "329767000", "operatingIncome": "87650000", "sellingGeneralAndAdministrative": "521508000", "researchAndDevelopment": "None", "operatingExpenses": "552736000", "investmentIncomeNet": "None", "netInterestIncome": "-30538000", "interestIncome": "-30538000", "interestExpense": "30538000", "nonInterestIncome": "949804000", "otherNonOperatingIncome": "1869000", "depreciation": "22743000", "depreciationAndAmortization": "53971000", "incomeBeforeTax": "14167000", "incomeTaxExpense": "-2797000", "interestAndDebtExpense": "75352000", "netIncomeFromContinuingOperations": "16964000", "comprehensiveIncomeNetOfTax": "28926000", "ebit": "44705000", "ebitda": "98676000", "netIncome": "16964000"}, {"fiscalDateEnding": "2020-06-30", "reportedCurrency": "USD", "grossProfit": "104967000", "totalRevenue": "953558000", "costOfRevenue": "848591000", "costofGoodsAndServicesSold": "322551000", "operatingIncome": "99651000", "sellingGeneralAndAdministrative": "494840000", "researchAndDevelopment": "None", "operatingExpenses": "526040000", "investmentIncomeNet": "None", "netInterestIncome": "-30296000", "interestIncome": "-30296000", "interestExpense": "30296000", "nonInterestIncome": "973135000", "otherNonOperatingIncome": "-10399000", "depreciation": "22728000", "depreciationAndAmortization": "53936000", "incomeBeforeTax": "58956000", "incomeTaxExpense": "3879000", "interestAndDebtExpense": "30296000", "netIncomeFromContinuingOperations": "55077000", "comprehensiveIncomeNetOfTax": "81874000", "ebit": "89252000", "ebitda": "143188000", "netIncome": "55077000"}, {"fiscalDateEnding": "2020-03-31", "reportedCurrency": "USD", "grossProfit": "111019000", "totalRevenue": "1003632000", "costOfRevenue": "892613000", "costofGoodsAndServicesSold": "341278000", "operatingIncome": "124718000", "sellingGeneralAndAdministrative": "496639000", "researchAndDevelopment": "None", "operatingExpenses": "551335000", "investmentIncomeNet": "None", "netInterestIncome": "-26349000", "interestIncome": "-13750000", "interestExpense": "26349000", "nonInterestIncome": "1018891000", "otherNonOperatingIncome": "-1515000", "depreciation": "22517000", "depreciationAndAmortization": "54696000", "incomeBeforeTax": "96854000", "incomeTaxExpense": "21757000", "interestAndDebtExpense": "26349000", "netIncomeFromContinuingOperations": "75097000", "comprehensiveIncomeNetOfTax": "-15937000", "ebit": "123203000", "ebitda": "177899000", "netIncome": "75097000"}, {"fiscalDateEnding": "2019-12-31", "reportedCurrency": "USD", "grossProfit": "121744000", "totalRevenue": "1184391000", "costOfRevenue": "1062647000", "costofGoodsAndServicesSold": "450868000", "operatingIncome": "136139000", "sellingGeneralAndAdministrative": "557519000", "researchAndDevelopment": "None", "operatingExpenses": "611179000", "investmentIncomeNet": "None", "netInterestIncome": "-26136000", "interestIncome": "3026000", "interestExpense": "29162000", "nonInterestIncome": "1202393000", "otherNonOperatingIncome": "579000", "depreciation": "21488000", "depreciationAndAmortization": "53660000", "incomeBeforeTax": "110582000", "incomeTaxExpense": "42881000", "interestAndDebtExpense": "29162000", "netIncomeFromContinuingOperations": "67733000", "comprehensiveIncomeNetOfTax": "71027000", "ebit": "139744000", "ebitda": "193404000", "netIncome": "67701000"}, {"fiscalDateEnding": "2019-09-30", "reportedCurrency": "USD", "grossProfit": "77725000", "totalRevenue": "986634000", "costOfRevenue": "908909000", "costofGoodsAndServicesSold": "365056000", "operatingIncome": "69147000", "sellingGeneralAndAdministrative": "512159000", "researchAndDevelopment": "None", "operatingExpenses": "543853000", "investmentIncomeNet": "None", "netInterestIncome": "-24073000", "interestIncome": "-28440000", "interestExpense": "24073000", "nonInterestIncome": "1000502000", "otherNonOperatingIncome": "8024000", "depreciation": "20704000", "depreciationAndAmortization": "52398000", "incomeBeforeTax": "53098000", "incomeTaxExpense": "11710000", "interestAndDebtExpense": "24073000", "netIncomeFromContinuingOperations": "41388000", "comprehensiveIncomeNetOfTax": "33603000", "ebit": "77171000", "ebitda": "129569000", "netIncome": "41388000"}, {"fiscalDateEnding": "2019-06-30", "reportedCurrency": "USD", "grossProfit": "121283000", "totalRevenue": "1056422000", "costOfRevenue": "935139000", "costofGoodsAndServicesSold": "387999000", "operatingIncome": "116002000", "sellingGeneralAndAdministrative": "514976000", "researchAndDevelopment": "None", "operatingExpenses": "547140000", "investmentIncomeNet": "None", "netInterestIncome": "-24749000", "interestIncome": "-27284000", "interestExpense": "24749000", "nonInterestIncome": "1070882000", "otherNonOperatingIncome": "-247000", "depreciation": "20099000", "depreciationAndAmortization": "52263000", "incomeBeforeTax": "91006000", "incomeTaxExpense": "-12400000", "interestAndDebtExpense": "24749000", "netIncomeFromContinuingOperations": "103406000", "comprehensiveIncomeNetOfTax": "91493000", "ebit": "115755000", "ebitda": "168018000", "netIncome": "103406000"}, {"fiscalDateEnding": "2019-03-31", "reportedCurrency": "USD", "grossProfit": "24649000", "totalRevenue": "943522000", "costOfRevenue": "918873000", "costofGoodsAndServicesSold": "346645000", "operatingIncome": "48799000", "sellingGeneralAndAdministrative": "518770000", "researchAndDevelopment": "None", "operatingExpenses": "574303000", "investmentIncomeNet": "None", "netInterestIncome": "-24847000", "interestIncome": "-23009000", "interestExpense": "24847000", "nonInterestIncome": "968369000", "otherNonOperatingIncome": "-824000", "depreciation": "19775000", "depreciationAndAmortization": "53458000", "incomeBeforeTax": "21053000", "incomeTaxExpense": "258000", "interestAndDebtExpense": "24847000", "netIncomeFromContinuingOperations": "20795000", "comprehensiveIncomeNetOfTax": "-904000", "ebit": "45900000", "ebitda": "99358000", "netIncome": "20795000"}, {"fiscalDateEnding": "2018-12-31", "reportedCurrency": "USD", "grossProfit": "502347000", "totalRevenue": "1452465000", "costOfRevenue": "950118000", "costofGoodsAndServicesSold": "407842000", "operatingIncome": "129606000", "sellingGeneralAndAdministrative": "488056000", "researchAndDevelopment": "None", "operatingExpenses": "533629000", "investmentIncomeNet": "None", "netInterestIncome": "-24561000", "interestIncome": "2566000", "interestExpense": "27127000", "nonInterestIncome": "1477026000", "otherNonOperatingIncome": "-1026000", "depreciation": "18136000", "depreciationAndAmortization": "52520000", "incomeBeforeTax": "110985000", "incomeTaxExpense": "26965000", "interestAndDebtExpense": "27127000", "netIncomeFromContinuingOperations": "83956000", "comprehensiveIncomeNetOfTax": "66837000", "ebit": "138112000", "ebitda": "190632000", "netIncome": "84020000"}, {"fiscalDateEnding": "2018-09-30", "reportedCurrency": "USD", "grossProfit": "1981000", "totalRevenue": "907730000", "costOfRevenue": "905749000", "costofGoodsAndServicesSold": "336112000", "operatingIncome": "52724000", "sellingGeneralAndAdministrative": "447537000", "researchAndDevelopment": "None", "operatingExpenses": "556597000", "investmentIncomeNet": "None", "netInterestIncome": "-26984000", "interestIncome": "None", "interestExpense": "26984000", "nonInterestIncome": "934714000", "otherNonOperatingIncome": "-827000", "depreciation": "17335000", "depreciationAndAmortization": "68187000", "incomeBeforeTax": "37953000", "incomeTaxExpense": "26200000", "interestAndDebtExpense": "26984000", "netIncomeFromContinuingOperations": "11753000", "comprehensiveIncomeNetOfTax": "13120000", "ebit": "64937000", "ebitda": "133124000", "netIncome": "11753000"}, {"fiscalDateEnding": "2018-06-30", "reportedCurrency": "USD", "grossProfit": "33825000", "totalRevenue": "989192000", "costOfRevenue": "955367000", "costofGoodsAndServicesSold": "367637000", "operatingIncome": "86096000", "sellingGeneralAndAdministrative": "460803000", "researchAndDevelopment": "None", "operatingExpenses": "562270000", "investmentIncomeNet": "None", "netInterestIncome": "-37604000", "interestIncome": "None", "interestExpense": "37604000", "nonInterestIncome": "1026796000", "otherNonOperatingIncome": "1120000", "depreciation": "16711000", "depreciationAndAmortization": "66838000", "incomeBeforeTax": "75072000", "incomeTaxExpense": "28802000", "interestAndDebtExpense": "37604000", "netIncomeFromContinuingOperations": "46270000", "comprehensiveIncomeNetOfTax": "-10597000", "ebit": "112676000", "ebitda": "179514000", "netIncome": "46270000"}, {"fiscalDateEnding": "2018-03-31", "reportedCurrency": "USD", "grossProfit": "979061000", "totalRevenue": "1892071000", "costOfRevenue": "913010000", "costofGoodsAndServicesSold": "357209000", "operatingIncome": "-8711000", "sellingGeneralAndAdministrative": "487745000", "researchAndDevelopment": "None", "operatingExpenses": "555801000", "investmentIncomeNet": "None", "netInterestIncome": "-35059000", "interestIncome": "None", "interestExpense": "35059000", "nonInterestIncome": "963565000", "otherNonOperatingIncome": "899000", "depreciation": "16410000", "depreciationAndAmortization": "68056000", "incomeBeforeTax": "-42871000", "incomeTaxExpense": "-23284000", "interestAndDebtExpense": "35059000", "netIncomeFromContinuingOperations": "-19587000", "comprehensiveIncomeNetOfTax": "11130000", "ebit": "-7812000", "ebitda": "60244000", "netIncome": "-19587000"}, {"fiscalDateEnding": "2017-12-31", "reportedCurrency": "USD", "grossProfit": "327528000", "totalRevenue": "1262797000", "costOfRevenue": "935269000", "costofGoodsAndServicesSold": "398378000", "operatingIncome": "62894000", "sellingGeneralAndAdministrative": "465371000", "researchAndDevelopment": "None", "operatingExpenses": "536891000", "investmentIncomeNet": "None", "netInterestIncome": "-36312000", "interestIncome": "3011000", "interestExpense": "39323000", "nonInterestIncome": "284600000", "otherNonOperatingIncome": "1795000", "depreciation": "18260000", "depreciationAndAmortization": "71520000", "incomeBeforeTax": "28377000", "incomeTaxExpense": "-78930000", "interestAndDebtExpense": "33223000", "netIncomeFromContinuingOperations": "107307000", "comprehensiveIncomeNetOfTax": "110031000", "ebit": "67700000", "ebitda": "139220000", "netIncome": "107307000"}, {"fiscalDateEnding": "2017-09-30", "reportedCurrency": "USD", "grossProfit": "-15271000", "totalRevenue": "789323000", "costOfRevenue": "804594000", "costofGoodsAndServicesSold": "332207000", "operatingIncome": "-24349000", "sellingGeneralAndAdministrative": "421163000", "researchAndDevelopment": "None", "operatingExpenses": "472387000", "investmentIncomeNet": "None", "netInterestIncome": "-38762000", "interestIncome": "None", "interestExpense": "38762000", "nonInterestIncome": "828085000", "otherNonOperatingIncome": "1171000", "depreciation": "17340000", "depreciationAndAmortization": "68564000", "incomeBeforeTax": "-61940000", "incomeTaxExpense": "-13760000", "interestAndDebtExpense": "38762000", "netIncomeFromContinuingOperations": "-48180000", "comprehensiveIncomeNetOfTax": "-507000", "ebit": "-23178000", "ebitda": "45386000", "netIncome": "-48180000"}, {"fiscalDateEnding": "2017-06-30", "reportedCurrency": "USD", "grossProfit": "-25955000", "totalRevenue": "799775000", "costOfRevenue": "825730000", "costofGoodsAndServicesSold": "352004000", "operatingIncome": "-98388000", "sellingGeneralAndAdministrative": "408226000", "researchAndDevelopment": "None", "operatingExpenses": "473726000", "investmentIncomeNet": "None", "netInterestIncome": "-43956000", "interestIncome": "None", "interestExpense": "43956000", "nonInterestIncome": "843731000", "otherNonOperatingIncome": "-407000", "depreciation": "18057000", "depreciationAndAmortization": "83557000", "incomeBeforeTax": "-142781000", "incomeTaxExpense": "-50500000", "interestAndDebtExpense": "43956000", "netIncomeFromContinuingOperations": "-92251000", "comprehensiveIncomeNetOfTax": "-93338000", "ebit": "-98825000", "ebitda": "-15268000", "netIncome": "-92281000"}, {"fiscalDateEnding": "2017-03-31", "reportedCurrency": "USD", "grossProfit": "60880000", "totalRevenue": "619263000", "costOfRevenue": "558383000", "costofGoodsAndServicesSold": "237609000", "operatingIncome": "53514000", "sellingGeneralAndAdministrative": "304244000", "researchAndDevelopment": "None", "operatingExpenses": "320774000", "investmentIncomeNet": "None", "netInterestIncome": "-5906000", "interestIncome": "None", "interestExpense": "5906000", "nonInterestIncome": "625169000", "otherNonOperatingIncome": "889000", "depreciation": "10240000", "depreciationAndAmortization": "16530000", "incomeBeforeTax": "48533000", "incomeTaxExpense": "12100000", "interestAndDebtExpense": "5906000", "netIncomeFromContinuingOperations": "36433000", "comprehensiveIncomeNetOfTax": "38284000", "ebit": "54439000", "ebitda": "70969000", "netIncome": "36433000"}, {"fiscalDateEnding": "2016-12-31", "reportedCurrency": "USD", "grossProfit": "114605000", "totalRevenue": "699495000", "costOfRevenue": "584890000", "costofGoodsAndServicesSold": "279063000", "operatingIncome": "108687000", "sellingGeneralAndAdministrative": "289862000", "researchAndDevelopment": "None", "operatingExpenses": "305827000", "investmentIncomeNet": "None", "netInterestIncome": "-5822000", "interestIncome": "2449000", "interestExpense": "8271000", "nonInterestIncome": "None", "otherNonOperatingIncome": "3320000", "depreciation": "9782000", "depreciationAndAmortization": "15965000", "incomeBeforeTax": "106185000", "incomeTaxExpense": "39700000", "interestAndDebtExpense": "5771000", "netIncomeFromContinuingOperations": "66436000", "comprehensiveIncomeNetOfTax": "64586000", "ebit": "114456000", "ebitda": "130421000", "netIncome": "66485000"}]}