{"symbol": "ITW", "annualReports": [{"fiscalDateEnding": "2020-12-31", "reportedCurrency": "USD", "grossProfit": "4901000000", "totalRevenue": "12361000000", "costOfRevenue": "7460000000", "costofGoodsAndServicesSold": "7375000000", "operatingIncome": "2882000000", "sellingGeneralAndAdministrative": "85000000", "researchAndDevelopment": "214000000", "operatingExpenses": "308000000", "investmentIncomeNet": "17000000", "netInterestIncome": "-206000000", "interestIncome": "-206000000", "interestExpense": "206000000", "nonInterestIncome": "12567000000", "otherNonOperatingIncome": "-5000000", "depreciation": "273000000", "depreciationAndAmortization": "427000000", "incomeBeforeTax": "2704000000", "incomeTaxExpense": "595000000", "interestAndDebtExpense": "206000000", "netIncomeFromContinuingOperations": "2109000000", "comprehensiveIncomeNetOfTax": "2172000000", "ebit": "2882000000", "ebitda": "3337000000", "netIncome": "2109000000"}, {"fiscalDateEnding": "2019-12-31", "reportedCurrency": "USD", "grossProfit": "5611000000", "totalRevenue": "13887000000", "costOfRevenue": "8276000000", "costofGoodsAndServicesSold": "8187000000", "operatingIncome": "3402000000", "sellingGeneralAndAdministrative": "89000000", "researchAndDevelopment": "221000000", "operatingExpenses": "307000000", "investmentIncomeNet": "29000000", "netInterestIncome": "-221000000", "interestIncome": "29000000", "interestExpense": "221000000", "nonInterestIncome": "14108000000", "otherNonOperatingIncome": "5000000", "depreciation": "267000000", "depreciationAndAmortization": "159000000", "incomeBeforeTax": "3288000000", "incomeTaxExpense": "767000000", "interestAndDebtExpense": "221000000", "netIncomeFromContinuingOperations": "2521000000", "comprehensiveIncomeNetOfTax": "2493000000", "ebit": "3402000000", "ebitda": "3668000000", "netIncome": "2521000000"}, {"fiscalDateEnding": "2018-12-31", "reportedCurrency": "USD", "grossProfit": "5950000000", "totalRevenue": "14768000000", "costOfRevenue": "8818000000", "costofGoodsAndServicesSold": "8604000000", "operatingIncome": "3584000000", "sellingGeneralAndAdministrative": "214000000", "researchAndDevelopment": "233000000", "operatingExpenses": "445000000", "investmentIncomeNet": "35000000", "netInterestIncome": "-257000000", "interestIncome": "35000000", "interestExpense": "257000000", "nonInterestIncome": "14774000000", "otherNonOperatingIncome": "6000000", "depreciation": "272000000", "depreciationAndAmortization": "189000000", "incomeBeforeTax": "3394000000", "incomeTaxExpense": "831000000", "interestAndDebtExpense": "257000000", "netIncomeFromContinuingOperations": "2563000000", "comprehensiveIncomeNetOfTax": "2218000000", "ebit": "3584000000", "ebitda": "3840000000", "netIncome": "2563000000"}, {"fiscalDateEnding": "2017-12-31", "reportedCurrency": "USD", "grossProfit": "5512000000", "totalRevenue": "14314000000", "costOfRevenue": "8518000000", "costofGoodsAndServicesSold": "8306000000", "operatingIncome": "3485000000", "sellingGeneralAndAdministrative": "209000000", "researchAndDevelopment": "225000000", "operatingExpenses": "341000000", "investmentIncomeNet": "45000000", "netInterestIncome": "-260000000", "interestIncome": "45000000", "interestExpense": "260000000", "nonInterestIncome": "-24000000", "otherNonOperatingIncome": "-1000000", "depreciation": "256000000", "depreciationAndAmortization": "206000000", "incomeBeforeTax": "3270000000", "incomeTaxExpense": "1583000000", "interestAndDebtExpense": "260000000", "netIncomeFromContinuingOperations": "1687000000", "comprehensiveIncomeNetOfTax": "2207000000", "ebit": "3485000000", "ebitda": "3736000000", "netIncome": "1687000000"}, {"fiscalDateEnding": "2016-12-31", "reportedCurrency": "USD", "grossProfit": "5179000000", "totalRevenue": "13599000000", "costOfRevenue": "8191000000", "costofGoodsAndServicesSold": "7908000000", "operatingIncome": "3056000000", "sellingGeneralAndAdministrative": "295000000", "researchAndDevelopment": "223000000", "operatingExpenses": "526000000", "investmentIncomeNet": "38000000", "netInterestIncome": "-237000000", "interestIncome": "38000000", "interestExpense": "237000000", "nonInterestIncome": "8000000", "otherNonOperatingIncome": "-2000000", "depreciation": "246000000", "depreciationAndAmortization": "224000000", "incomeBeforeTax": "2908000000", "incomeTaxExpense": "873000000", "interestAndDebtExpense": "237000000", "netIncomeFromContinuingOperations": "2035000000", "comprehensiveIncomeNetOfTax": "1732000000", "ebit": "3056000000", "ebitda": "3369000000", "netIncome": "2035000000"}], "quarterlyReports": [{"fiscalDateEnding": "2021-09-30", "reportedCurrency": "USD", "grossProfit": "1411000000", "totalRevenue": "3507000000", "costOfRevenue": "2096000000", "costofGoodsAndServicesSold": "2096000000", "operatingIncome": "845000000", "sellingGeneralAndAdministrative": "581000000", "researchAndDevelopment": "581000000", "operatingExpenses": "-1000000", "investmentIncomeNet": "None", "netInterestIncome": "-49000000", "interestIncome": "-49000000", "interestExpense": "49000000", "nonInterestIncome": "3556000000", "otherNonOperatingIncome": "10000000", "depreciation": "70000000", "depreciationAndAmortization": "104000000", "incomeBeforeTax": "806000000", "incomeTaxExpense": "167000000", "interestAndDebtExpense": "49000000", "netIncomeFromContinuingOperations": "639000000", "comprehensiveIncomeNetOfTax": "591000000", "ebit": "845000000", "ebitda": "959000000", "netIncome": "639000000"}, {"fiscalDateEnding": "2021-06-30", "reportedCurrency": "USD", "grossProfit": "1461000000", "totalRevenue": "3624000000", "costOfRevenue": "2163000000", "costofGoodsAndServicesSold": "2163000000", "operatingIncome": "893000000", "sellingGeneralAndAdministrative": "588000000", "researchAndDevelopment": "None", "operatingExpenses": "1000000", "investmentIncomeNet": "None", "netInterestIncome": "-52000000", "interestIncome": "-52000000", "interestExpense": "52000000", "nonInterestIncome": "3676000000", "otherNonOperatingIncome": "22000000", "depreciation": "70000000", "depreciationAndAmortization": "102000000", "incomeBeforeTax": "863000000", "incomeTaxExpense": "88000000", "interestAndDebtExpense": "52000000", "netIncomeFromContinuingOperations": "775000000", "comprehensiveIncomeNetOfTax": "823000000", "ebit": "893000000", "ebitda": "1017000000", "netIncome": "775000000"}, {"fiscalDateEnding": "2021-03-31", "reportedCurrency": "USD", "grossProfit": "1453000000", "totalRevenue": "3492000000", "costOfRevenue": "2039000000", "costofGoodsAndServicesSold": "2039000000", "operatingIncome": "905000000", "sellingGeneralAndAdministrative": "566000000", "researchAndDevelopment": "566000000", "operatingExpenses": "0", "investmentIncomeNet": "None", "netInterestIncome": "-52000000", "interestIncome": "-52000000", "interestExpense": "52000000", "nonInterestIncome": "3544000000", "otherNonOperatingIncome": "12000000", "depreciation": "66000000", "depreciationAndAmortization": "100000000", "incomeBeforeTax": "865000000", "incomeTaxExpense": "194000000", "interestAndDebtExpense": "52000000", "netIncomeFromContinuingOperations": "671000000", "comprehensiveIncomeNetOfTax": "675000000", "ebit": "905000000", "ebitda": "1017000000", "netIncome": "671000000"}, {"fiscalDateEnding": "2020-12-31", "reportedCurrency": "USD", "grossProfit": "1475000000", "totalRevenue": "3475000000", "costOfRevenue": "2000000000", "costofGoodsAndServicesSold": "2000000000", "operatingIncome": "883000000", "sellingGeneralAndAdministrative": "557000000", "researchAndDevelopment": "1603000000", "operatingExpenses": "302000000", "investmentIncomeNet": "None", "netInterestIncome": "-52000000", "interestIncome": "-52000000", "interestExpense": "52000000", "nonInterestIncome": "3475000000", "otherNonOperatingIncome": "-40000000", "depreciation": "70000000", "depreciationAndAmortization": "105000000", "incomeBeforeTax": "824000000", "incomeTaxExpense": "182000000", "interestAndDebtExpense": "52000000", "netIncomeFromContinuingOperations": "883000000", "comprehensiveIncomeNetOfTax": "642000000", "ebit": "883000000", "ebitda": "981000000", "netIncome": "642000000"}, {"fiscalDateEnding": "2020-09-30", "reportedCurrency": "USD", "grossProfit": "1345000000", "totalRevenue": "3255000000", "costOfRevenue": "1910000000", "costofGoodsAndServicesSold": "1910000000", "operatingIncome": "789000000", "sellingGeneralAndAdministrative": "560000000", "researchAndDevelopment": "560000000", "operatingExpenses": "2000000", "investmentIncomeNet": "None", "netInterestIncome": "-52000000", "interestIncome": "-52000000", "interestExpense": "52000000", "nonInterestIncome": "3307000000", "otherNonOperatingIncome": "2000000", "depreciation": "70000000", "depreciationAndAmortization": "118000000", "incomeBeforeTax": "739000000", "incomeTaxExpense": "157000000", "interestAndDebtExpense": "52000000", "netIncomeFromContinuingOperations": "582000000", "comprehensiveIncomeNetOfTax": "654000000", "ebit": "789000000", "ebitda": "909000000", "netIncome": "582000000"}, {"fiscalDateEnding": "2020-06-30", "reportedCurrency": "USD", "grossProfit": "919000000", "totalRevenue": "2513000000", "costOfRevenue": "1594000000", "costofGoodsAndServicesSold": "1594000000", "operatingIncome": "449000000", "sellingGeneralAndAdministrative": "486000000", "researchAndDevelopment": "None", "operatingExpenses": "2000000", "investmentIncomeNet": "None", "netInterestIncome": "-51000000", "interestIncome": "-51000000", "interestExpense": "51000000", "nonInterestIncome": "2564000000", "otherNonOperatingIncome": "8000000", "depreciation": "65000000", "depreciationAndAmortization": "100000000", "incomeBeforeTax": "406000000", "incomeTaxExpense": "87000000", "interestAndDebtExpense": "51000000", "netIncomeFromContinuingOperations": "319000000", "comprehensiveIncomeNetOfTax": "393000000", "ebit": "449000000", "ebitda": "557000000", "netIncome": "319000000"}, {"fiscalDateEnding": "2020-03-31", "reportedCurrency": "USD", "grossProfit": "1306000000", "totalRevenue": "3177000000", "costOfRevenue": "1871000000", "costofGoodsAndServicesSold": "1871000000", "operatingIncome": "761000000", "sellingGeneralAndAdministrative": "560000000", "researchAndDevelopment": "None", "operatingExpenses": "2000000", "investmentIncomeNet": "None", "netInterestIncome": "-51000000", "interestIncome": "-51000000", "interestExpense": "51000000", "nonInterestIncome": "3228000000", "otherNonOperatingIncome": "25000000", "depreciation": "68000000", "depreciationAndAmortization": "104000000", "incomeBeforeTax": "735000000", "incomeTaxExpense": "169000000", "interestAndDebtExpense": "51000000", "netIncomeFromContinuingOperations": "566000000", "comprehensiveIncomeNetOfTax": "288000000", "ebit": "761000000", "ebitda": "890000000", "netIncome": "566000000"}, {"fiscalDateEnding": "2019-12-31", "reportedCurrency": "USD", "grossProfit": "1447000000", "totalRevenue": "3469000000", "costOfRevenue": "2022000000", "costofGoodsAndServicesSold": "2022000000", "operatingIncome": "824000000", "sellingGeneralAndAdministrative": "586000000", "researchAndDevelopment": "None", "operatingExpenses": "312000000", "investmentIncomeNet": "None", "netInterestIncome": "-51000000", "interestIncome": "-51000000", "interestExpense": "51000000", "nonInterestIncome": "3469000000", "otherNonOperatingIncome": "-44000000", "depreciation": "68000000", "depreciationAndAmortization": "105000000", "incomeBeforeTax": "831000000", "incomeTaxExpense": "190000000", "interestAndDebtExpense": "51000000", "netIncomeFromContinuingOperations": "824000000", "comprehensiveIncomeNetOfTax": "641000000", "ebit": "824000000", "ebitda": "987000000", "netIncome": "641000000"}, {"fiscalDateEnding": "2019-09-30", "reportedCurrency": "USD", "grossProfit": "1420000000", "totalRevenue": "3427000000", "costOfRevenue": "2007000000", "costofGoodsAndServicesSold": "2007000000", "operatingIncome": "868000000", "sellingGeneralAndAdministrative": "566000000", "researchAndDevelopment": "None", "operatingExpenses": "-9000000", "investmentIncomeNet": "None", "netInterestIncome": "-52000000", "interestIncome": "-52000000", "interestExpense": "52000000", "nonInterestIncome": "3479000000", "otherNonOperatingIncome": "26000000", "depreciation": "66000000", "depreciationAndAmortization": "104000000", "incomeBeforeTax": "842000000", "incomeTaxExpense": "182000000", "interestAndDebtExpense": "52000000", "netIncomeFromContinuingOperations": "660000000", "comprehensiveIncomeNetOfTax": "559000000", "ebit": "868000000", "ebitda": "998000000", "netIncome": "660000000"}, {"fiscalDateEnding": "2019-06-30", "reportedCurrency": "USD", "grossProfit": "1455000000", "totalRevenue": "3554000000", "costOfRevenue": "2099000000", "costofGoodsAndServicesSold": "2099000000", "operatingIncome": "871000000", "sellingGeneralAndAdministrative": "598000000", "researchAndDevelopment": "None", "operatingExpenses": "2000000", "investmentIncomeNet": "None", "netInterestIncome": "-55000000", "interestIncome": "-55000000", "interestExpense": "55000000", "nonInterestIncome": "3609000000", "otherNonOperatingIncome": "9000000", "depreciation": "66000000", "depreciationAndAmortization": "107000000", "incomeBeforeTax": "825000000", "incomeTaxExpense": "202000000", "interestAndDebtExpense": "55000000", "netIncomeFromContinuingOperations": "623000000", "comprehensiveIncomeNetOfTax": "568000000", "ebit": "871000000", "ebitda": "987000000", "netIncome": "623000000"}, {"fiscalDateEnding": "2019-03-31", "reportedCurrency": "USD", "grossProfit": "1430000000", "totalRevenue": "3489000000", "costOfRevenue": "2059000000", "costofGoodsAndServicesSold": "2059000000", "operatingIncome": "839000000", "sellingGeneralAndAdministrative": "611000000", "researchAndDevelopment": "None", "operatingExpenses": "2000000", "investmentIncomeNet": "None", "netInterestIncome": "-63000000", "interestIncome": "-63000000", "interestExpense": "63000000", "nonInterestIncome": "3552000000", "otherNonOperatingIncome": "14000000", "depreciation": "67000000", "depreciationAndAmortization": "110000000", "incomeBeforeTax": "790000000", "incomeTaxExpense": "193000000", "interestAndDebtExpense": "63000000", "netIncomeFromContinuingOperations": "597000000", "comprehensiveIncomeNetOfTax": "632000000", "ebit": "839000000", "ebitda": "963000000", "netIncome": "597000000"}, {"fiscalDateEnding": "2018-12-31", "reportedCurrency": "USD", "grossProfit": "1484000000", "totalRevenue": "3580000000", "costOfRevenue": "2096000000", "costofGoodsAndServicesSold": "2096000000", "operatingIncome": "860000000", "sellingGeneralAndAdministrative": "578000000", "researchAndDevelopment": "233000000", "operatingExpenses": "443000000", "investmentIncomeNet": "None", "netInterestIncome": "-63000000", "interestIncome": "None", "interestExpense": "63000000", "nonInterestIncome": "3580000000", "otherNonOperatingIncome": "-42000000", "depreciation": "69000000", "depreciationAndAmortization": "115000000", "incomeBeforeTax": "816000000", "incomeTaxExpense": "209000000", "interestAndDebtExpense": "63000000", "netIncomeFromContinuingOperations": "860000000", "comprehensiveIncomeNetOfTax": "607000000", "ebit": "860000000", "ebitda": "994000000", "netIncome": "607000000"}, {"fiscalDateEnding": "2018-09-30", "reportedCurrency": "USD", "grossProfit": "1517000000", "totalRevenue": "3613000000", "costOfRevenue": "2096000000", "costofGoodsAndServicesSold": "2096000000", "operatingIncome": "889000000", "sellingGeneralAndAdministrative": "581000000", "researchAndDevelopment": "None", "operatingExpenses": "1000000", "investmentIncomeNet": "None", "netInterestIncome": "-64000000", "interestIncome": "None", "interestExpense": "64000000", "nonInterestIncome": "3613000000", "otherNonOperatingIncome": "10000000", "depreciation": "68000000", "depreciationAndAmortization": "115000000", "incomeBeforeTax": "835000000", "incomeTaxExpense": "197000000", "interestAndDebtExpense": "64000000", "netIncomeFromContinuingOperations": "638000000", "comprehensiveIncomeNetOfTax": "579000000", "ebit": "889000000", "ebitda": "1014000000", "netIncome": "638000000"}, {"fiscalDateEnding": "2018-06-30", "reportedCurrency": "USD", "grossProfit": "1600000000", "totalRevenue": "3831000000", "costOfRevenue": "2231000000", "costofGoodsAndServicesSold": "2231000000", "operatingIncome": "932000000", "sellingGeneralAndAdministrative": "620000000", "researchAndDevelopment": "None", "operatingExpenses": "1000000", "investmentIncomeNet": "None", "netInterestIncome": "-64000000", "interestIncome": "None", "interestExpense": "64000000", "nonInterestIncome": "3831000000", "otherNonOperatingIncome": "26000000", "depreciation": "68000000", "depreciationAndAmortization": "116000000", "incomeBeforeTax": "894000000", "incomeTaxExpense": "228000000", "interestAndDebtExpense": "64000000", "netIncomeFromContinuingOperations": "666000000", "comprehensiveIncomeNetOfTax": "376000000", "ebit": "932000000", "ebitda": "1074000000", "netIncome": "666000000"}, {"fiscalDateEnding": "2018-03-31", "reportedCurrency": "USD", "grossProfit": "1498000000", "totalRevenue": "3744000000", "costOfRevenue": "2181000000", "costofGoodsAndServicesSold": "2181000000", "operatingIncome": "903000000", "sellingGeneralAndAdministrative": "612000000", "researchAndDevelopment": "612000000", "operatingExpenses": "0", "investmentIncomeNet": "None", "netInterestIncome": "-66000000", "interestIncome": "None", "interestExpense": "66000000", "nonInterestIncome": "1000000", "otherNonOperatingIncome": "12000000", "depreciation": "67000000", "depreciationAndAmortization": "67000000", "incomeBeforeTax": "849000000", "incomeTaxExpense": "197000000", "interestAndDebtExpense": "66000000", "netIncomeFromContinuingOperations": "652000000", "comprehensiveIncomeNetOfTax": "744000000", "ebit": "903000000", "ebitda": "970000000", "netIncome": "652000000"}, {"fiscalDateEnding": "2017-12-31", "reportedCurrency": "USD", "grossProfit": "1505000000", "totalRevenue": "3629000000", "costOfRevenue": "2124000000", "costofGoodsAndServicesSold": "2124000000", "operatingIncome": "846000000", "sellingGeneralAndAdministrative": "605000000", "researchAndDevelopment": "225000000", "operatingExpenses": "433000000", "investmentIncomeNet": "None", "netInterestIncome": "-66000000", "interestIncome": "None", "interestExpense": "66000000", "nonInterestIncome": "-24000000", "otherNonOperatingIncome": "-25000000", "depreciation": "68000000", "depreciationAndAmortization": "118000000", "incomeBeforeTax": "796000000", "incomeTaxExpense": "872000000", "interestAndDebtExpense": "66000000", "netIncomeFromContinuingOperations": "850000000", "comprehensiveIncomeNetOfTax": "-76000000", "ebit": "846000000", "ebitda": "980000000", "netIncome": "-76000000"}, {"fiscalDateEnding": "2017-09-30", "reportedCurrency": "USD", "grossProfit": "1456000000", "totalRevenue": "3615000000", "costOfRevenue": "2094000000", "costofGoodsAndServicesSold": "2092000000", "operatingIncome": "960000000", "sellingGeneralAndAdministrative": "589000000", "researchAndDevelopment": "None", "operatingExpenses": "-80000000", "investmentIncomeNet": "None", "netInterestIncome": "-65000000", "interestIncome": "None", "interestExpense": "65000000", "nonInterestIncome": "1000000", "otherNonOperatingIncome": "10000000", "depreciation": "65000000", "depreciationAndAmortization": "116000000", "incomeBeforeTax": "906000000", "incomeTaxExpense": "266000000", "interestAndDebtExpense": "65000000", "netIncomeFromContinuingOperations": "640000000", "comprehensiveIncomeNetOfTax": "749000000", "ebit": "960000000", "ebitda": "1087000000", "netIncome": "640000000"}, {"fiscalDateEnding": "2017-06-30", "reportedCurrency": "USD", "grossProfit": "1447000000", "totalRevenue": "3599000000", "costOfRevenue": "2087000000", "costofGoodsAndServicesSold": "2087000000", "operatingIncome": "872000000", "sellingGeneralAndAdministrative": "586000000", "researchAndDevelopment": "None", "operatingExpenses": "-15000000", "investmentIncomeNet": "None", "netInterestIncome": "-65000000", "interestIncome": "None", "interestExpense": "65000000", "nonInterestIncome": "-1000000", "otherNonOperatingIncome": "10000000", "depreciation": "62000000", "depreciationAndAmortization": "114000000", "incomeBeforeTax": "819000000", "incomeTaxExpense": "232000000", "interestAndDebtExpense": "65000000", "netIncomeFromContinuingOperations": "587000000", "comprehensiveIncomeNetOfTax": "714000000", "ebit": "872000000", "ebitda": "998000000", "netIncome": "587000000"}, {"fiscalDateEnding": "2017-03-31", "reportedCurrency": "USD", "grossProfit": "1403000000", "totalRevenue": "3471000000", "costOfRevenue": "2004000000", "costofGoodsAndServicesSold": "2003000000", "operatingIncome": "807000000", "sellingGeneralAndAdministrative": "605000000", "researchAndDevelopment": "None", "operatingExpenses": "1000000", "investmentIncomeNet": "None", "netInterestIncome": "-64000000", "interestIncome": "None", "interestExpense": "64000000", "nonInterestIncome": "0", "otherNonOperatingIncome": "4000000", "depreciation": "61000000", "depreciationAndAmortization": "114000000", "incomeBeforeTax": "749000000", "incomeTaxExpense": "213000000", "interestAndDebtExpense": "64000000", "netIncomeFromContinuingOperations": "536000000", "comprehensiveIncomeNetOfTax": "700000000", "ebit": "807000000", "ebitda": "927000000", "netIncome": "536000000"}, {"fiscalDateEnding": "2016-12-31", "reportedCurrency": "USD", "grossProfit": "1393000000", "totalRevenue": "3575000000", "costOfRevenue": "2006000000", "costofGoodsAndServicesSold": "2006000000", "operatingIncome": "742000000", "sellingGeneralAndAdministrative": "597000000", "researchAndDevelopment": "223000000", "operatingExpenses": "517000000", "investmentIncomeNet": "None", "netInterestIncome": "-63000000", "interestIncome": "None", "interestExpense": "63000000", "nonInterestIncome": "10000000", "otherNonOperatingIncome": "-36000000", "depreciation": "64000000", "depreciationAndAmortization": "118000000", "incomeBeforeTax": "726000000", "incomeTaxExpense": "219000000", "interestAndDebtExpense": "63000000", "netIncomeFromContinuingOperations": "742000000", "comprehensiveIncomeNetOfTax": "507000000", "ebit": "742000000", "ebitda": "907000000", "netIncome": "507000000"}]}