{"symbol": "IVZ", "annualReports": [{"fiscalDateEnding": "2020-12-31", "reportedCurrency": "USD", "grossProfit": "3303800000", "totalRevenue": "6016100000", "costOfRevenue": "2712300000", "costofGoodsAndServicesSold": "1807900000", "operatingIncome": "920400000", "sellingGeneralAndAdministrative": "564100000", "researchAndDevelopment": "None", "operatingExpenses": "5225200000", "investmentIncomeNet": "20500000", "netInterestIncome": "-129300000", "interestIncome": "20500000", "interestExpense": "129300000", "nonInterestIncome": "6143300000", "otherNonOperatingIncome": "44900000", "depreciation": "141000000", "depreciationAndAmortization": "203500000", "incomeBeforeTax": "786400000", "incomeTaxExpense": "261600000", "interestAndDebtExpense": "129300000", "netIncomeFromContinuingOperations": "807500000", "comprehensiveIncomeNetOfTax": "944400000", "ebit": "915700000", "ebitda": "1119200000", "netIncome": "524800000"}, {"fiscalDateEnding": "2019-12-31", "reportedCurrency": "USD", "grossProfit": "3646200000", "totalRevenue": "5973000000", "costOfRevenue": "2326800000", "costofGoodsAndServicesSold": "1709300000", "operatingIncome": "808200000", "sellingGeneralAndAdministrative": "439900000", "researchAndDevelopment": "None", "operatingExpenses": "5309200000", "investmentIncomeNet": "28500000", "netInterestIncome": "-135700000", "interestIncome": "28500000", "interestExpense": "135700000", "nonInterestIncome": "6108100000", "otherNonOperatingIncome": "65700000", "depreciation": "124900000", "depreciationAndAmortization": "177600000", "incomeBeforeTax": "799800000", "incomeTaxExpense": "235100000", "interestAndDebtExpense": "135700000", "netIncomeFromContinuingOperations": "737800000", "comprehensiveIncomeNetOfTax": "712400000", "ebit": "935500000", "ebitda": "1113100000", "netIncome": "564700000"}, {"fiscalDateEnding": "2018-12-31", "reportedCurrency": "USD", "grossProfit": "3318000000", "totalRevenue": "5314100000", "costOfRevenue": "1996100000", "costofGoodsAndServicesSold": "1494400000", "operatingIncome": "1204900000", "sellingGeneralAndAdministrative": "359600000", "researchAndDevelopment": "None", "operatingExpenses": "4109200000", "investmentIncomeNet": "21300000", "netInterestIncome": "-111500000", "interestIncome": "21300000", "interestExpense": "111500000", "nonInterestIncome": "5311100000", "otherNonOperatingIncome": "-40000000", "depreciation": "112400000", "depreciationAndAmortization": "142100000", "incomeBeforeTax": "1137800000", "incomeTaxExpense": "255000000", "interestAndDebtExpense": "111500000", "netIncomeFromContinuingOperations": "883100000", "comprehensiveIncomeNetOfTax": "542200000", "ebit": "1249300000", "ebitda": "1391400000", "netIncome": "882800000"}, {"fiscalDateEnding": "2017-12-31", "reportedCurrency": "USD", "grossProfit": "4459100000", "totalRevenue": "5160300000", "costOfRevenue": "701200000", "costofGoodsAndServicesSold": "37200000", "operatingIncome": "1279100000", "sellingGeneralAndAdministrative": "489200000", "researchAndDevelopment": "None", "operatingExpenses": "3881200000", "investmentIncomeNet": "13400000", "netInterestIncome": "-94800000", "interestIncome": "13400000", "interestExpense": "94800000", "nonInterestIncome": "5109900000", "otherNonOperatingIncome": "49500000", "depreciation": "99400000", "depreciationAndAmortization": "116800000", "incomeBeforeTax": "1395500000", "incomeTaxExpense": "268200000", "interestAndDebtExpense": "94800000", "netIncomeFromContinuingOperations": "1127300000", "comprehensiveIncomeNetOfTax": "1545400000", "ebit": "1490300000", "ebitda": "1607100000", "netIncome": "1127300000"}, {"fiscalDateEnding": "2016-12-31", "reportedCurrency": "USD", "grossProfit": "4104300000", "totalRevenue": "4734400000", "costOfRevenue": "630100000", "costofGoodsAndServicesSold": "32700000", "operatingIncome": "1152400000", "sellingGeneralAndAdministrative": "446300000", "researchAndDevelopment": "None", "operatingExpenses": "3582000000", "investmentIncomeNet": "12200000", "netInterestIncome": "-93400000", "interestIncome": "12200000", "interestExpense": "93400000", "nonInterestIncome": "4645900000", "otherNonOperatingIncome": "46900000", "depreciation": "87300000", "depreciationAndAmortization": "101200000", "incomeBeforeTax": "1192500000", "incomeTaxExpense": "338300000", "interestAndDebtExpense": "93400000", "netIncomeFromContinuingOperations": "854200000", "comprehensiveIncomeNetOfTax": "490900000", "ebit": "1285900000", "ebitda": "1387100000", "netIncome": "854200000"}], "quarterlyReports": [{"fiscalDateEnding": "2021-09-30", "reportedCurrency": "USD", "grossProfit": "1097700000", "totalRevenue": "1726900000", "costOfRevenue": "629200000", "costofGoodsAndServicesSold": "476700000", "operatingIncome": "463800000", "sellingGeneralAndAdministrative": "125300000", "researchAndDevelopment": "None", "operatingExpenses": "1286200000", "investmentIncomeNet": "1900000", "netInterestIncome": "-23100000", "interestIncome": "1900000", "interestExpense": "23100000", "nonInterestIncome": "1750000000", "otherNonOperatingIncome": "-12100000", "depreciation": "None", "depreciationAndAmortization": "15600000", "incomeBeforeTax": "469800000", "incomeTaxExpense": "139700000", "interestAndDebtExpense": "23100000", "netIncomeFromContinuingOperations": "545600000", "comprehensiveIncomeNetOfTax": "222600000", "ebit": "492900000", "ebitda": "508500000", "netIncome": "330100000"}, {"fiscalDateEnding": "2021-06-30", "reportedCurrency": "USD", "grossProfit": "1050100000", "totalRevenue": "1696800000", "costOfRevenue": "646700000", "costofGoodsAndServicesSold": "487000000", "operatingIncome": "470900000", "sellingGeneralAndAdministrative": "127800000", "researchAndDevelopment": "None", "operatingExpenses": "1250500000", "investmentIncomeNet": "400000", "netInterestIncome": "-24600000", "interestIncome": "400000", "interestExpense": "24600000", "nonInterestIncome": "1721400000", "otherNonOperatingIncome": "43400000", "depreciation": "None", "depreciationAndAmortization": "16000000", "incomeBeforeTax": "522500000", "incomeTaxExpense": "154200000", "interestAndDebtExpense": "24600000", "netIncomeFromContinuingOperations": "495100000", "comprehensiveIncomeNetOfTax": "406200000", "ebit": "547100000", "ebitda": "563100000", "netIncome": "368300000"}, {"fiscalDateEnding": "2021-03-31", "reportedCurrency": "USD", "grossProfit": "994500000", "totalRevenue": "1635900000", "costOfRevenue": "641400000", "costofGoodsAndServicesSold": "489200000", "operatingIncome": "344300000", "sellingGeneralAndAdministrative": "112400000", "researchAndDevelopment": "None", "operatingExpenses": "1315400000", "investmentIncomeNet": "1300000", "netInterestIncome": "-23800000", "interestIncome": "1300000", "interestExpense": "23800000", "nonInterestIncome": "1659700000", "otherNonOperatingIncome": "34100000", "depreciation": "None", "depreciationAndAmortization": "15900000", "incomeBeforeTax": "374300000", "incomeTaxExpense": "106500000", "interestAndDebtExpense": "23800000", "netIncomeFromContinuingOperations": "371600000", "comprehensiveIncomeNetOfTax": "264600000", "ebit": "398100000", "ebitda": "414000000", "netIncome": "267800000"}, {"fiscalDateEnding": "2020-12-31", "reportedCurrency": "USD", "grossProfit": "-84000000", "totalRevenue": "1604000000", "costOfRevenue": "84000000", "costofGoodsAndServicesSold": "486900000", "operatingIncome": "217800000", "sellingGeneralAndAdministrative": "116500000", "researchAndDevelopment": "None", "operatingExpenses": "1412300000", "investmentIncomeNet": "9100000", "netInterestIncome": "-24400000", "interestIncome": "9100000", "interestExpense": "24400000", "nonInterestIncome": "1627800000", "otherNonOperatingIncome": "59900000", "depreciation": "None", "depreciationAndAmortization": "156700000", "incomeBeforeTax": "280000000", "incomeTaxExpense": "68900000", "interestAndDebtExpense": "24400000", "netIncomeFromContinuingOperations": "-168000000", "comprehensiveIncomeNetOfTax": "-168000000", "ebit": "304400000", "ebitda": "461100000", "netIncome": "211100000"}, {"fiscalDateEnding": "2020-09-30", "reportedCurrency": "USD", "grossProfit": "914500000", "totalRevenue": "1464300000", "costOfRevenue": "549800000", "costofGoodsAndServicesSold": "444500000", "operatingIncome": "268500000", "sellingGeneralAndAdministrative": "105300000", "researchAndDevelopment": "None", "operatingExpenses": "1229100000", "investmentIncomeNet": "2600000", "netInterestIncome": "-33800000", "interestIncome": "-12600000", "interestExpense": "33800000", "nonInterestIncome": "1497600000", "otherNonOperatingIncome": "31500000", "depreciation": "None", "depreciationAndAmortization": "15700000", "incomeBeforeTax": "283600000", "incomeTaxExpense": "91900000", "interestAndDebtExpense": "33800000", "netIncomeFromContinuingOperations": "294700000", "comprehensiveIncomeNetOfTax": "359800000", "ebit": "317400000", "ebitda": "333100000", "netIncome": "191700000"}, {"fiscalDateEnding": "2020-06-30", "reportedCurrency": "USD", "grossProfit": "727100000", "totalRevenue": "1385000000", "costOfRevenue": "657900000", "costofGoodsAndServicesSold": "454600000", "operatingIncome": "117100000", "sellingGeneralAndAdministrative": "203300000", "researchAndDevelopment": "None", "operatingExpenses": "1301900000", "investmentIncomeNet": "2400000", "netInterestIncome": "-34800000", "interestIncome": "2400000", "interestExpense": "34800000", "nonInterestIncome": "1419000000", "otherNonOperatingIncome": "60000000", "depreciation": "None", "depreciationAndAmortization": "15200000", "incomeBeforeTax": "83900000", "incomeTaxExpense": "43400000", "interestAndDebtExpense": "34800000", "netIncomeFromContinuingOperations": "62000000", "comprehensiveIncomeNetOfTax": "130000000", "ebit": "118700000", "ebitda": "133900000", "netIncome": "40500000"}, {"fiscalDateEnding": "2020-03-31", "reportedCurrency": "USD", "grossProfit": "986000000", "totalRevenue": "1562800000", "costOfRevenue": "576800000", "costofGoodsAndServicesSold": "421900000", "operatingIncome": "317000000", "sellingGeneralAndAdministrative": "139000000", "researchAndDevelopment": "None", "operatingExpenses": "1281900000", "investmentIncomeNet": "6400000", "netInterestIncome": "-36300000", "interestIncome": "6400000", "interestExpense": "36300000", "nonInterestIncome": "1598900000", "otherNonOperatingIncome": "-106500000", "depreciation": "None", "depreciationAndAmortization": "15900000", "incomeBeforeTax": "138900000", "incomeTaxExpense": "57400000", "interestAndDebtExpense": "36300000", "netIncomeFromContinuingOperations": "120000000", "comprehensiveIncomeNetOfTax": "-236700000", "ebit": "175200000", "ebitda": "191100000", "netIncome": "81500000"}, {"fiscalDateEnding": "2019-12-31", "reportedCurrency": "USD", "grossProfit": "998600000", "totalRevenue": "1699100000", "costOfRevenue": "700500000", "costofGoodsAndServicesSold": "460100000", "operatingIncome": "314600000", "sellingGeneralAndAdministrative": "62800000", "researchAndDevelopment": "None", "operatingExpenses": "1428200000", "investmentIncomeNet": "14000000", "netInterestIncome": "-34600000", "interestIncome": "14000000", "interestExpense": "34600000", "nonInterestIncome": "1733500000", "otherNonOperatingIncome": "-3300000", "depreciation": "None", "depreciationAndAmortization": "52500000", "incomeBeforeTax": "260200000", "incomeTaxExpense": "80400000", "interestAndDebtExpense": "34600000", "netIncomeFromContinuingOperations": "242600000", "comprehensiveIncomeNetOfTax": "396800000", "ebit": "294800000", "ebitda": "406500000", "netIncome": "179800000"}, {"fiscalDateEnding": "2019-09-30", "reportedCurrency": "USD", "grossProfit": "1102100000", "totalRevenue": "1685800000", "costOfRevenue": "583700000", "costofGoodsAndServicesSold": "446000000", "operatingIncome": "275100000", "sellingGeneralAndAdministrative": "137700000", "researchAndDevelopment": "None", "operatingExpenses": "1445500000", "investmentIncomeNet": "5900000", "netInterestIncome": "-35000000", "interestIncome": "5900000", "interestExpense": "35000000", "nonInterestIncome": "1720600000", "otherNonOperatingIncome": "13800000", "depreciation": "None", "depreciationAndAmortization": "48500000", "incomeBeforeTax": "241100000", "incomeTaxExpense": "74000000", "interestAndDebtExpense": "35000000", "netIncomeFromContinuingOperations": "242600000", "comprehensiveIncomeNetOfTax": "34200000", "ebit": "276100000", "ebitda": "389000000", "netIncome": "167100000"}, {"fiscalDateEnding": "2019-06-30", "reportedCurrency": "USD", "grossProfit": "857000000", "totalRevenue": "1406500000", "costOfRevenue": "549500000", "costofGoodsAndServicesSold": "421900000", "operatingIncome": "18300000", "sellingGeneralAndAdministrative": "127600000", "researchAndDevelopment": "None", "operatingExpenses": "1421100000", "investmentIncomeNet": "3900000", "netInterestIncome": "-33000000", "interestIncome": "3900000", "interestExpense": "33000000", "nonInterestIncome": "1439400000", "otherNonOperatingIncome": "24100000", "depreciation": "None", "depreciationAndAmortization": "40300000", "incomeBeforeTax": "54600000", "incomeTaxExpense": "14500000", "interestAndDebtExpense": "33000000", "netIncomeFromContinuingOperations": "62000000", "comprehensiveIncomeNetOfTax": "42300000", "ebit": "87600000", "ebitda": "127900000", "netIncome": "40100000"}, {"fiscalDateEnding": "2019-03-31", "reportedCurrency": "USD", "grossProfit": "688400000", "totalRevenue": "1181500000", "costOfRevenue": "493100000", "costofGoodsAndServicesSold": "381300000", "operatingIncome": "200200000", "sellingGeneralAndAdministrative": "111800000", "researchAndDevelopment": "None", "operatingExpenses": "1014400000", "investmentIncomeNet": "4700000", "netInterestIncome": "-33100000", "interestIncome": "-11300000", "interestExpense": "33100000", "nonInterestIncome": "1214600000", "otherNonOperatingIncome": "31100000", "depreciation": "None", "depreciationAndAmortization": "36300000", "incomeBeforeTax": "243900000", "incomeTaxExpense": "66200000", "interestAndDebtExpense": "33100000", "netIncomeFromContinuingOperations": "190600000", "comprehensiveIncomeNetOfTax": "239100000", "ebit": "277000000", "ebitda": "313300000", "netIncome": "177700000"}, {"fiscalDateEnding": "2018-12-31", "reportedCurrency": "USD", "grossProfit": "798800000", "totalRevenue": "1255900000", "costOfRevenue": "457100000", "costofGoodsAndServicesSold": "337400000", "operatingIncome": "230400000", "sellingGeneralAndAdministrative": "-22400000", "researchAndDevelopment": "None", "operatingExpenses": "1025500000", "investmentIncomeNet": "10300000", "netInterestIncome": "-29200000", "interestIncome": "None", "interestExpense": "29200000", "nonInterestIncome": "1252900000", "otherNonOperatingIncome": "-41900000", "depreciation": "None", "depreciationAndAmortization": "36500000", "incomeBeforeTax": "167400000", "incomeTaxExpense": "53200000", "interestAndDebtExpense": "29200000", "netIncomeFromContinuingOperations": "-308800000", "comprehensiveIncomeNetOfTax": "-35000000", "ebit": "196600000", "ebitda": "233100000", "netIncome": "114200000"}, {"fiscalDateEnding": "2018-09-30", "reportedCurrency": "USD", "grossProfit": "834900000", "totalRevenue": "1341800000", "costOfRevenue": "506900000", "costofGoodsAndServicesSold": "385500000", "operatingIncome": "322100000", "sellingGeneralAndAdministrative": "121400000", "researchAndDevelopment": "None", "operatingExpenses": "1019700000", "investmentIncomeNet": "4000000", "netInterestIncome": "-29600000", "interestIncome": "None", "interestExpense": "29600000", "nonInterestIncome": "1341800000", "otherNonOperatingIncome": "5900000", "depreciation": "None", "depreciationAndAmortization": "39600000", "incomeBeforeTax": "330700000", "incomeTaxExpense": "61100000", "interestAndDebtExpense": "29600000", "netIncomeFromContinuingOperations": "403400000", "comprehensiveIncomeNetOfTax": "247500000", "ebit": "360300000", "ebitda": "399900000", "netIncome": "269600000"}, {"fiscalDateEnding": "2018-06-30", "reportedCurrency": "USD", "grossProfit": "841900000", "totalRevenue": "1360600000", "costOfRevenue": "518700000", "costofGoodsAndServicesSold": "381100000", "operatingIncome": "331300000", "sellingGeneralAndAdministrative": "137600000", "researchAndDevelopment": "None", "operatingExpenses": "1029300000", "investmentIncomeNet": "2800000", "netInterestIncome": "-29500000", "interestIncome": "None", "interestExpense": "29500000", "nonInterestIncome": "1360600000", "otherNonOperatingIncome": "1400000", "depreciation": "None", "depreciationAndAmortization": "32400000", "incomeBeforeTax": "317400000", "incomeTaxExpense": "72300000", "interestAndDebtExpense": "29500000", "netIncomeFromContinuingOperations": "386500000", "comprehensiveIncomeNetOfTax": "12800000", "ebit": "346900000", "ebitda": "379300000", "netIncome": "245100000"}, {"fiscalDateEnding": "2018-03-31", "reportedCurrency": "USD", "grossProfit": "1232800000", "totalRevenue": "1355800000", "costOfRevenue": "123000000", "costofGoodsAndServicesSold": "390400000", "operatingIncome": "321100000", "sellingGeneralAndAdministrative": "123000000", "researchAndDevelopment": "None", "operatingExpenses": "1034700000", "investmentIncomeNet": "4200000", "netInterestIncome": "-23200000", "interestIncome": "None", "interestExpense": "23200000", "nonInterestIncome": "1298900000", "otherNonOperatingIncome": "-5400000", "depreciation": "None", "depreciationAndAmortization": "33600000", "incomeBeforeTax": "322300000", "incomeTaxExpense": "68400000", "interestAndDebtExpense": "23200000", "netIncomeFromContinuingOperations": "265200000", "comprehensiveIncomeNetOfTax": "316900000", "ebit": "345500000", "ebitda": "379100000", "netIncome": "253900000"}, {"fiscalDateEnding": "2017-12-31", "reportedCurrency": "USD", "grossProfit": "1056900000", "totalRevenue": "1375600000", "costOfRevenue": "318700000", "costofGoodsAndServicesSold": "381900000", "operatingIncome": "342600000", "sellingGeneralAndAdministrative": "155700000", "researchAndDevelopment": "None", "operatingExpenses": "1033000000", "investmentIncomeNet": "6400000", "netInterestIncome": "-23600000", "interestIncome": "None", "interestExpense": "23600000", "nonInterestIncome": "1376400000", "otherNonOperatingIncome": "25600000", "depreciation": "None", "depreciationAndAmortization": "34600000", "incomeBeforeTax": "967800000", "incomeTaxExpense": "559600000", "interestAndDebtExpense": "23600000", "netIncomeFromContinuingOperations": "-193900000", "comprehensiveIncomeNetOfTax": "465500000", "ebit": "991400000", "ebitda": "443200000", "netIncome": "408200000"}, {"fiscalDateEnding": "2017-09-30", "reportedCurrency": "USD", "grossProfit": "1209300000", "totalRevenue": "1337700000", "costOfRevenue": "128400000", "costofGoodsAndServicesSold": "393100000", "operatingIncome": "360300000", "sellingGeneralAndAdministrative": "116100000", "researchAndDevelopment": "None", "operatingExpenses": "977400000", "investmentIncomeNet": "2500000", "netInterestIncome": "-23600000", "interestIncome": "None", "interestExpense": "23600000", "nonInterestIncome": "1322200000", "otherNonOperatingIncome": "13900000", "depreciation": "None", "depreciationAndAmortization": "29700000", "incomeBeforeTax": "144400000", "incomeTaxExpense": "-123100000", "interestAndDebtExpense": "23600000", "netIncomeFromContinuingOperations": "274600000", "comprehensiveIncomeNetOfTax": "413200000", "ebit": "168000000", "ebitda": "443900000", "netIncome": "267500000"}, {"fiscalDateEnding": "2017-06-30", "reportedCurrency": "USD", "grossProfit": "1127400000", "totalRevenue": "1254400000", "costOfRevenue": "127000000", "costofGoodsAndServicesSold": "365600000", "operatingIncome": "318300000", "sellingGeneralAndAdministrative": "115000000", "researchAndDevelopment": "None", "operatingExpenses": "936100000", "investmentIncomeNet": "1600000", "netInterestIncome": "-23600000", "interestIncome": "None", "interestExpense": "23600000", "nonInterestIncome": "1238400000", "otherNonOperatingIncome": "3100000", "depreciation": "None", "depreciationAndAmortization": "26200000", "incomeBeforeTax": "147000000", "incomeTaxExpense": "-92600000", "interestAndDebtExpense": "23600000", "netIncomeFromContinuingOperations": "249600000", "comprehensiveIncomeNetOfTax": "389100000", "ebit": "170600000", "ebitda": "382000000", "netIncome": "239600000"}, {"fiscalDateEnding": "2017-03-31", "reportedCurrency": "USD", "grossProfit": "1065500000", "totalRevenue": "1192600000", "costOfRevenue": "127100000", "costofGoodsAndServicesSold": "396800000", "operatingIncome": "257900000", "sellingGeneralAndAdministrative": "102400000", "researchAndDevelopment": "None", "operatingExpenses": "934700000", "investmentIncomeNet": "2900000", "netInterestIncome": "-24000000", "interestIncome": "None", "interestExpense": "24000000", "nonInterestIncome": "1172900000", "otherNonOperatingIncome": "6900000", "depreciation": "None", "depreciationAndAmortization": "26300000", "incomeBeforeTax": "287700000", "incomeTaxExpense": "75700000", "interestAndDebtExpense": "24000000", "netIncomeFromContinuingOperations": "214200000", "comprehensiveIncomeNetOfTax": "277600000", "ebit": "311700000", "ebitda": "338000000", "netIncome": "212000000"}, {"fiscalDateEnding": "2016-12-31", "reportedCurrency": "USD", "grossProfit": "884200000", "totalRevenue": "1194700000", "costOfRevenue": "310500000", "costofGoodsAndServicesSold": "339000000", "operatingIncome": "270200000", "sellingGeneralAndAdministrative": "126700000", "researchAndDevelopment": "None", "operatingExpenses": "924500000", "investmentIncomeNet": "3500000", "netInterestIncome": "-23500000", "interestIncome": "None", "interestExpense": "23500000", "nonInterestIncome": "1178400000", "otherNonOperatingIncome": "39600000", "depreciation": "None", "depreciationAndAmortization": "25700000", "incomeBeforeTax": "810200000", "incomeTaxExpense": "583700000", "interestAndDebtExpense": "23500000", "netIncomeFromContinuingOperations": "204000000", "comprehensiveIncomeNetOfTax": "-9100000", "ebit": "833700000", "ebitda": "368600000", "netIncome": "226500000"}]}