{"symbol": "J", "annualReports": [{"fiscalDateEnding": "2021-09-30", "reportedCurrency": "USD", "grossProfit": "3043772000", "totalRevenue": "14240868000", "costOfRevenue": "13648697000", "costofGoodsAndServicesSold": "11048860000", "operatingIncome": "688089000", "sellingGeneralAndAdministrative": "2355683000", "researchAndDevelopment": "None", "operatingExpenses": "2578440000", "investmentIncomeNet": "3503000", "netInterestIncome": "-72714000", "interestIncome": "None", "interestExpense": "72714000", "nonInterestIncome": "14091629000", "otherNonOperatingIncome": "76724000", "depreciation": "None", "depreciationAndAmortization": "101024000", "incomeBeforeTax": "751811000", "incomeTaxExpense": "274781000", "interestAndDebtExpense": "72714000", "netIncomeFromContinuingOperations": "467022000", "comprehensiveIncomeNetOfTax": "615645000", "ebit": "824525000", "ebitda": "925549000", "netIncome": "477030000"}, {"fiscalDateEnding": "2020-09-30", "reportedCurrency": "USD", "grossProfit": "2586668000", "totalRevenue": "13518722000", "costOfRevenue": "13284513000", "costofGoodsAndServicesSold": "10980307000", "operatingIncome": "535973000", "sellingGeneralAndAdministrative": "2050695000", "researchAndDevelopment": "None", "operatingExpenses": "2304769000", "investmentIncomeNet": "4729000", "netInterestIncome": "-62206000", "interestIncome": "-57477000", "interestExpense": "62206000", "nonInterestIncome": "13566209000", "otherNonOperatingIncome": "-37293000", "depreciation": "None", "depreciationAndAmortization": "91070000", "incomeBeforeTax": "547165000", "incomeTaxExpense": "55320000", "interestAndDebtExpense": "62206000", "netIncomeFromContinuingOperations": "353861000", "comprehensiveIncomeNetOfTax": "475600000", "ebit": "609371000", "ebitda": "700441000", "netIncome": "491845000"}, {"fiscalDateEnding": "2019-09-30", "reportedCurrency": "USD", "grossProfit": "2477028000", "totalRevenue": "12737868000", "costOfRevenue": "10260840000", "costofGoodsAndServicesSold": "10260840000", "operatingIncome": "404851000", "sellingGeneralAndAdministrative": "2072177000", "researchAndDevelopment": "None", "operatingExpenses": "2445040000", "investmentIncomeNet": "9487000", "netInterestIncome": "-83847000", "interestIncome": "-74360000", "interestExpense": "83847000", "nonInterestIncome": "12737868000", "otherNonOperatingIncome": "20468000", "depreciation": "None", "depreciationAndAmortization": "90171000", "incomeBeforeTax": "884933000", "incomeTaxExpense": "36954000", "interestAndDebtExpense": "83847000", "netIncomeFromContinuingOperations": "290960000", "comprehensiveIncomeNetOfTax": "737870000", "ebit": "968780000", "ebitda": "1058951000", "netIncome": "847979000"}, {"fiscalDateEnding": "2018-09-30", "reportedCurrency": "USD", "grossProfit": "2158550000", "totalRevenue": "14984646000", "costOfRevenue": "8421223000", "costofGoodsAndServicesSold": "8421223000", "operatingIncome": "387443000", "sellingGeneralAndAdministrative": "1771107000", "researchAndDevelopment": "None", "operatingExpenses": "2506552000", "investmentIncomeNet": "8984000", "netInterestIncome": "-76760000", "interestIncome": "8984000", "interestExpense": "76760000", "nonInterestIncome": "5514000", "otherNonOperatingIncome": "11314000", "depreciation": "None", "depreciationAndAmortization": "117856000", "incomeBeforeTax": "489063000", "incomeTaxExpense": "325632000", "interestAndDebtExpense": "76760000", "netIncomeFromContinuingOperations": "-4185000", "comprehensiveIncomeNetOfTax": "10242000", "ebit": "565823000", "ebitda": "683679000", "netIncome": "163431000"}, {"fiscalDateEnding": "2017-09-30", "reportedCurrency": "USD", "grossProfit": "1260035000", "totalRevenue": "10022788000", "costOfRevenue": "5070091000", "costofGoodsAndServicesSold": "8250536000", "operatingIncome": "244142000", "sellingGeneralAndAdministrative": "1015893000", "researchAndDevelopment": "None", "operatingExpenses": "1569965000", "investmentIncomeNet": "8748000", "netInterestIncome": "-12035000", "interestIncome": "8748000", "interestExpense": "12035000", "nonInterestIncome": "6230000", "otherNonOperatingIncome": "2299000", "depreciation": "None", "depreciationAndAmortization": "76418000", "incomeBeforeTax": "366830000", "incomeTaxExpense": "73103000", "interestAndDebtExpense": "12035000", "netIncomeFromContinuingOperations": "170167000", "comprehensiveIncomeNetOfTax": "250807000", "ebit": "378865000", "ebitda": "455283000", "netIncome": "293727000"}], "quarterlyReports": [{"fiscalDateEnding": "2021-09-30", "reportedCurrency": "USD", "grossProfit": "827765000", "totalRevenue": "3586487000", "costOfRevenue": "2758723000", "costofGoodsAndServicesSold": "2758723000", "operatingIncome": "251517000", "sellingGeneralAndAdministrative": "576248000", "researchAndDevelopment": "None", "operatingExpenses": "-3716578880", "investmentIncomeNet": "None", "netInterestIncome": "None", "interestIncome": "None", "interestExpense": "19926000", "nonInterestIncome": "None", "otherNonOperatingIncome": "-61981000", "depreciation": "None", "depreciationAndAmortization": "26540000", "incomeBeforeTax": "-358871000", "incomeTaxExpense": "-276172000", "interestAndDebtExpense": "None", "netIncomeFromContinuingOperations": "44827000", "comprehensiveIncomeNetOfTax": "119114000", "ebit": "251517000", "ebitda": "278057000", "netIncome": "43145000"}, {"fiscalDateEnding": "2021-06-30", "reportedCurrency": "USD", "grossProfit": "816935000", "totalRevenue": "3558918000", "costOfRevenue": "3326458000", "costofGoodsAndServicesSold": "2759501000", "operatingIncome": "263746000", "sellingGeneralAndAdministrative": "553189000", "researchAndDevelopment": "None", "operatingExpenses": "566957000", "investmentIncomeNet": "1001000", "netInterestIncome": "-20011000", "interestIncome": "1001000", "interestExpense": "20011000", "nonInterestIncome": "3576436000", "otherNonOperatingIncome": "38658000", "depreciation": "None", "depreciationAndAmortization": "26405000", "incomeBeforeTax": "274980000", "incomeTaxExpense": "109186000", "interestAndDebtExpense": "20011000", "netIncomeFromContinuingOperations": "165410000", "comprehensiveIncomeNetOfTax": "164022000", "ebit": "263746000", "ebitda": "321396000", "netIncome": "165794000"}, {"fiscalDateEnding": "2021-03-31", "reportedCurrency": "USD", "grossProfit": "767013000", "totalRevenue": "3535941000", "costOfRevenue": "3619332000", "costofGoodsAndServicesSold": "2780860000", "operatingIncome": "-41112000", "sellingGeneralAndAdministrative": "808125000", "researchAndDevelopment": "None", "operatingExpenses": "838472000", "investmentIncomeNet": "608000", "netInterestIncome": "-15464000", "interestIncome": "608000", "interestExpense": "15464000", "nonInterestIncome": "3547873000", "otherNonOperatingIncome": "-56313000", "depreciation": "None", "depreciationAndAmortization": "25090000", "incomeBeforeTax": "-9727000", "incomeTaxExpense": "-20772000", "interestAndDebtExpense": "15464000", "netIncomeFromContinuingOperations": "-275000", "comprehensiveIncomeNetOfTax": "19945000", "ebit": "-41112000", "ebitda": "30827000", "netIncome": "11045000"}, {"fiscalDateEnding": "2020-12-31", "reportedCurrency": "USD", "grossProfit": "632060000", "totalRevenue": "3381836000", "costOfRevenue": "2749776000", "costofGoodsAndServicesSold": "2749776000", "operatingIncome": "213940000", "sellingGeneralAndAdministrative": "418120000", "researchAndDevelopment": "None", "operatingExpenses": "-418120", "investmentIncomeNet": "None", "netInterestIncome": "-16189000", "interestIncome": "1124000", "interestExpense": "17313000", "nonInterestIncome": "None", "otherNonOperatingIncome": "156360000", "depreciation": "None", "depreciationAndAmortization": "22989000", "incomeBeforeTax": "-87023000", "incomeTaxExpense": "-87023000", "interestAndDebtExpense": "None", "netIncomeFromContinuingOperations": "257062000", "comprehensiveIncomeNetOfTax": "312566000", "ebit": "213940000", "ebitda": "236929000", "netIncome": "257048000"}, {"fiscalDateEnding": "2020-09-30", "reportedCurrency": "USD", "grossProfit": "664936000", "totalRevenue": "3479864000", "costOfRevenue": "3568773000", "costofGoodsAndServicesSold": "2854753000", "operatingIncome": "22474000", "sellingGeneralAndAdministrative": "642463000", "researchAndDevelopment": "None", "operatingExpenses": "714884000", "investmentIncomeNet": "1549000", "netInterestIncome": "-14043000", "interestIncome": "-12494000", "interestExpense": "14043000", "nonInterestIncome": "3518923000", "otherNonOperatingIncome": "50177000", "depreciation": "None", "depreciationAndAmortization": "24076000", "incomeBeforeTax": "-328000", "incomeTaxExpense": "-82321000", "interestAndDebtExpense": "14043000", "netIncomeFromContinuingOperations": "69519000", "comprehensiveIncomeNetOfTax": "60625000", "ebit": "22474000", "ebitda": "37791000", "netIncome": "81993000"}, {"fiscalDateEnding": "2020-06-30", "reportedCurrency": "USD", "grossProfit": "629026000", "totalRevenue": "3368268000", "costOfRevenue": "3065681000", "costofGoodsAndServicesSold": "2631031000", "operatingIncome": "194376000", "sellingGeneralAndAdministrative": "434650000", "researchAndDevelopment": "None", "operatingExpenses": "434650000", "investmentIncomeNet": "1249000", "netInterestIncome": "-18193000", "interestIncome": "-16944000", "interestExpense": "18193000", "nonInterestIncome": "3260057000", "otherNonOperatingIncome": "126249000", "depreciation": "None", "depreciationAndAmortization": "22276000", "incomeBeforeTax": "312603000", "incomeTaxExpense": "67674000", "interestAndDebtExpense": "18193000", "netIncomeFromContinuingOperations": "226886000", "comprehensiveIncomeNetOfTax": "279554000", "ebit": "194376000", "ebitda": "353072000", "netIncome": "244929000"}, {"fiscalDateEnding": "2020-03-31", "reportedCurrency": "USD", "grossProfit": "648135000", "totalRevenue": "3074876000", "costOfRevenue": "3259402000", "costofGoodsAndServicesSold": "2779045000", "operatingIncome": "167778000", "sellingGeneralAndAdministrative": "480357000", "researchAndDevelopment": "None", "operatingExpenses": "480357000", "investmentIncomeNet": "985000", "netInterestIncome": "-15154000", "interestIncome": "985000", "interestExpense": "15154000", "nonInterestIncome": "3427180000", "otherNonOperatingIncome": "-330414000", "depreciation": "None", "depreciationAndAmortization": "22566000", "incomeBeforeTax": "-153209000", "incomeTaxExpense": "-61122000", "interestAndDebtExpense": "15154000", "netIncomeFromContinuingOperations": "-121967000", "comprehensiveIncomeNetOfTax": "-158238000", "ebit": "167778000", "ebitda": "-115489000", "netIncome": "-92087000"}, {"fiscalDateEnding": "2019-12-31", "reportedCurrency": "USD", "grossProfit": "644571000", "totalRevenue": "3408733000", "costOfRevenue": "3285548000", "costofGoodsAndServicesSold": "2715478000", "operatingIncome": "151345000", "sellingGeneralAndAdministrative": "493226000", "researchAndDevelopment": "None", "operatingExpenses": "570106000", "investmentIncomeNet": "946000", "netInterestIncome": "-14817000", "interestIncome": "946000", "interestExpense": "14817000", "nonInterestIncome": "3360049000", "otherNonOperatingIncome": "116695000", "depreciation": "None", "depreciationAndAmortization": "22152000", "incomeBeforeTax": "325499000", "incomeTaxExpense": "68489000", "interestAndDebtExpense": "14817000", "netIncomeFromContinuingOperations": "179423000", "comprehensiveIncomeNetOfTax": "293656000", "ebit": "151345000", "ebitda": "362468000", "netIncome": "257010000"}, {"fiscalDateEnding": "2019-09-30", "reportedCurrency": "USD", "grossProfit": "665534000", "totalRevenue": "3392862000", "costOfRevenue": "981575000", "costofGoodsAndServicesSold": "2727329000", "operatingIncome": "99086000", "sellingGeneralAndAdministrative": "566446000", "researchAndDevelopment": "None", "operatingExpenses": "697288000", "investmentIncomeNet": "2315000", "netInterestIncome": "-10120000", "interestIncome": "-7805000", "interestExpense": "10120000", "nonInterestIncome": "3392862000", "otherNonOperatingIncome": "-37743000", "depreciation": "None", "depreciationAndAmortization": "20508000", "incomeBeforeTax": "229049000", "incomeTaxExpense": "86725000", "interestAndDebtExpense": "10120000", "netIncomeFromContinuingOperations": "21946000", "comprehensiveIncomeNetOfTax": "-10898000", "ebit": "99086000", "ebitda": "259677000", "netIncome": "142324000"}, {"fiscalDateEnding": "2019-06-30", "reportedCurrency": "USD", "grossProfit": "626134000", "totalRevenue": "3150644000", "costOfRevenue": "3079668000", "costofGoodsAndServicesSold": "2543488000", "operatingIncome": "89954000", "sellingGeneralAndAdministrative": "536180000", "researchAndDevelopment": "None", "operatingExpenses": "536180000", "investmentIncomeNet": "3398000", "netInterestIncome": "-18978000", "interestIncome": "3398000", "interestExpense": "18978000", "nonInterestIncome": "3169622000", "otherNonOperatingIncome": "19025000", "depreciation": "None", "depreciationAndAmortization": "25851000", "incomeBeforeTax": "522461000", "incomeTaxExpense": "-1981000", "interestAndDebtExpense": "18978000", "netIncomeFromContinuingOperations": "89365000", "comprehensiveIncomeNetOfTax": "621115000", "ebit": "89954000", "ebitda": "567290000", "netIncome": "524442000"}, {"fiscalDateEnding": "2019-03-31", "reportedCurrency": "USD", "grossProfit": "616841000", "totalRevenue": "3062173000", "costOfRevenue": "2956466000", "costofGoodsAndServicesSold": "2474755000", "operatingIncome": "102681000", "sellingGeneralAndAdministrative": "514160000", "researchAndDevelopment": "None", "operatingExpenses": "481711000", "investmentIncomeNet": "1670000", "netInterestIncome": "-29423000", "interestIncome": "1670000", "interestExpense": "29423000", "nonInterestIncome": "3091596000", "otherNonOperatingIncome": "36904000", "depreciation": "None", "depreciationAndAmortization": "23491000", "incomeBeforeTax": "86370000", "incomeTaxExpense": "29453000", "interestAndDebtExpense": "29423000", "netIncomeFromContinuingOperations": "114755000", "comprehensiveIncomeNetOfTax": "53209000", "ebit": "102681000", "ebitda": "139284000", "netIncome": "56917000"}, {"fiscalDateEnding": "2018-12-31", "reportedCurrency": "USD", "grossProfit": "568520000", "totalRevenue": "3058463000", "costOfRevenue": "3031743000", "costofGoodsAndServicesSold": "2515268000", "operatingIncome": "113130000", "sellingGeneralAndAdministrative": "455390000", "researchAndDevelopment": "None", "operatingExpenses": "516986000", "investmentIncomeNet": "2104000", "netInterestIncome": "-25325000", "interestIncome": "None", "interestExpense": "25325000", "nonInterestIncome": "3083788000", "otherNonOperatingIncome": "2282000", "depreciation": "None", "depreciationAndAmortization": "20321000", "incomeBeforeTax": "147054000", "incomeTaxExpense": "22758000", "interestAndDebtExpense": "25325000", "netIncomeFromContinuingOperations": "64894000", "comprehensiveIncomeNetOfTax": "74447000", "ebit": "113130000", "ebitda": "192700000", "netIncome": "124296000"}, {"fiscalDateEnding": "2018-09-30", "reportedCurrency": "USD", "grossProfit": "606232000", "totalRevenue": "4142644000", "costOfRevenue": "3536412000", "costofGoodsAndServicesSold": "2385625000", "operatingIncome": "160846000", "sellingGeneralAndAdministrative": "445385000", "researchAndDevelopment": "None", "operatingExpenses": "638513000", "investmentIncomeNet": "2088000", "netInterestIncome": "-26654000", "interestIncome": "-1000", "interestExpense": "26653000", "nonInterestIncome": "2991856000", "otherNonOperatingIncome": "6119000", "depreciation": "None", "depreciationAndAmortization": "29141000", "incomeBeforeTax": "233291000", "incomeTaxExpense": "270832000", "interestAndDebtExpense": "26654000", "netIncomeFromContinuingOperations": "-76997000", "comprehensiveIncomeNetOfTax": "-116068000", "ebit": "259944000", "ebitda": "289085000", "netIncome": "-37541000"}, {"fiscalDateEnding": "2018-06-30", "reportedCurrency": "USD", "grossProfit": "608595000", "totalRevenue": "4156663000", "costOfRevenue": "3548068000", "costofGoodsAndServicesSold": "2325028000", "operatingIncome": "162512000", "sellingGeneralAndAdministrative": "446083000", "researchAndDevelopment": "None", "operatingExpenses": "563680000", "investmentIncomeNet": "1277000", "netInterestIncome": "-23787000", "interestIncome": "1000", "interestExpense": "23788000", "nonInterestIncome": "4156663000", "otherNonOperatingIncome": "6632000", "depreciation": "None", "depreciationAndAmortization": "29576000", "incomeBeforeTax": "192934000", "incomeTaxExpense": "42712000", "interestAndDebtExpense": "23787000", "netIncomeFromContinuingOperations": "113336000", "comprehensiveIncomeNetOfTax": "39110000", "ebit": "216722000", "ebitda": "246298000", "netIncome": "150222000"}, {"fiscalDateEnding": "2018-03-31", "reportedCurrency": "USD", "grossProfit": "601628000", "totalRevenue": "3935028000", "costOfRevenue": "3333400000", "costofGoodsAndServicesSold": "2268667000", "operatingIncome": "68755000", "sellingGeneralAndAdministrative": "532873000", "researchAndDevelopment": "None", "operatingExpenses": "627079000", "investmentIncomeNet": "1785000", "netInterestIncome": "-19228000", "interestIncome": "None", "interestExpense": "19228000", "nonInterestIncome": "2870295000", "otherNonOperatingIncome": "-2661000", "depreciation": "None", "depreciationAndAmortization": "34307000", "incomeBeforeTax": "118822000", "incomeTaxExpense": "70235000", "interestAndDebtExpense": "19228000", "netIncomeFromContinuingOperations": "-6290000", "comprehensiveIncomeNetOfTax": "60507000", "ebit": "138050000", "ebitda": "172357000", "netIncome": "48587000"}, {"fiscalDateEnding": "2017-12-31", "reportedCurrency": "USD", "grossProfit": "342094000", "totalRevenue": "2750311000", "costOfRevenue": "2408217000", "costofGoodsAndServicesSold": "1441905000", "operatingIncome": "-4670000", "sellingGeneralAndAdministrative": "346764000", "researchAndDevelopment": "None", "operatingExpenses": "487516000", "investmentIncomeNet": "3834000", "netInterestIncome": "-7092000", "interestIncome": "None", "interestExpense": "7092000", "nonInterestIncome": "444000", "otherNonOperatingIncome": "1225000", "depreciation": "None", "depreciationAndAmortization": "24832000", "incomeBeforeTax": "41518000", "incomeTaxExpense": "39355000", "interestAndDebtExpense": "7092000", "netIncomeFromContinuingOperations": "-34234000", "comprehensiveIncomeNetOfTax": "26692000", "ebit": "48610000", "ebitda": "73442000", "netIncome": "2163000"}, {"fiscalDateEnding": "2017-09-30", "reportedCurrency": "USD", "grossProfit": "-37926000", "totalRevenue": "2653866000", "costOfRevenue": "2691792000", "costofGoodsAndServicesSold": "2179575000", "operatingIncome": "106993000", "sellingGeneralAndAdministrative": "3208000", "researchAndDevelopment": "None", "operatingExpenses": "411216000", "investmentIncomeNet": "3051000", "netInterestIncome": "-708000", "interestIncome": "None", "interestExpense": "708000", "nonInterestIncome": "7052000", "otherNonOperatingIncome": "8178000", "depreciation": "None", "depreciationAndAmortization": "23700000", "incomeBeforeTax": "87424000", "incomeTaxExpense": "-6717000", "interestAndDebtExpense": "708000", "netIncomeFromContinuingOperations": "-26158000", "comprehensiveIncomeNetOfTax": "224014000", "ebit": "88132000", "ebitda": "111832000", "netIncome": "94141000"}, {"fiscalDateEnding": "2017-06-30", "reportedCurrency": "USD", "grossProfit": "459365000", "totalRevenue": "2514751000", "costOfRevenue": "2055386000", "costofGoodsAndServicesSold": "2055386000", "operatingIncome": "128475000", "sellingGeneralAndAdministrative": "330890000", "researchAndDevelopment": "None", "operatingExpenses": "340395000", "investmentIncomeNet": "2123000", "netInterestIncome": "-4054000", "interestIncome": "None", "interestExpense": "4054000", "nonInterestIncome": "2514751000", "otherNonOperatingIncome": "852000", "depreciation": "None", "depreciationAndAmortization": "18239000", "incomeBeforeTax": "127799000", "incomeTaxExpense": "38767000", "interestAndDebtExpense": "4054000", "netIncomeFromContinuingOperations": "88629000", "comprehensiveIncomeNetOfTax": "140654000", "ebit": "131853000", "ebitda": "150092000", "netIncome": "89032000"}, {"fiscalDateEnding": "2017-03-31", "reportedCurrency": "USD", "grossProfit": "419284000", "totalRevenue": "2302567000", "costOfRevenue": "1883283000", "costofGoodsAndServicesSold": "1883283000", "operatingIncome": "68173000", "sellingGeneralAndAdministrative": "351111000", "researchAndDevelopment": "None", "operatingExpenses": "403377000", "investmentIncomeNet": "2088000", "netInterestIncome": "-3755000", "interestIncome": "None", "interestExpense": "3755000", "nonInterestIncome": "0", "otherNonOperatingIncome": "-6015000", "depreciation": "None", "depreciationAndAmortization": "17858000", "incomeBeforeTax": "66344000", "incomeTaxExpense": "16326000", "interestAndDebtExpense": "3755000", "netIncomeFromContinuingOperations": "44165000", "comprehensiveIncomeNetOfTax": "93920000", "ebit": "70099000", "ebitda": "87957000", "netIncome": "50018000"}, {"fiscalDateEnding": "2016-12-31", "reportedCurrency": "USD", "grossProfit": "419312000", "totalRevenue": "2551604000", "costOfRevenue": "2132292000", "costofGoodsAndServicesSold": "2132292000", "operatingIncome": "88628000", "sellingGeneralAndAdministrative": "330684000", "researchAndDevelopment": "None", "operatingExpenses": "381893000", "investmentIncomeNet": "1486000", "netInterestIncome": "-3518000", "interestIncome": "None", "interestExpense": "3518000", "nonInterestIncome": "-822000", "otherNonOperatingIncome": "-716000", "depreciation": "None", "depreciationAndAmortization": "16621000", "incomeBeforeTax": "85263000", "incomeTaxExpense": "24727000", "interestAndDebtExpense": "3518000", "netIncomeFromContinuingOperations": "62055000", "comprehensiveIncomeNetOfTax": "-207781000", "ebit": "88781000", "ebitda": "105402000", "netIncome": "60536000"}]}