{"symbol": "JCI", "annualReports": [{"fiscalDateEnding": "2021-09-30", "reportedCurrency": "USD", "grossProfit": "8059000000", "totalRevenue": "23883000000", "costOfRevenue": "21642000000", "costofGoodsAndServicesSold": "15609000000", "operatingIncome": "1827000000", "sellingGeneralAndAdministrative": "5258000000", "researchAndDevelopment": "275000000", "operatingExpenses": "6232000000", "investmentIncomeNet": "None", "netInterestIncome": "-219000000", "interestIncome": "-206000000", "interestExpense": "219000000", "nonInterestIncome": "23917000000", "otherNonOperatingIncome": "261000000", "depreciation": "None", "depreciationAndAmortization": "435000000", "incomeBeforeTax": "2505000000", "incomeTaxExpense": "868000000", "interestAndDebtExpense": "219000000", "netIncomeFromContinuingOperations": "1513000000", "comprehensiveIncomeNetOfTax": "1979000000", "ebit": "2724000000", "ebitda": "3159000000", "netIncome": "1637000000"}, {"fiscalDateEnding": "2020-09-30", "reportedCurrency": "USD", "grossProfit": "7411000000", "totalRevenue": "22321000000", "costOfRevenue": "22322000000", "costofGoodsAndServicesSold": "14906000000", "operatingIncome": "-211000000", "sellingGeneralAndAdministrative": "5665000000", "researchAndDevelopment": "274000000", "operatingExpenses": "7622000000", "investmentIncomeNet": "None", "netInterestIncome": "-240000000", "interestIncome": "-205000000", "interestExpense": "240000000", "nonInterestIncome": "22367000000", "otherNonOperatingIncome": "171000000", "depreciation": "None", "depreciationAndAmortization": "386000000", "incomeBeforeTax": "739000000", "incomeTaxExpense": "108000000", "interestAndDebtExpense": "240000000", "netIncomeFromContinuingOperations": "631000000", "comprehensiveIncomeNetOfTax": "650000000", "ebit": "979000000", "ebitda": "1365000000", "netIncome": "631000000"}, {"fiscalDateEnding": "2019-09-30", "reportedCurrency": "USD", "grossProfit": "7693000000", "totalRevenue": "23777000000", "costOfRevenue": "23366000000", "costofGoodsAndServicesSold": "16275000000", "operatingIncome": "360000000", "sellingGeneralAndAdministrative": "6244000000", "researchAndDevelopment": "319000000", "operatingExpenses": "7333000000", "investmentIncomeNet": "None", "netInterestIncome": "-335000000", "interestIncome": "-262000000", "interestExpense": "335000000", "nonInterestIncome": "23895000000", "otherNonOperatingIncome": "None", "depreciation": "None", "depreciationAndAmortization": "377000000", "incomeBeforeTax": "5441000000", "incomeTaxExpense": "-233000000", "interestAndDebtExpense": "395000000", "netIncomeFromContinuingOperations": "1100000000", "comprehensiveIncomeNetOfTax": "5350000000", "ebit": "5776000000", "ebitda": "6153000000", "netIncome": "5674000000"}, {"fiscalDateEnding": "2018-09-30", "reportedCurrency": "USD", "grossProfit": "7667000000", "totalRevenue": "31099000000", "costOfRevenue": "28719000000", "costofGoodsAndServicesSold": "15733000000", "operatingIncome": "2391000000", "sellingGeneralAndAdministrative": "5642000000", "researchAndDevelopment": "310000000", "operatingExpenses": "6875000000", "investmentIncomeNet": "None", "netInterestIncome": "-437000000", "interestIncome": "-28000000", "interestExpense": "409000000", "nonInterestIncome": "136000000", "otherNonOperatingIncome": "235000000", "depreciation": "None", "depreciationAndAmortization": "384000000", "incomeBeforeTax": "2359000000", "incomeTaxExpense": "197000000", "interestAndDebtExpense": "437000000", "netIncomeFromContinuingOperations": "1175000000", "comprehensiveIncomeNetOfTax": "1689000000", "ebit": "2768000000", "ebitda": "3152000000", "netIncome": "2162000000"}, {"fiscalDateEnding": "2017-09-30", "reportedCurrency": "USD", "grossProfit": "7530000000", "totalRevenue": "29851000000", "costOfRevenue": "27925000000", "costofGoodsAndServicesSold": "15305000000", "operatingIncome": "1988000000", "sellingGeneralAndAdministrative": "5723000000", "researchAndDevelopment": "307000000", "operatingExpenses": "7342000000", "investmentIncomeNet": "None", "netInterestIncome": "-466000000", "interestIncome": "-20000000", "interestExpense": "446000000", "nonInterestIncome": "145000000", "otherNonOperatingIncome": "240000000", "depreciation": "None", "depreciationAndAmortization": "489000000", "incomeBeforeTax": "1933000000", "incomeTaxExpense": "322000000", "interestAndDebtExpense": "466000000", "netIncomeFromContinuingOperations": "672000000", "comprehensiveIncomeNetOfTax": "1710000000", "ebit": "2379000000", "ebitda": "2868000000", "netIncome": "1611000000"}], "quarterlyReports": [{"fiscalDateEnding": "2021-09-30", "reportedCurrency": "USD", "grossProfit": "2191000000", "totalRevenue": "6483000000", "costOfRevenue": "5731000000", "costofGoodsAndServicesSold": "4201000000", "operatingIncome": "401000000", "sellingGeneralAndAdministrative": "1344000000", "researchAndDevelopment": "None", "operatingExpenses": "1790000000", "investmentIncomeNet": "None", "netInterestIncome": "-52000000", "interestIncome": "-47000000", "interestExpense": "52000000", "nonInterestIncome": "6493000000", "otherNonOperatingIncome": "73000000", "depreciation": "None", "depreciationAndAmortization": "115000000", "incomeBeforeTax": "759000000", "incomeTaxExpense": "490000000", "interestAndDebtExpense": "52000000", "netIncomeFromContinuingOperations": "269000000", "comprehensiveIncomeNetOfTax": "186000000", "ebit": "811000000", "ebitda": "926000000", "netIncome": "269000000"}, {"fiscalDateEnding": "2021-06-30", "reportedCurrency": "USD", "grossProfit": "2197000000", "totalRevenue": "6314000000", "costOfRevenue": "5742000000", "costofGoodsAndServicesSold": "4144000000", "operatingIncome": "616500000", "sellingGeneralAndAdministrative": "1367000000", "researchAndDevelopment": "None", "operatingExpenses": "1580500000", "investmentIncomeNet": "None", "netInterestIncome": "-55000000", "interestIncome": "1000000", "interestExpense": "55000000", "nonInterestIncome": "6323000000", "otherNonOperatingIncome": "74000000", "depreciation": "None", "depreciationAndAmortization": "112000000", "incomeBeforeTax": "682000000", "incomeTaxExpense": "108000000", "interestAndDebtExpense": "55000000", "netIncomeFromContinuingOperations": "574000000", "comprehensiveIncomeNetOfTax": "633000000", "ebit": "737000000", "ebitda": "849000000", "netIncome": "574000000"}, {"fiscalDateEnding": "2021-03-31", "reportedCurrency": "USD", "grossProfit": "1943000000", "totalRevenue": "5717000000", "costOfRevenue": "5158000000", "costofGoodsAndServicesSold": "3651000000", "operatingIncome": "453500000", "sellingGeneralAndAdministrative": "1253000000", "researchAndDevelopment": "None", "operatingExpenses": "1489500000", "investmentIncomeNet": "None", "netInterestIncome": "-53000000", "interestIncome": "3000000", "interestExpense": "53000000", "nonInterestIncome": "5717000000", "otherNonOperatingIncome": "56000000", "depreciation": "None", "depreciationAndAmortization": "104000000", "incomeBeforeTax": "552000000", "incomeTaxExpense": "209000000", "interestAndDebtExpense": "53000000", "netIncomeFromContinuingOperations": "343000000", "comprehensiveIncomeNetOfTax": "437000000", "ebit": "605000000", "ebitda": "709000000", "netIncome": "343000000"}, {"fiscalDateEnding": "2020-12-31", "reportedCurrency": "USD", "grossProfit": "1728000000", "totalRevenue": "5295000000", "costOfRevenue": "5011000000", "costofGoodsAndServicesSold": "3613000000", "operatingIncome": "408500000", "sellingGeneralAndAdministrative": "1294000000", "researchAndDevelopment": "None", "operatingExpenses": "1319500000", "investmentIncomeNet": "None", "netInterestIncome": "-59000000", "interestIncome": "3000000", "interestExpense": "59000000", "nonInterestIncome": "5310000000", "otherNonOperatingIncome": "58000000", "depreciation": "None", "depreciationAndAmortization": "104000000", "incomeBeforeTax": "512000000", "incomeTaxExpense": "61000000", "interestAndDebtExpense": "59000000", "netIncomeFromContinuingOperations": "327000000", "comprehensiveIncomeNetOfTax": "723000000", "ebit": "571000000", "ebitda": "675000000", "netIncome": "451000000"}, {"fiscalDateEnding": "2020-09-30", "reportedCurrency": "USD", "grossProfit": "1975000000", "totalRevenue": "5949000000", "costOfRevenue": "5530000000", "costofGoodsAndServicesSold": "3979000000", "operatingIncome": "149000000", "sellingGeneralAndAdministrative": "1453000000", "researchAndDevelopment": "None", "operatingExpenses": "1826000000", "investmentIncomeNet": "None", "netInterestIncome": "-58000000", "interestIncome": "-54000000", "interestExpense": "58000000", "nonInterestIncome": "5948000000", "otherNonOperatingIncome": "61000000", "depreciation": "None", "depreciationAndAmortization": "98000000", "incomeBeforeTax": "472000000", "incomeTaxExpense": "31000000", "interestAndDebtExpense": "58000000", "netIncomeFromContinuingOperations": "441000000", "comprehensiveIncomeNetOfTax": "608000000", "ebit": "530000000", "ebitda": "628000000", "netIncome": "441000000"}, {"fiscalDateEnding": "2020-06-30", "reportedCurrency": "USD", "grossProfit": "1832000000", "totalRevenue": "5364000000", "costOfRevenue": "5592000000", "costofGoodsAndServicesSold": "3511000000", "operatingIncome": "-249000000", "sellingGeneralAndAdministrative": "1334000000", "researchAndDevelopment": "None", "operatingExpenses": "2081000000", "investmentIncomeNet": "None", "netInterestIncome": "-58000000", "interestIncome": "3000000", "interestExpense": "58000000", "nonInterestIncome": "5370000000", "otherNonOperatingIncome": "47000000", "depreciation": "None", "depreciationAndAmortization": "95000000", "incomeBeforeTax": "-183000000", "incomeTaxExpense": "-1000000", "interestAndDebtExpense": "58000000", "netIncomeFromContinuingOperations": "-182000000", "comprehensiveIncomeNetOfTax": "-104000000", "ebit": "-125000000", "ebitda": "-30000000", "netIncome": "-182000000"}, {"fiscalDateEnding": "2020-03-31", "reportedCurrency": "USD", "grossProfit": "1801000000", "totalRevenue": "5394000000", "costOfRevenue": "5315000000", "costofGoodsAndServicesSold": "3643000000", "operatingIncome": "129000000", "sellingGeneralAndAdministrative": "1451000000", "researchAndDevelopment": "None", "operatingExpenses": "1672000000", "investmentIncomeNet": "None", "netInterestIncome": "-62000000", "interestIncome": "5000000", "interestExpense": "62000000", "nonInterestIncome": "5418000000", "otherNonOperatingIncome": "20000000", "depreciation": "None", "depreciationAndAmortization": "97000000", "incomeBeforeTax": "226000000", "incomeTaxExpense": "13000000", "interestAndDebtExpense": "62000000", "netIncomeFromContinuingOperations": "213000000", "comprehensiveIncomeNetOfTax": "-268000000", "ebit": "288000000", "ebitda": "385000000", "netIncome": "213000000"}, {"fiscalDateEnding": "2019-12-31", "reportedCurrency": "USD", "grossProfit": "1803000000", "totalRevenue": "5614000000", "costOfRevenue": "5461000000", "costofGoodsAndServicesSold": "3773000000", "operatingIncome": "191000000", "sellingGeneralAndAdministrative": "1427000000", "researchAndDevelopment": "None", "operatingExpenses": "1612000000", "investmentIncomeNet": "None", "netInterestIncome": "-62000000", "interestIncome": "13000000", "interestExpense": "62000000", "nonInterestIncome": "5631000000", "otherNonOperatingIncome": "43000000", "depreciation": "None", "depreciationAndAmortization": "96000000", "incomeBeforeTax": "224000000", "incomeTaxExpense": "65000000", "interestAndDebtExpense": "62000000", "netIncomeFromContinuingOperations": "159000000", "comprehensiveIncomeNetOfTax": "414000000", "ebit": "286000000", "ebitda": "382000000", "netIncome": "159000000"}, {"fiscalDateEnding": "2019-09-30", "reportedCurrency": "USD", "grossProfit": "1980000000", "totalRevenue": "6239000000", "costOfRevenue": "6343000000", "costofGoodsAndServicesSold": "4294000000", "operatingIncome": "-394000000", "sellingGeneralAndAdministrative": "1960000000", "researchAndDevelopment": "319000000", "operatingExpenses": "2374000000", "investmentIncomeNet": "None", "netInterestIncome": "-66000000", "interestIncome": "-40000000", "interestExpense": "66000000", "nonInterestIncome": "6250000000", "otherNonOperatingIncome": "None", "depreciation": "None", "depreciationAndAmortization": "89000000", "incomeBeforeTax": "-15000000", "incomeTaxExpense": "-627000000", "interestAndDebtExpense": "66000000", "netIncomeFromContinuingOperations": "612000000", "comprehensiveIncomeNetOfTax": "381000000", "ebit": "51000000", "ebitda": "140000000", "netIncome": "612000000"}, {"fiscalDateEnding": "2019-06-30", "reportedCurrency": "USD", "grossProfit": "2144000000", "totalRevenue": "6359000000", "costOfRevenue": "6023000000", "costofGoodsAndServicesSold": "4307000000", "operatingIncome": "428000000", "sellingGeneralAndAdministrative": "1388000000", "researchAndDevelopment": "319000000", "operatingExpenses": "1716000000", "investmentIncomeNet": "None", "netInterestIncome": "-81000000", "interestIncome": "28000000", "interestExpense": "81000000", "nonInterestIncome": "6375000000", "otherNonOperatingIncome": "62000000", "depreciation": "None", "depreciationAndAmortization": "93000000", "incomeBeforeTax": "4431000000", "incomeTaxExpense": "239000000", "interestAndDebtExpense": "141000000", "netIncomeFromContinuingOperations": "141000000", "comprehensiveIncomeNetOfTax": "4097000000", "ebit": "4512000000", "ebitda": "4605000000", "netIncome": "4192000000"}, {"fiscalDateEnding": "2019-03-31", "reportedCurrency": "USD", "grossProfit": "1844000000", "totalRevenue": "5771000000", "costOfRevenue": "5491000000", "costofGoodsAndServicesSold": "3935000000", "operatingIncome": "288000000", "sellingGeneralAndAdministrative": "1458000000", "researchAndDevelopment": "319000000", "operatingExpenses": "1556000000", "investmentIncomeNet": "None", "netInterestIncome": "-97000000", "interestIncome": "-91000000", "interestExpense": "97000000", "nonInterestIncome": "5814000000", "otherNonOperatingIncome": "33000000", "depreciation": "None", "depreciationAndAmortization": "98000000", "incomeBeforeTax": "562000000", "incomeTaxExpense": "47000000", "interestAndDebtExpense": "97000000", "netIncomeFromContinuingOperations": "240000000", "comprehensiveIncomeNetOfTax": "643000000", "ebit": "659000000", "ebitda": "757000000", "netIncome": "515000000"}, {"fiscalDateEnding": "2018-12-31", "reportedCurrency": "USD", "grossProfit": "1725000000", "totalRevenue": "10829000000", "costOfRevenue": "5274000000", "costofGoodsAndServicesSold": "3739000000", "operatingIncome": "279000000", "sellingGeneralAndAdministrative": "1438000000", "researchAndDevelopment": "319000000", "operatingExpenses": "1446000000", "investmentIncomeNet": "None", "netInterestIncome": "-91000000", "interestIncome": "None", "interestExpense": "91000000", "nonInterestIncome": "5456000000", "otherNonOperatingIncome": "42000000", "depreciation": "None", "depreciationAndAmortization": "97000000", "incomeBeforeTax": "463000000", "incomeTaxExpense": "108000000", "interestAndDebtExpense": "91000000", "netIncomeFromContinuingOperations": "107000000", "comprehensiveIncomeNetOfTax": "229000000", "ebit": "554000000", "ebitda": "651000000", "netIncome": "355000000"}, {"fiscalDateEnding": "2018-09-30", "reportedCurrency": "USD", "grossProfit": "2057000000", "totalRevenue": "8323000000", "costOfRevenue": "7542000000", "costofGoodsAndServicesSold": "4126000000", "operatingIncome": "445000000", "sellingGeneralAndAdministrative": "1392000000", "researchAndDevelopment": "380000000", "operatingExpenses": "2074000000", "investmentIncomeNet": "None", "netInterestIncome": "-109000000", "interestIncome": "-7000000", "interestExpense": "102000000", "nonInterestIncome": "62000000", "otherNonOperatingIncome": "65000000", "depreciation": "None", "depreciationAndAmortization": "96000000", "incomeBeforeTax": "654000000", "incomeTaxExpense": "-117000000", "interestAndDebtExpense": "109000000", "netIncomeFromContinuingOperations": "592000000", "comprehensiveIncomeNetOfTax": "633000000", "ebit": "756000000", "ebitda": "852000000", "netIncome": "771000000"}, {"fiscalDateEnding": "2018-06-30", "reportedCurrency": "USD", "grossProfit": "2088000000", "totalRevenue": "7976000000", "costOfRevenue": "7275000000", "costofGoodsAndServicesSold": "4194000000", "operatingIncome": "845000000", "sellingGeneralAndAdministrative": "1441000000", "researchAndDevelopment": "380000000", "operatingExpenses": "1627000000", "investmentIncomeNet": "None", "netInterestIncome": "-110000000", "interestIncome": "-4000000", "interestExpense": "106000000", "nonInterestIncome": "-34000000", "otherNonOperatingIncome": "66000000", "depreciation": "None", "depreciationAndAmortization": "100000000", "incomeBeforeTax": "784000000", "incomeTaxExpense": "61000000", "interestAndDebtExpense": "110000000", "netIncomeFromContinuingOperations": "474000000", "comprehensiveIncomeNetOfTax": "169000000", "ebit": "890000000", "ebitda": "990000000", "netIncome": "723000000"}, {"fiscalDateEnding": "2018-03-31", "reportedCurrency": "USD", "grossProfit": "1824000000", "totalRevenue": "7359000000", "costOfRevenue": "6937000000", "costofGoodsAndServicesSold": "3806000000", "operatingIncome": "538000000", "sellingGeneralAndAdministrative": "1490000000", "researchAndDevelopment": "380000000", "operatingExpenses": "1682000000", "investmentIncomeNet": "None", "netInterestIncome": "-104000000", "interestIncome": "-5000000", "interestExpense": "99000000", "nonInterestIncome": "-12000000", "otherNonOperatingIncome": "44000000", "depreciation": "None", "depreciationAndAmortization": "94000000", "incomeBeforeTax": "474000000", "incomeTaxExpense": "36000000", "interestAndDebtExpense": "104000000", "netIncomeFromContinuingOperations": "184000000", "comprehensiveIncomeNetOfTax": "598000000", "ebit": "573000000", "ebitda": "667000000", "netIncome": "438000000"}, {"fiscalDateEnding": "2017-12-31", "reportedCurrency": "USD", "grossProfit": "1698000000", "totalRevenue": "7441000000", "costOfRevenue": "6965000000", "costofGoodsAndServicesSold": "3607000000", "operatingIncome": "570000000", "sellingGeneralAndAdministrative": "1319000000", "researchAndDevelopment": "380000000", "operatingExpenses": "1485000000", "investmentIncomeNet": "None", "netInterestIncome": "-114000000", "interestIncome": "-12000000", "interestExpense": "102000000", "nonInterestIncome": "120000000", "otherNonOperatingIncome": "60000000", "depreciation": "None", "depreciationAndAmortization": "94000000", "incomeBeforeTax": "447000000", "incomeTaxExpense": "217000000", "interestAndDebtExpense": "114000000", "netIncomeFromContinuingOperations": "-75000000", "comprehensiveIncomeNetOfTax": "289000000", "ebit": "549000000", "ebitda": "643000000", "netIncome": "230000000"}, {"fiscalDateEnding": "2017-09-30", "reportedCurrency": "USD", "grossProfit": "704000000", "totalRevenue": "8094000000", "costOfRevenue": "7131000000", "costofGoodsAndServicesSold": "95000000", "operatingIncome": "650000000", "sellingGeneralAndAdministrative": "818000000", "researchAndDevelopment": "360000000", "operatingExpenses": "1854000000", "investmentIncomeNet": "None", "netInterestIncome": "-123000000", "interestIncome": "-20000000", "interestExpense": "103000000", "nonInterestIncome": "81000000", "otherNonOperatingIncome": "63000000", "depreciation": "None", "depreciationAndAmortization": "106000000", "incomeBeforeTax": "627000000", "incomeTaxExpense": "-248000000", "interestAndDebtExpense": "123000000", "netIncomeFromContinuingOperations": "-107000000", "comprehensiveIncomeNetOfTax": "1131000000", "ebit": "730000000", "ebitda": "836000000", "netIncome": "875000000"}, {"fiscalDateEnding": "2017-06-30", "reportedCurrency": "USD", "grossProfit": "2431000000", "totalRevenue": "7618000000", "costOfRevenue": "7018000000", "costofGoodsAndServicesSold": "5252000000", "operatingIncome": "665000000", "sellingGeneralAndAdministrative": "1609000000", "researchAndDevelopment": "None", "operatingExpenses": "1766000000", "investmentIncomeNet": "None", "netInterestIncome": "-115000000", "interestIncome": "None", "interestExpense": "115000000", "nonInterestIncome": "50000000", "otherNonOperatingIncome": "69000000", "depreciation": "None", "depreciationAndAmortization": "108000000", "incomeBeforeTax": "644000000", "incomeTaxExpense": "89000000", "interestAndDebtExpense": "115000000", "netIncomeFromContinuingOperations": "555000000", "comprehensiveIncomeNetOfTax": "813000000", "ebit": "759000000", "ebitda": "867000000", "netIncome": "555000000"}, {"fiscalDateEnding": "2017-03-31", "reportedCurrency": "USD", "grossProfit": "2281000000", "totalRevenue": "7156000000", "costOfRevenue": "6937000000", "costofGoodsAndServicesSold": "4986000000", "operatingIncome": "427000000", "sellingGeneralAndAdministrative": "1726000000", "researchAndDevelopment": "None", "operatingExpenses": "1854000000", "investmentIncomeNet": "None", "netInterestIncome": "-118000000", "interestIncome": "None", "interestExpense": "118000000", "nonInterestIncome": "7000000", "otherNonOperatingIncome": "53000000", "depreciation": "None", "depreciationAndAmortization": "126000000", "incomeBeforeTax": "360000000", "incomeTaxExpense": "508000000", "interestAndDebtExpense": "118000000", "netIncomeFromContinuingOperations": "-148000000", "comprehensiveIncomeNetOfTax": "98000000", "ebit": "478000000", "ebitda": "604000000", "netIncome": "-148000000"}, {"fiscalDateEnding": "2016-12-31", "reportedCurrency": "USD", "grossProfit": "2114000000", "totalRevenue": "6983000000", "costOfRevenue": "6785000000", "costofGoodsAndServicesSold": "4972000000", "operatingIncome": "405000000", "sellingGeneralAndAdministrative": "1570000000", "researchAndDevelopment": "None", "operatingExpenses": "1709000000", "investmentIncomeNet": "None", "netInterestIncome": "-110000000", "interestIncome": "None", "interestExpense": "110000000", "nonInterestIncome": "7000000", "otherNonOperatingIncome": "55000000", "depreciation": "None", "depreciationAndAmortization": "149000000", "incomeBeforeTax": "302000000", "incomeTaxExpense": "-27000000", "interestAndDebtExpense": "110000000", "netIncomeFromContinuingOperations": "372000000", "comprehensiveIncomeNetOfTax": "-332000000", "ebit": "412000000", "ebitda": "561000000", "netIncome": "329000000"}]}