{"symbol": "JKHY", "annualReports": [{"fiscalDateEnding": "2021-06-30", "reportedCurrency": "USD", "grossProfit": "693832000", "totalRevenue": "1757231000", "costOfRevenue": "1063399000", "costofGoodsAndServicesSold": "None", "operatingIncome": "398719000", "sellingGeneralAndAdministrative": "187060000", "researchAndDevelopment": "109047000", "operatingExpenses": "294122000", "investmentIncomeNet": "150000", "netInterestIncome": "-994000", "interestIncome": "150000", "interestExpense": "1144000", "nonInterestIncome": "1758225000", "otherNonOperatingIncome": "None", "depreciation": "52515000", "depreciationAndAmortization": "None", "incomeBeforeTax": "397725000", "incomeTaxExpense": "86256000", "interestAndDebtExpense": "1144000", "netIncomeFromContinuingOperations": "311469000", "comprehensiveIncomeNetOfTax": "311469000", "ebit": "398869000", "ebitda": "None", "netIncome": "311469000"}, {"fiscalDateEnding": "2020-06-30", "reportedCurrency": "USD", "grossProfit": "689052000", "totalRevenue": "1697516000", "costOfRevenue": "1008464000", "costofGoodsAndServicesSold": "None", "operatingIncome": "380627000", "sellingGeneralAndAdministrative": "197988000", "researchAndDevelopment": "109988000", "operatingExpenses": "312711000", "investmentIncomeNet": "1137000", "netInterestIncome": "449000", "interestIncome": "1137000", "interestExpense": "688000", "nonInterestIncome": "1697067000", "otherNonOperatingIncome": "None", "depreciation": "52206000", "depreciationAndAmortization": "None", "incomeBeforeTax": "381076000", "incomeTaxExpense": "84408000", "interestAndDebtExpense": "688000", "netIncomeFromContinuingOperations": "296668000", "comprehensiveIncomeNetOfTax": "296668000", "ebit": "381764000", "ebitda": "None", "netIncome": "296668000"}, {"fiscalDateEnding": "2019-06-30", "reportedCurrency": "USD", "grossProfit": "629611000", "totalRevenue": "1552641000", "costOfRevenue": "923030000", "costofGoodsAndServicesSold": "None", "operatingIncome": "347285000", "sellingGeneralAndAdministrative": "185998000", "researchAndDevelopment": "96378000", "operatingExpenses": "282537000", "investmentIncomeNet": "876000", "netInterestIncome": "-50000", "interestIncome": "876000", "interestExpense": "926000", "nonInterestIncome": "1552691000", "otherNonOperatingIncome": "None", "depreciation": "47378000", "depreciationAndAmortization": "None", "incomeBeforeTax": "347235000", "incomeTaxExpense": "75350000", "interestAndDebtExpense": "926000", "netIncomeFromContinuingOperations": "271885000", "comprehensiveIncomeNetOfTax": "271885000", "ebit": "348161000", "ebitda": "None", "netIncome": "271885000"}, {"fiscalDateEnding": "2018-06-30", "reportedCurrency": "USD", "grossProfit": "683465000", "totalRevenue": "1536603000", "costOfRevenue": "853138000", "costofGoodsAndServicesSold": "None", "operatingIncome": "357503000", "sellingGeneralAndAdministrative": "171710000", "researchAndDevelopment": "90340000", "operatingExpenses": "271532000", "investmentIncomeNet": "575000", "netInterestIncome": "-1345000", "interestIncome": "575000", "interestExpense": "1920000", "nonInterestIncome": "1894000", "otherNonOperatingIncome": "None", "depreciation": "47975000", "depreciationAndAmortization": "None", "incomeBeforeTax": "356158000", "incomeTaxExpense": "-8876000", "interestAndDebtExpense": "1920000", "netIncomeFromContinuingOperations": "376660000", "comprehensiveIncomeNetOfTax": "376660000", "ebit": "358078000", "ebitda": "None", "netIncome": "365034000"}, {"fiscalDateEnding": "2017-06-30", "reportedCurrency": "USD", "grossProfit": "612083000", "totalRevenue": "1431117000", "costOfRevenue": "805855000", "costofGoodsAndServicesSold": "819034000", "operatingIncome": "341717000", "sellingGeneralAndAdministrative": "159235000", "researchAndDevelopment": "84753000", "operatingExpenses": "244381000", "investmentIncomeNet": "248000", "netInterestIncome": "-748000", "interestIncome": "248000", "interestExpense": "996000", "nonInterestIncome": "-1501000", "otherNonOperatingIncome": "None", "depreciation": "49677000", "depreciationAndAmortization": "None", "incomeBeforeTax": "340969000", "incomeTaxExpense": "111408000", "interestAndDebtExpense": "996000", "netIncomeFromContinuingOperations": "245793000", "comprehensiveIncomeNetOfTax": "245793000", "ebit": "341965000", "ebitda": "None", "netIncome": "229561000"}], "quarterlyReports": [{"fiscalDateEnding": "2021-09-30", "reportedCurrency": "USD", "grossProfit": "211179000", "totalRevenue": "487815000", "costOfRevenue": "276636000", "costofGoodsAndServicesSold": "None", "operatingIncome": "133595000", "sellingGeneralAndAdministrative": "51071000", "researchAndDevelopment": "26754000", "operatingExpenses": "77991000", "investmentIncomeNet": "7000", "netInterestIncome": "-241000", "interestIncome": "7000", "interestExpense": "248000", "nonInterestIncome": "488056000", "otherNonOperatingIncome": "None", "depreciation": "13157000", "depreciationAndAmortization": "None", "incomeBeforeTax": "133354000", "incomeTaxExpense": "31240000", "interestAndDebtExpense": "248000", "netIncomeFromContinuingOperations": "102114000", "comprehensiveIncomeNetOfTax": "102114000", "ebit": "133602000", "ebitda": "None", "netIncome": "102114000"}, {"fiscalDateEnding": "2021-06-30", "reportedCurrency": "USD", "grossProfit": "174756000", "totalRevenue": "449674000", "costOfRevenue": "274918000", "costofGoodsAndServicesSold": "None", "operatingIncome": "96296000", "sellingGeneralAndAdministrative": "50259000", "researchAndDevelopment": "28814000", "operatingExpenses": "79292000", "investmentIncomeNet": "6000", "netInterestIncome": "-613000", "interestIncome": "6000", "interestExpense": "619000", "nonInterestIncome": "450287000", "otherNonOperatingIncome": "None", "depreciation": "12699000", "depreciationAndAmortization": "None", "incomeBeforeTax": "95683000", "incomeTaxExpense": "18821000", "interestAndDebtExpense": "619000", "netIncomeFromContinuingOperations": "76862000", "comprehensiveIncomeNetOfTax": "76862000", "ebit": "96302000", "ebitda": "None", "netIncome": "76862000"}, {"fiscalDateEnding": "2021-03-31", "reportedCurrency": "USD", "grossProfit": "165740000", "totalRevenue": "433510000", "costOfRevenue": "267770000", "costofGoodsAndServicesSold": "None", "operatingIncome": "91203000", "sellingGeneralAndAdministrative": "47408000", "researchAndDevelopment": "27395000", "operatingExpenses": "74803000", "investmentIncomeNet": "24000", "netInterestIncome": "-266000", "interestIncome": "24000", "interestExpense": "290000", "nonInterestIncome": "433776000", "otherNonOperatingIncome": "None", "depreciation": "13164000", "depreciationAndAmortization": "None", "incomeBeforeTax": "90937000", "incomeTaxExpense": "19528000", "interestAndDebtExpense": "290000", "netIncomeFromContinuingOperations": "71409000", "comprehensiveIncomeNetOfTax": "71409000", "ebit": "91227000", "ebitda": "None", "netIncome": "71409000"}, {"fiscalDateEnding": "2020-12-31", "reportedCurrency": "USD", "grossProfit": "164514000", "totalRevenue": "422296000", "costOfRevenue": "257782000", "costofGoodsAndServicesSold": "None", "operatingIncome": "93632000", "sellingGeneralAndAdministrative": "44167000", "researchAndDevelopment": "26780000", "operatingExpenses": "70954000", "investmentIncomeNet": "52000", "netInterestIncome": "-65000", "interestIncome": "52000", "interestExpense": "117000", "nonInterestIncome": "422361000", "otherNonOperatingIncome": "None", "depreciation": "13261000", "depreciationAndAmortization": "None", "incomeBeforeTax": "93567000", "incomeTaxExpense": "21585000", "interestAndDebtExpense": "117000", "netIncomeFromContinuingOperations": "71982000", "comprehensiveIncomeNetOfTax": "71982000", "ebit": "93684000", "ebitda": "None", "netIncome": "71982000"}, {"fiscalDateEnding": "2020-09-30", "reportedCurrency": "USD", "grossProfit": "188822000", "totalRevenue": "451751000", "costOfRevenue": "262929000", "costofGoodsAndServicesSold": "None", "operatingIncome": "117588000", "sellingGeneralAndAdministrative": "45226000", "researchAndDevelopment": "26057000", "operatingExpenses": "71129000", "investmentIncomeNet": "68000", "netInterestIncome": "-49000", "interestIncome": "68000", "interestExpense": "117000", "nonInterestIncome": "451800000", "otherNonOperatingIncome": "None", "depreciation": "13391000", "depreciationAndAmortization": "None", "incomeBeforeTax": "117539000", "incomeTaxExpense": "26323000", "interestAndDebtExpense": "117000", "netIncomeFromContinuingOperations": "91216000", "comprehensiveIncomeNetOfTax": "91216000", "ebit": "117656000", "ebitda": "None", "netIncome": "91216000"}, {"fiscalDateEnding": "2020-06-30", "reportedCurrency": "USD", "grossProfit": "155577000", "totalRevenue": "410412000", "costOfRevenue": "254835000", "costofGoodsAndServicesSold": "None", "operatingIncome": "76798000", "sellingGeneralAndAdministrative": "49002000", "researchAndDevelopment": "29902000", "operatingExpenses": "78904000", "investmentIncomeNet": "86000", "netInterestIncome": "-125000", "interestIncome": "86000", "interestExpense": "211000", "nonInterestIncome": "410537000", "otherNonOperatingIncome": "None", "depreciation": "13394000", "depreciationAndAmortization": "None", "incomeBeforeTax": "76673000", "incomeTaxExpense": "15328000", "interestAndDebtExpense": "211000", "netIncomeFromContinuingOperations": "61345000", "comprehensiveIncomeNetOfTax": "61345000", "ebit": "76884000", "ebitda": "None", "netIncome": "61345000"}, {"fiscalDateEnding": "2020-03-31", "reportedCurrency": "USD", "grossProfit": "170867000", "totalRevenue": "429438000", "costOfRevenue": "258571000", "costofGoodsAndServicesSold": "None", "operatingIncome": "91938000", "sellingGeneralAndAdministrative": "50589000", "researchAndDevelopment": "28308000", "operatingExpenses": "78897000", "investmentIncomeNet": "197000", "netInterestIncome": "32000", "interestIncome": "197000", "interestExpense": "165000", "nonInterestIncome": "429406000", "otherNonOperatingIncome": "None", "depreciation": "13448000", "depreciationAndAmortization": "None", "incomeBeforeTax": "91970000", "incomeTaxExpense": "18115000", "interestAndDebtExpense": "165000", "netIncomeFromContinuingOperations": "73855000", "comprehensiveIncomeNetOfTax": "73855000", "ebit": "92135000", "ebitda": "None", "netIncome": "73855000"}, {"fiscalDateEnding": "2019-12-31", "reportedCurrency": "USD", "grossProfit": "170042000", "totalRevenue": "419309000", "costOfRevenue": "249267000", "costofGoodsAndServicesSold": "None", "operatingIncome": "93704000", "sellingGeneralAndAdministrative": "48961000", "researchAndDevelopment": "27187000", "operatingExpenses": "76148000", "investmentIncomeNet": "346000", "netInterestIncome": "190000", "interestIncome": "346000", "interestExpense": "156000", "nonInterestIncome": "419119000", "otherNonOperatingIncome": "None", "depreciation": "12656000", "depreciationAndAmortization": "None", "incomeBeforeTax": "93894000", "incomeTaxExpense": "21796000", "interestAndDebtExpense": "156000", "netIncomeFromContinuingOperations": "72098000", "comprehensiveIncomeNetOfTax": "72098000", "ebit": "94050000", "ebitda": "None", "netIncome": "72098000"}, {"fiscalDateEnding": "2019-09-30", "reportedCurrency": "USD", "grossProfit": "192566000", "totalRevenue": "438357000", "costOfRevenue": "245791000", "costofGoodsAndServicesSold": "None", "operatingIncome": "118187000", "sellingGeneralAndAdministrative": "49436000", "researchAndDevelopment": "24591000", "operatingExpenses": "74035000", "investmentIncomeNet": "508000", "netInterestIncome": "352000", "interestIncome": "508000", "interestExpense": "156000", "nonInterestIncome": "438005000", "otherNonOperatingIncome": "None", "depreciation": "12708000", "depreciationAndAmortization": "None", "incomeBeforeTax": "118539000", "incomeTaxExpense": "29169000", "interestAndDebtExpense": "156000", "netIncomeFromContinuingOperations": "89370000", "comprehensiveIncomeNetOfTax": "89370000", "ebit": "118695000", "ebitda": "None", "netIncome": "89370000"}, {"fiscalDateEnding": "2019-06-30", "reportedCurrency": "USD", "grossProfit": "153240000", "totalRevenue": "393280000", "costOfRevenue": "240040000", "costofGoodsAndServicesSold": "None", "operatingIncome": "79418000", "sellingGeneralAndAdministrative": "49131000", "researchAndDevelopment": "24920000", "operatingExpenses": "74051000", "investmentIncomeNet": "178000", "netInterestIncome": "-229000", "interestIncome": "178000", "interestExpense": "407000", "nonInterestIncome": "393509000", "otherNonOperatingIncome": "None", "depreciation": "12656000", "depreciationAndAmortization": "None", "incomeBeforeTax": "79189000", "incomeTaxExpense": "18196000", "interestAndDebtExpense": "407000", "netIncomeFromContinuingOperations": "60993000", "comprehensiveIncomeNetOfTax": "60993000", "ebit": "79596000", "ebitda": "None", "netIncome": "60993000"}, {"fiscalDateEnding": "2019-03-31", "reportedCurrency": "USD", "grossProfit": "144701000", "totalRevenue": "380295000", "costOfRevenue": "235594000", "costofGoodsAndServicesSold": "None", "operatingIncome": "76441000", "sellingGeneralAndAdministrative": "44887000", "researchAndDevelopment": "23442000", "operatingExpenses": "68329000", "investmentIncomeNet": "155000", "netInterestIncome": "-69000", "interestIncome": "155000", "interestExpense": "224000", "nonInterestIncome": "380364000", "otherNonOperatingIncome": "None", "depreciation": "12252000", "depreciationAndAmortization": "None", "incomeBeforeTax": "76372000", "incomeTaxExpense": "17120000", "interestAndDebtExpense": "224000", "netIncomeFromContinuingOperations": "59252000", "comprehensiveIncomeNetOfTax": "59252000", "ebit": "76596000", "ebitda": "None", "netIncome": "59252000"}, {"fiscalDateEnding": "2018-12-31", "reportedCurrency": "USD", "grossProfit": "159095000", "totalRevenue": "386379000", "costOfRevenue": "227284000", "costofGoodsAndServicesSold": "None", "operatingIncome": "88204000", "sellingGeneralAndAdministrative": "46797000", "researchAndDevelopment": "23990000", "operatingExpenses": "70787000", "investmentIncomeNet": "252000", "netInterestIncome": "104000", "interestIncome": "252000", "interestExpense": "148000", "nonInterestIncome": "386275000", "otherNonOperatingIncome": "None", "depreciation": "11567000", "depreciationAndAmortization": "None", "incomeBeforeTax": "88308000", "incomeTaxExpense": "20219000", "interestAndDebtExpense": "148000", "netIncomeFromContinuingOperations": "68089000", "comprehensiveIncomeNetOfTax": "68089000", "ebit": "88456000", "ebitda": "None", "netIncome": "68089000"}, {"fiscalDateEnding": "2018-09-30", "reportedCurrency": "USD", "grossProfit": "172575000", "totalRevenue": "392687000", "costOfRevenue": "220112000", "costofGoodsAndServicesSold": "None", "operatingIncome": "103222000", "sellingGeneralAndAdministrative": "45183000", "researchAndDevelopment": "24026000", "operatingExpenses": "69239000", "investmentIncomeNet": "291000", "netInterestIncome": "144000", "interestIncome": "291000", "interestExpense": "147000", "nonInterestIncome": "392543000", "otherNonOperatingIncome": "None", "depreciation": "10903000", "depreciationAndAmortization": "None", "incomeBeforeTax": "103366000", "incomeTaxExpense": "19815000", "interestAndDebtExpense": "147000", "netIncomeFromContinuingOperations": "83551000", "comprehensiveIncomeNetOfTax": "83551000", "ebit": "103513000", "ebitda": "None", "netIncome": "83551000"}, {"fiscalDateEnding": "2018-06-30", "reportedCurrency": "USD", "grossProfit": "193623000", "totalRevenue": "417229000", "costOfRevenue": "223606000", "costofGoodsAndServicesSold": "None", "operatingIncome": "84950000", "sellingGeneralAndAdministrative": "45294000", "researchAndDevelopment": "24406000", "operatingExpenses": "73021000", "investmentIncomeNet": "152000", "netInterestIncome": "-595000", "interestIncome": "152000", "interestExpense": "747000", "nonInterestIncome": "0", "otherNonOperatingIncome": "None", "depreciation": "11505000", "depreciationAndAmortization": "None", "incomeBeforeTax": "84355000", "incomeTaxExpense": "16519000", "interestAndDebtExpense": "747000", "netIncomeFromContinuingOperations": "85280000", "comprehensiveIncomeNetOfTax": "85280000", "ebit": "85102000", "ebitda": "None", "netIncome": "67836000"}, {"fiscalDateEnding": "2018-03-31", "reportedCurrency": "USD", "grossProfit": "166167000", "totalRevenue": "384684000", "costOfRevenue": "218517000", "costofGoodsAndServicesSold": "None", "operatingIncome": "90706000", "sellingGeneralAndAdministrative": "42234000", "researchAndDevelopment": "22591000", "operatingExpenses": "66776000", "investmentIncomeNet": "130000", "netInterestIncome": "-604000", "interestIncome": "130000", "interestExpense": "734000", "nonInterestIncome": "0", "otherNonOperatingIncome": "None", "depreciation": "11868000", "depreciationAndAmortization": "None", "incomeBeforeTax": "90102000", "incomeTaxExpense": "21017000", "interestAndDebtExpense": "734000", "netIncomeFromContinuingOperations": "72395000", "comprehensiveIncomeNetOfTax": "72395000", "ebit": "90836000", "ebitda": "None", "netIncome": "69085000"}, {"fiscalDateEnding": "2017-12-31", "reportedCurrency": "USD", "grossProfit": "167656000", "totalRevenue": "374756000", "costOfRevenue": "207100000", "costofGoodsAndServicesSold": "None", "operatingIncome": "84790000", "sellingGeneralAndAdministrative": "43094000", "researchAndDevelopment": "22414000", "operatingExpenses": "67838000", "investmentIncomeNet": "146000", "netInterestIncome": "-104000", "interestIncome": "146000", "interestExpense": "250000", "nonInterestIncome": "189000", "otherNonOperatingIncome": "None", "depreciation": "12183000", "depreciationAndAmortization": "None", "incomeBeforeTax": "84686000", "incomeTaxExpense": "-76557000", "interestAndDebtExpense": "250000", "netIncomeFromContinuingOperations": "155574000", "comprehensiveIncomeNetOfTax": "155574000", "ebit": "84936000", "ebitda": "None", "netIncome": "161243000"}, {"fiscalDateEnding": "2017-09-30", "reportedCurrency": "USD", "grossProfit": "156019000", "totalRevenue": "359934000", "costOfRevenue": "203915000", "costofGoodsAndServicesSold": "None", "operatingIncome": "97057000", "sellingGeneralAndAdministrative": "41088000", "researchAndDevelopment": "20929000", "operatingExpenses": "61337000", "investmentIncomeNet": "147000", "netInterestIncome": "-42000", "interestIncome": "147000", "interestExpense": "189000", "nonInterestIncome": "3325000", "otherNonOperatingIncome": "None", "depreciation": "12419000", "depreciationAndAmortization": "None", "incomeBeforeTax": "97015000", "incomeTaxExpense": "30145000", "interestAndDebtExpense": "189000", "netIncomeFromContinuingOperations": "63411000", "comprehensiveIncomeNetOfTax": "63411000", "ebit": "97204000", "ebitda": "None", "netIncome": "66870000"}, {"fiscalDateEnding": "2017-06-30", "reportedCurrency": "USD", "grossProfit": "164371000", "totalRevenue": "383769000", "costOfRevenue": "219398000", "costofGoodsAndServicesSold": "219398000", "operatingIncome": "98948000", "sellingGeneralAndAdministrative": "43103000", "researchAndDevelopment": "23340000", "operatingExpenses": "65423000", "investmentIncomeNet": "38000", "netInterestIncome": "-354000", "interestIncome": "38000", "interestExpense": "392000", "nonInterestIncome": "1020000", "otherNonOperatingIncome": "None", "depreciation": "12123000", "depreciationAndAmortization": "None", "incomeBeforeTax": "98594000", "incomeTaxExpense": "33903000", "interestAndDebtExpense": "392000", "netIncomeFromContinuingOperations": "64691000", "comprehensiveIncomeNetOfTax": "64691000", "ebit": "98986000", "ebitda": "None", "netIncome": "64691000"}, {"fiscalDateEnding": "2017-03-31", "reportedCurrency": "USD", "grossProfit": "147040000", "totalRevenue": "353767000", "costOfRevenue": "206727000", "costofGoodsAndServicesSold": "206727000", "operatingIncome": "88731000", "sellingGeneralAndAdministrative": "39794000", "researchAndDevelopment": "20801000", "operatingExpenses": "58309000", "investmentIncomeNet": "42000", "netInterestIncome": "-236000", "interestIncome": "42000", "interestExpense": "278000", "nonInterestIncome": "2286000", "otherNonOperatingIncome": "None", "depreciation": "12662000", "depreciationAndAmortization": "None", "incomeBeforeTax": "88495000", "incomeTaxExpense": "28451000", "interestAndDebtExpense": "278000", "netIncomeFromContinuingOperations": "60044000", "comprehensiveIncomeNetOfTax": "60044000", "ebit": "88773000", "ebitda": "None", "netIncome": "60044000"}, {"fiscalDateEnding": "2016-12-31", "reportedCurrency": "USD", "grossProfit": "150407000", "totalRevenue": "348553000", "costOfRevenue": "198146000", "costofGoodsAndServicesSold": "198146000", "operatingIncome": "88606000", "sellingGeneralAndAdministrative": "40892000", "researchAndDevelopment": "20873000", "operatingExpenses": "61801000", "investmentIncomeNet": "60000", "netInterestIncome": "-124000", "interestIncome": "60000", "interestExpense": "184000", "nonInterestIncome": "-36000", "otherNonOperatingIncome": "None", "depreciation": "12502000", "depreciationAndAmortization": "None", "incomeBeforeTax": "88482000", "incomeTaxExpense": "29668000", "interestAndDebtExpense": "184000", "netIncomeFromContinuingOperations": "58814000", "comprehensiveIncomeNetOfTax": "58814000", "ebit": "88666000", "ebitda": "None", "netIncome": "58814000"}]}