{"symbol": "K", "annualReports": [{"fiscalDateEnding": "2020-12-31", "reportedCurrency": "USD", "grossProfit": "4727000000", "totalRevenue": "13770000000", "costOfRevenue": "9043000000", "costofGoodsAndServicesSold": "9043000000", "operatingIncome": "1761000000", "sellingGeneralAndAdministrative": "2966000000", "researchAndDevelopment": "135000000", "operatingExpenses": "2966000000", "investmentIncomeNet": "None", "netInterestIncome": "-281000000", "interestIncome": "-281000000", "interestExpense": "281000000", "nonInterestIncome": "None", "otherNonOperatingIncome": "121000000", "depreciation": "None", "depreciationAndAmortization": "479000000", "incomeBeforeTax": "1574000000", "incomeTaxExpense": "323000000", "interestAndDebtExpense": "281000000", "netIncomeFromContinuingOperations": "1278000000", "comprehensiveIncomeNetOfTax": "967000000", "ebit": "1761000000", "ebitda": "2334000000", "netIncome": "1251000000"}, {"fiscalDateEnding": "2019-12-31", "reportedCurrency": "USD", "grossProfit": "4381000000", "totalRevenue": "13578000000", "costOfRevenue": "9197000000", "costofGoodsAndServicesSold": "9197000000", "operatingIncome": "1401000000", "sellingGeneralAndAdministrative": "2980000000", "researchAndDevelopment": "144000000", "operatingExpenses": "3273000000", "investmentIncomeNet": "None", "netInterestIncome": "-284000000", "interestIncome": "-264000000", "interestExpense": "284000000", "nonInterestIncome": "None", "otherNonOperatingIncome": "188000000", "depreciation": "None", "depreciationAndAmortization": "27000000", "incomeBeforeTax": "1281000000", "incomeTaxExpense": "321000000", "interestAndDebtExpense": "284000000", "netIncomeFromContinuingOperations": "977000000", "comprehensiveIncomeNetOfTax": "1034000000", "ebit": "1401000000", "ebitda": "1592000000", "netIncome": "960000000"}, {"fiscalDateEnding": "2018-12-31", "reportedCurrency": "USD", "grossProfit": "4726000000", "totalRevenue": "13547000000", "costOfRevenue": "8821000000", "costofGoodsAndServicesSold": "8821000000", "operatingIncome": "1706000000", "sellingGeneralAndAdministrative": "3020000000", "researchAndDevelopment": "154000000", "operatingExpenses": "3344000000", "investmentIncomeNet": "None", "netInterestIncome": "-287000000", "interestIncome": "-271000000", "interestExpense": "287000000", "nonInterestIncome": "200000000", "otherNonOperatingIncome": "-90000000", "depreciation": "None", "depreciationAndAmortization": "23000000", "incomeBeforeTax": "1517000000", "incomeTaxExpense": "181000000", "interestAndDebtExpense": "287000000", "netIncomeFromContinuingOperations": "1344000000", "comprehensiveIncomeNetOfTax": "1293000000", "ebit": "1706000000", "ebitda": "1827000000", "netIncome": "1336000000"}, {"fiscalDateEnding": "2017-12-31", "reportedCurrency": "USD", "grossProfit": "4699000000", "totalRevenue": "12854000000", "costOfRevenue": "8155000000", "costofGoodsAndServicesSold": "8155000000", "operatingIncome": "1387000000", "sellingGeneralAndAdministrative": "3312000000", "researchAndDevelopment": "148000000", "operatingExpenses": "3513000000", "investmentIncomeNet": "None", "netInterestIncome": "-4000000", "interestIncome": "-266000000", "interestExpense": "4000000", "nonInterestIncome": "None", "otherNonOperatingIncome": "526000000", "depreciation": "None", "depreciationAndAmortization": "12000000", "incomeBeforeTax": "1664000000", "incomeTaxExpense": "410000000", "interestAndDebtExpense": "256000000", "netIncomeFromContinuingOperations": "1269000000", "comprehensiveIncomeNetOfTax": "1372000000", "ebit": "1387000000", "ebitda": "1680000000", "netIncome": "1254000000"}, {"fiscalDateEnding": "2016-12-31", "reportedCurrency": "USD", "grossProfit": "4755000000", "totalRevenue": "12965000000", "costOfRevenue": "8210000000", "costofGoodsAndServicesSold": "8131000000", "operatingIncome": "1483000000", "sellingGeneralAndAdministrative": "3351000000", "researchAndDevelopment": "182000000", "operatingExpenses": "3883000000", "investmentIncomeNet": "None", "netInterestIncome": "-4000000", "interestIncome": "-406000000", "interestExpense": "4000000", "nonInterestIncome": "None", "otherNonOperatingIncome": "-143000000", "depreciation": "None", "depreciationAndAmortization": "7000000", "incomeBeforeTax": "934000000", "incomeTaxExpense": "235000000", "interestAndDebtExpense": "406000000", "netIncomeFromContinuingOperations": "695000000", "comprehensiveIncomeNetOfTax": "500000000", "ebit": "1483000000", "ebitda": "945000000", "netIncome": "699000000"}], "quarterlyReports": [{"fiscalDateEnding": "2021-09-30", "reportedCurrency": "USD", "grossProfit": "447000000", "totalRevenue": "3622000000", "costOfRevenue": "3175000000", "costofGoodsAndServicesSold": "2457000000", "operatingIncome": "447000000", "sellingGeneralAndAdministrative": "718000000", "researchAndDevelopment": "None", "operatingExpenses": "718000000", "investmentIncomeNet": "None", "netInterestIncome": "-55000000", "interestIncome": "-118000000", "interestExpense": "55000000", "nonInterestIncome": "None", "otherNonOperatingIncome": "0", "depreciation": "None", "depreciationAndAmortization": "114000000", "incomeBeforeTax": "399000000", "incomeTaxExpense": "92000000", "interestAndDebtExpense": "55000000", "netIncomeFromContinuingOperations": "305000000", "comprehensiveIncomeNetOfTax": "277000000", "ebit": "447000000", "ebitda": "568000000", "netIncome": "307000000"}, {"fiscalDateEnding": "2021-06-30", "reportedCurrency": "USD", "grossProfit": "504000000", "totalRevenue": "3555000000", "costOfRevenue": "3051000000", "costofGoodsAndServicesSold": "2331000000", "operatingIncome": "504000000", "sellingGeneralAndAdministrative": "720000000", "researchAndDevelopment": "None", "operatingExpenses": "720000000", "investmentIncomeNet": "None", "netInterestIncome": "-58000000", "interestIncome": "-48000000", "interestExpense": "58000000", "nonInterestIncome": "None", "otherNonOperatingIncome": "86000000", "depreciation": "None", "depreciationAndAmortization": "120000000", "incomeBeforeTax": "524000000", "incomeTaxExpense": "144000000", "interestAndDebtExpense": "58000000", "netIncomeFromContinuingOperations": "385000000", "comprehensiveIncomeNetOfTax": "382000000", "ebit": "504000000", "ebitda": "702000000", "netIncome": "380000000"}, {"fiscalDateEnding": "2021-03-31", "reportedCurrency": "USD", "grossProfit": "472000000", "totalRevenue": "3584000000", "costOfRevenue": "3112000000", "costofGoodsAndServicesSold": "2418000000", "operatingIncome": "472000000", "sellingGeneralAndAdministrative": "694000000", "researchAndDevelopment": "None", "operatingExpenses": "694000000", "investmentIncomeNet": "None", "netInterestIncome": "-59000000", "interestIncome": "-60000000", "interestExpense": "59000000", "nonInterestIncome": "None", "otherNonOperatingIncome": "69000000", "depreciation": "None", "depreciationAndAmortization": "112000000", "incomeBeforeTax": "477000000", "incomeTaxExpense": "109000000", "interestAndDebtExpense": "59000000", "netIncomeFromContinuingOperations": "371000000", "comprehensiveIncomeNetOfTax": "435000000", "ebit": "472000000", "ebitda": "648000000", "netIncome": "368000000"}, {"fiscalDateEnding": "2020-12-31", "reportedCurrency": "USD", "grossProfit": "1185000000", "totalRevenue": "3464000000", "costOfRevenue": "2279000000", "costofGoodsAndServicesSold": "2279000000", "operatingIncome": "385000000", "sellingGeneralAndAdministrative": "800000000", "researchAndDevelopment": "None", "operatingExpenses": "800000000", "investmentIncomeNet": "None", "netInterestIncome": "-85000000", "interestIncome": "-85000000", "interestExpense": "85000000", "nonInterestIncome": "None", "otherNonOperatingIncome": "-30000000", "depreciation": "None", "depreciationAndAmortization": "124000000", "incomeBeforeTax": "260000000", "incomeTaxExpense": "55000000", "interestAndDebtExpense": "85000000", "netIncomeFromContinuingOperations": "215000000", "comprehensiveIncomeNetOfTax": "230000000", "ebit": "385000000", "ebitda": "469000000", "netIncome": "205000000"}, {"fiscalDateEnding": "2020-09-30", "reportedCurrency": "USD", "grossProfit": "1201000000", "totalRevenue": "3429000000", "costOfRevenue": "2228000000", "costofGoodsAndServicesSold": "2228000000", "operatingIncome": "411000000", "sellingGeneralAndAdministrative": "790000000", "researchAndDevelopment": "None", "operatingExpenses": "790000000", "investmentIncomeNet": "None", "netInterestIncome": "-63000000", "interestIncome": "-63000000", "interestExpense": "63000000", "nonInterestIncome": "None", "otherNonOperatingIncome": "70000000", "depreciation": "None", "depreciationAndAmortization": "7000000", "incomeBeforeTax": "413000000", "incomeTaxExpense": "65000000", "interestAndDebtExpense": "63000000", "netIncomeFromContinuingOperations": "352000000", "comprehensiveIncomeNetOfTax": "308000000", "ebit": "411000000", "ebitda": "483000000", "netIncome": "348000000"}, {"fiscalDateEnding": "2020-06-30", "reportedCurrency": "USD", "grossProfit": "1197000000", "totalRevenue": "3465000000", "costOfRevenue": "2268000000", "costofGoodsAndServicesSold": "2268000000", "operatingIncome": "506000000", "sellingGeneralAndAdministrative": "691000000", "researchAndDevelopment": "None", "operatingExpenses": "691000000", "investmentIncomeNet": "None", "netInterestIncome": "-69000000", "interestIncome": "-69000000", "interestExpense": "69000000", "nonInterestIncome": "None", "otherNonOperatingIncome": "30000000", "depreciation": "None", "depreciationAndAmortization": "7000000", "incomeBeforeTax": "460000000", "incomeTaxExpense": "109000000", "interestAndDebtExpense": "69000000", "netIncomeFromContinuingOperations": "354000000", "comprehensiveIncomeNetOfTax": "361000000", "ebit": "506000000", "ebitda": "536000000", "netIncome": "351000000"}, {"fiscalDateEnding": "2020-03-31", "reportedCurrency": "USD", "grossProfit": "1144000000", "totalRevenue": "3412000000", "costOfRevenue": "2268000000", "costofGoodsAndServicesSold": "2268000000", "operatingIncome": "459000000", "sellingGeneralAndAdministrative": "685000000", "researchAndDevelopment": "None", "operatingExpenses": "692000000", "investmentIncomeNet": "None", "netInterestIncome": "-64000000", "interestIncome": "-55000000", "interestExpense": "64000000", "nonInterestIncome": "None", "otherNonOperatingIncome": "51000000", "depreciation": "None", "depreciationAndAmortization": "7000000", "incomeBeforeTax": "441000000", "incomeTaxExpense": "94000000", "interestAndDebtExpense": "64000000", "netIncomeFromContinuingOperations": "350000000", "comprehensiveIncomeNetOfTax": "68000000", "ebit": "459000000", "ebitda": "512000000", "netIncome": "347000000"}, {"fiscalDateEnding": "2019-12-31", "reportedCurrency": "USD", "grossProfit": "1088000000", "totalRevenue": "3223000000", "costOfRevenue": "2135000000", "costofGoodsAndServicesSold": "2135000000", "operatingIncome": "360000000", "sellingGeneralAndAdministrative": "728000000", "researchAndDevelopment": "None", "operatingExpenses": "1001000000", "investmentIncomeNet": "None", "netInterestIncome": "-63000000", "interestIncome": "-66000000", "interestExpense": "63000000", "nonInterestIncome": "None", "otherNonOperatingIncome": "-59000000", "depreciation": "None", "depreciationAndAmortization": "7000000", "incomeBeforeTax": "229000000", "incomeTaxExpense": "84000000", "interestAndDebtExpense": "63000000", "netIncomeFromContinuingOperations": "1088000000", "comprehensiveIncomeNetOfTax": "180000000", "ebit": "360000000", "ebitda": "299000000", "netIncome": "145000000"}, {"fiscalDateEnding": "2019-09-30", "reportedCurrency": "USD", "grossProfit": "1000000000", "totalRevenue": "3372000000", "costOfRevenue": "2372000000", "costofGoodsAndServicesSold": "2372000000", "operatingIncome": "263000000", "sellingGeneralAndAdministrative": "737000000", "researchAndDevelopment": "None", "operatingExpenses": "737000000", "investmentIncomeNet": "None", "netInterestIncome": "-72000000", "interestIncome": "-72000000", "interestExpense": "72000000", "nonInterestIncome": "None", "otherNonOperatingIncome": "150000000", "depreciation": "None", "depreciationAndAmortization": "6000000", "incomeBeforeTax": "338000000", "incomeTaxExpense": "91000000", "interestAndDebtExpense": "72000000", "netIncomeFromContinuingOperations": "248000000", "comprehensiveIncomeNetOfTax": "233000000", "ebit": "263000000", "ebitda": "416000000", "netIncome": "247000000"}, {"fiscalDateEnding": "2019-06-30", "reportedCurrency": "USD", "grossProfit": "1186000000", "totalRevenue": "3461000000", "costOfRevenue": "2275000000", "costofGoodsAndServicesSold": "2275000000", "operatingIncome": "397000000", "sellingGeneralAndAdministrative": "789000000", "researchAndDevelopment": "None", "operatingExpenses": "789000000", "investmentIncomeNet": "None", "netInterestIncome": "-75000000", "interestIncome": "-75000000", "interestExpense": "75000000", "nonInterestIncome": "None", "otherNonOperatingIncome": "45000000", "depreciation": "None", "depreciationAndAmortization": "7000000", "incomeBeforeTax": "360000000", "incomeTaxExpense": "74000000", "interestAndDebtExpense": "75000000", "netIncomeFromContinuingOperations": "292000000", "comprehensiveIncomeNetOfTax": "284000000", "ebit": "397000000", "ebitda": "442000000", "netIncome": "286000000"}, {"fiscalDateEnding": "2019-03-31", "reportedCurrency": "USD", "grossProfit": "1107000000", "totalRevenue": "3522000000", "costOfRevenue": "2415000000", "costofGoodsAndServicesSold": "2415000000", "operatingIncome": "381000000", "sellingGeneralAndAdministrative": "726000000", "researchAndDevelopment": "None", "operatingExpenses": "733000000", "investmentIncomeNet": "None", "netInterestIncome": "-74000000", "interestIncome": "None", "interestExpense": "74000000", "nonInterestIncome": "None", "otherNonOperatingIncome": "52000000", "depreciation": "None", "depreciationAndAmortization": "7000000", "incomeBeforeTax": "354000000", "incomeTaxExpense": "72000000", "interestAndDebtExpense": "74000000", "netIncomeFromContinuingOperations": "285000000", "comprehensiveIncomeNetOfTax": "337000000", "ebit": "381000000", "ebitda": "435000000", "netIncome": "282000000"}, {"fiscalDateEnding": "2018-12-31", "reportedCurrency": "USD", "grossProfit": "1089000000", "totalRevenue": "3317000000", "costOfRevenue": "2228000000", "costofGoodsAndServicesSold": "2228000000", "operatingIncome": "326000000", "sellingGeneralAndAdministrative": "763000000", "researchAndDevelopment": "154000000", "operatingExpenses": "1071000000", "investmentIncomeNet": "None", "netInterestIncome": "-74000000", "interestIncome": "None", "interestExpense": "74000000", "nonInterestIncome": "-10230000000", "otherNonOperatingIncome": "-359000000", "depreciation": "None", "depreciationAndAmortization": "7000000", "incomeBeforeTax": "-109000000", "incomeTaxExpense": "-25000000", "interestAndDebtExpense": "74000000", "netIncomeFromContinuingOperations": "1089000000", "comprehensiveIncomeNetOfTax": "-72000000", "ebit": "326000000", "ebitda": "-28000000", "netIncome": "-84000000"}, {"fiscalDateEnding": "2018-09-30", "reportedCurrency": "USD", "grossProfit": "1176000000", "totalRevenue": "3469000000", "costOfRevenue": "2293000000", "costofGoodsAndServicesSold": "2293000000", "operatingIncome": "396000000", "sellingGeneralAndAdministrative": "780000000", "researchAndDevelopment": "None", "operatingExpenses": "780000000", "investmentIncomeNet": "None", "netInterestIncome": "-72000000", "interestIncome": "None", "interestExpense": "72000000", "nonInterestIncome": "3469000000", "otherNonOperatingIncome": "130000000", "depreciation": "None", "depreciationAndAmortization": "7000000", "incomeBeforeTax": "449000000", "incomeTaxExpense": "69000000", "interestAndDebtExpense": "72000000", "netIncomeFromContinuingOperations": "383000000", "comprehensiveIncomeNetOfTax": "369000000", "ebit": "396000000", "ebitda": "528000000", "netIncome": "380000000"}, {"fiscalDateEnding": "2018-06-30", "reportedCurrency": "USD", "grossProfit": "1209000000", "totalRevenue": "3360000000", "costOfRevenue": "2151000000", "costofGoodsAndServicesSold": "2151000000", "operatingIncome": "474000000", "sellingGeneralAndAdministrative": "735000000", "researchAndDevelopment": "None", "operatingExpenses": "735000000", "investmentIncomeNet": "None", "netInterestIncome": "-72000000", "interestIncome": "None", "interestExpense": "72000000", "nonInterestIncome": "None", "otherNonOperatingIncome": "69000000", "depreciation": "None", "depreciationAndAmortization": "6000000", "incomeBeforeTax": "666000000", "incomeTaxExpense": "70000000", "interestAndDebtExpense": "72000000", "netIncomeFromContinuingOperations": "599000000", "comprehensiveIncomeNetOfTax": "502000000", "ebit": "474000000", "ebitda": "744000000", "netIncome": "596000000"}, {"fiscalDateEnding": "2018-03-31", "reportedCurrency": "USD", "grossProfit": "1252000000", "totalRevenue": "3401000000", "costOfRevenue": "2149000000", "costofGoodsAndServicesSold": "2149000000", "operatingIncome": "510000000", "sellingGeneralAndAdministrative": "742000000", "researchAndDevelopment": "None", "operatingExpenses": "745000000", "investmentIncomeNet": "None", "netInterestIncome": "-69000000", "interestIncome": "None", "interestExpense": "69000000", "nonInterestIncome": "None", "otherNonOperatingIncome": "70000000", "depreciation": "None", "depreciationAndAmortization": "3000000", "incomeBeforeTax": "511000000", "incomeTaxExpense": "67000000", "interestAndDebtExpense": "69000000", "netIncomeFromContinuingOperations": "444000000", "comprehensiveIncomeNetOfTax": "494000000", "ebit": "510000000", "ebitda": "583000000", "netIncome": "444000000"}, {"fiscalDateEnding": "2017-12-31", "reportedCurrency": "USD", "grossProfit": "1142000000", "totalRevenue": "3185000000", "costOfRevenue": "2043000000", "costofGoodsAndServicesSold": "2043000000", "operatingIncome": "389000000", "sellingGeneralAndAdministrative": "753000000", "researchAndDevelopment": "148000000", "operatingExpenses": "24000000", "investmentIncomeNet": "None", "netInterestIncome": "184000000", "interestIncome": "None", "interestExpense": "-184000000", "nonInterestIncome": "None", "otherNonOperatingIncome": "258000000", "depreciation": "None", "depreciationAndAmortization": "4000000", "incomeBeforeTax": "581000000", "incomeTaxExpense": "164000000", "interestAndDebtExpense": "68000000", "netIncomeFromContinuingOperations": "1297000000", "comprehensiveIncomeNetOfTax": "422000000", "ebit": "389000000", "ebitda": "401000000", "netIncome": "417000000"}, {"fiscalDateEnding": "2017-09-30", "reportedCurrency": "USD", "grossProfit": "1172000000", "totalRevenue": "3246000000", "costOfRevenue": "2074000000", "costofGoodsAndServicesSold": "2074000000", "operatingIncome": "333000000", "sellingGeneralAndAdministrative": "839000000", "researchAndDevelopment": "None", "operatingExpenses": "768000000", "investmentIncomeNet": "None", "netInterestIncome": "-64000000", "interestIncome": "None", "interestExpense": "64000000", "nonInterestIncome": "3246000000", "otherNonOperatingIncome": "117000000", "depreciation": "None", "depreciationAndAmortization": "4000000", "incomeBeforeTax": "389000000", "incomeTaxExpense": "101000000", "interestAndDebtExpense": "64000000", "netIncomeFromContinuingOperations": "297000000", "comprehensiveIncomeNetOfTax": "326000000", "ebit": "333000000", "ebitda": "457000000", "netIncome": "288000000"}, {"fiscalDateEnding": "2017-06-30", "reportedCurrency": "USD", "grossProfit": "1225000000", "totalRevenue": "3175000000", "costOfRevenue": "1950000000", "costofGoodsAndServicesSold": "1950000000", "operatingIncome": "385000000", "sellingGeneralAndAdministrative": "840000000", "researchAndDevelopment": "None", "operatingExpenses": "96000000", "investmentIncomeNet": "None", "netInterestIncome": "-63000000", "interestIncome": "None", "interestExpense": "63000000", "nonInterestIncome": "None", "otherNonOperatingIncome": "63000000", "depreciation": "None", "depreciationAndAmortization": "2000000", "incomeBeforeTax": "385000000", "incomeTaxExpense": "102000000", "interestAndDebtExpense": "63000000", "netIncomeFromContinuingOperations": "1169000000", "comprehensiveIncomeNetOfTax": "1169000000", "ebit": "385000000", "ebitda": "450000000", "netIncome": "283000000"}, {"fiscalDateEnding": "2017-03-31", "reportedCurrency": "USD", "grossProfit": "1160000000", "totalRevenue": "3248000000", "costOfRevenue": "2088000000", "costofGoodsAndServicesSold": "2088000000", "operatingIncome": "280000000", "sellingGeneralAndAdministrative": "880000000", "researchAndDevelopment": "None", "operatingExpenses": "142000000", "investmentIncomeNet": "None", "netInterestIncome": "-61000000", "interestIncome": "None", "interestExpense": "61000000", "nonInterestIncome": "None", "otherNonOperatingIncome": "88000000", "depreciation": "None", "depreciationAndAmortization": "2000000", "incomeBeforeTax": "309000000", "incomeTaxExpense": "43000000", "interestAndDebtExpense": "61000000", "netIncomeFromContinuingOperations": "1062000000", "comprehensiveIncomeNetOfTax": "1062000000", "ebit": "280000000", "ebitda": "372000000", "netIncome": "266000000"}, {"fiscalDateEnding": "2016-12-31", "reportedCurrency": "USD", "grossProfit": "976000000", "totalRevenue": "3048000000", "costOfRevenue": "161000000", "costofGoodsAndServicesSold": "1993000000", "operatingIncome": "186000000", "sellingGeneralAndAdministrative": "869000000", "researchAndDevelopment": "182000000", "operatingExpenses": "161000000", "investmentIncomeNet": "None", "netInterestIncome": "None", "interestIncome": "None", "interestExpense": "63000000", "nonInterestIncome": "None", "otherNonOperatingIncome": "-150000000", "depreciation": "None", "depreciationAndAmortization": "2000000", "incomeBeforeTax": "-33000000", "incomeTaxExpense": "20000000", "interestAndDebtExpense": "63000000", "netIncomeFromContinuingOperations": "815000000", "comprehensiveIncomeNetOfTax": "-118000000", "ebit": "186000000", "ebitda": "188000000", "netIncome": "-53000000"}]}