{"symbol": "KEYS", "annualReports": [{"fiscalDateEnding": "2020-10-31", "reportedCurrency": "USD", "grossProfit": "1230000000", "totalRevenue": "4221000000", "costOfRevenue": "2991000000", "costofGoodsAndServicesSold": "1688000000", "operatingIncome": "765000000", "sellingGeneralAndAdministrative": "1097000000", "researchAndDevelopment": "715000000", "operatingExpenses": "2018000000", "investmentIncomeNet": "11000000", "netInterestIncome": "-78000000", "interestIncome": "11000000", "interestExpense": "78000000", "nonInterestIncome": "4224000000", "otherNonOperatingIncome": "63000000", "depreciation": "104000000", "depreciationAndAmortization": "220000000", "incomeBeforeTax": "761000000", "incomeTaxExpense": "134000000", "interestAndDebtExpense": "78000000", "netIncomeFromContinuingOperations": "935000000", "comprehensiveIncomeNetOfTax": "606000000", "ebit": "765000000", "ebitda": "1059000000", "netIncome": "627000000"}, {"fiscalDateEnding": "2019-10-31", "reportedCurrency": "USD", "grossProfit": "1160000000", "totalRevenue": "4303000000", "costOfRevenue": "3143000000", "costofGoodsAndServicesSold": "1769000000", "operatingIncome": "711000000", "sellingGeneralAndAdministrative": "1155000000", "researchAndDevelopment": "688000000", "operatingExpenses": "2061000000", "investmentIncomeNet": "23000000", "netInterestIncome": "-80000000", "interestIncome": "23000000", "interestExpense": "80000000", "nonInterestIncome": "4306000000", "otherNonOperatingIncome": "61000000", "depreciation": "96000000", "depreciationAndAmortization": "210000000", "incomeBeforeTax": "715000000", "incomeTaxExpense": "94000000", "interestAndDebtExpense": "80000000", "netIncomeFromContinuingOperations": "943000000", "comprehensiveIncomeNetOfTax": "531000000", "ebit": "711000000", "ebitda": "1005000000", "netIncome": "621000000"}, {"fiscalDateEnding": "2018-10-31", "reportedCurrency": "USD", "grossProfit": "-89000000", "totalRevenue": "3819000000", "costOfRevenue": "3908000000", "costofGoodsAndServicesSold": "1767000000", "operatingIncome": "-394000000", "sellingGeneralAndAdministrative": "1205000000", "researchAndDevelopment": "624000000", "operatingExpenses": "2804000000", "investmentIncomeNet": "12000000", "netInterestIncome": "-83000000", "interestIncome": "12000000", "interestExpense": "83000000", "nonInterestIncome": "3902000000", "otherNonOperatingIncome": "54000000", "depreciation": "103000000", "depreciationAndAmortization": "204000000", "incomeBeforeTax": "-411000000", "incomeTaxExpense": "-576000000", "interestAndDebtExpense": "83000000", "netIncomeFromContinuingOperations": "1360000000", "comprehensiveIncomeNetOfTax": "134000000", "ebit": "-394000000", "ebitda": "-124000000", "netIncome": "165000000"}, {"fiscalDateEnding": "2017-10-31", "reportedCurrency": "USD", "grossProfit": "1623000000", "totalRevenue": "3110000000", "costOfRevenue": "1487000000", "costofGoodsAndServicesSold": "1492000000", "operatingIncome": "148000000", "sellingGeneralAndAdministrative": "1058000000", "researchAndDevelopment": "507000000", "operatingExpenses": "1755000000", "investmentIncomeNet": "7000000", "netInterestIncome": "-80000000", "interestIncome": "7000000", "interestExpense": "80000000", "nonInterestIncome": "1000000", "otherNonOperatingIncome": "104000000", "depreciation": "92000000", "depreciationAndAmortization": "131000000", "incomeBeforeTax": "179000000", "incomeTaxExpense": "77000000", "interestAndDebtExpense": "80000000", "netIncomeFromContinuingOperations": "543000000", "comprehensiveIncomeNetOfTax": "263000000", "ebit": "148000000", "ebitda": "390000000", "netIncome": "102000000"}, {"fiscalDateEnding": "2016-10-31", "reportedCurrency": "USD", "grossProfit": "1577000000", "totalRevenue": "2871000000", "costOfRevenue": "1294000000", "costofGoodsAndServicesSold": "1294000000", "operatingIncome": "406000000", "sellingGeneralAndAdministrative": "818000000", "researchAndDevelopment": "425000000", "operatingExpenses": "1314000000", "investmentIncomeNet": "3000000", "netInterestIncome": "-47000000", "interestIncome": "None", "interestExpense": "47000000", "nonInterestIncome": "2928000000", "otherNonOperatingIncome": "4000000", "depreciation": "85000000", "depreciationAndAmortization": "43000000", "incomeBeforeTax": "366000000", "incomeTaxExpense": "31000000", "interestAndDebtExpense": "47000000", "netIncomeFromContinuingOperations": "515000000", "comprehensiveIncomeNetOfTax": "196000000", "ebit": "406000000", "ebitda": "456000000", "netIncome": "335000000"}], "quarterlyReports": [{"fiscalDateEnding": "2021-07-31", "reportedCurrency": "USD", "grossProfit": "451000000", "totalRevenue": "1246000000", "costOfRevenue": "795000000", "costofGoodsAndServicesSold": "458000000", "operatingIncome": "284000000", "sellingGeneralAndAdministrative": "302000000", "researchAndDevelopment": "207000000", "operatingExpenses": "544000000", "investmentIncomeNet": "1000000", "netInterestIncome": "-20000000", "interestIncome": "1000000", "interestExpense": "20000000", "nonInterestIncome": "None", "otherNonOperatingIncome": "5000000", "depreciation": "30000000", "depreciationAndAmortization": "33000000", "incomeBeforeTax": "270000000", "incomeTaxExpense": "16000000", "interestAndDebtExpense": "20000000", "netIncomeFromContinuingOperations": "254000000", "comprehensiveIncomeNetOfTax": "237000000", "ebit": "284000000", "ebitda": "323000000", "netIncome": "254000000"}, {"fiscalDateEnding": "2021-04-30", "reportedCurrency": "USD", "grossProfit": "381000000", "totalRevenue": "1221000000", "costOfRevenue": "840000000", "costofGoodsAndServicesSold": "484000000", "operatingIncome": "235000000", "sellingGeneralAndAdministrative": "297000000", "researchAndDevelopment": "209000000", "operatingExpenses": "565000000", "investmentIncomeNet": "0", "netInterestIncome": "-19000000", "interestIncome": "None", "interestExpense": "19000000", "nonInterestIncome": "None", "otherNonOperatingIncome": "-8000000", "depreciation": "29000000", "depreciationAndAmortization": "56000000", "incomeBeforeTax": "208000000", "incomeTaxExpense": "22000000", "interestAndDebtExpense": "19000000", "netIncomeFromContinuingOperations": "186000000", "comprehensiveIncomeNetOfTax": "211000000", "ebit": "235000000", "ebitda": "283000000", "netIncome": "186000000"}, {"fiscalDateEnding": "2021-01-31", "reportedCurrency": "USD", "grossProfit": "345000000", "totalRevenue": "1180000000", "costOfRevenue": "835000000", "costofGoodsAndServicesSold": "473000000", "operatingIncome": "212000000", "sellingGeneralAndAdministrative": "301000000", "researchAndDevelopment": "199000000", "operatingExpenses": "561000000", "investmentIncomeNet": "1000000", "netInterestIncome": "-20000000", "interestIncome": "1000000", "interestExpense": "20000000", "nonInterestIncome": "None", "otherNonOperatingIncome": "2000000", "depreciation": "28000000", "depreciationAndAmortization": "58000000", "incomeBeforeTax": "195000000", "incomeTaxExpense": "23000000", "interestAndDebtExpense": "20000000", "netIncomeFromContinuingOperations": "172000000", "comprehensiveIncomeNetOfTax": "235000000", "ebit": "212000000", "ebitda": "273000000", "netIncome": "172000000"}, {"fiscalDateEnding": "2020-10-31", "reportedCurrency": "USD", "grossProfit": "405000000", "totalRevenue": "1220000000", "costOfRevenue": "815000000", "costofGoodsAndServicesSold": "464000000", "operatingIncome": "278000000", "sellingGeneralAndAdministrative": "287000000", "researchAndDevelopment": "193000000", "operatingExpenses": "544000000", "investmentIncomeNet": "0", "netInterestIncome": "-19000000", "interestIncome": "None", "interestExpense": "19000000", "nonInterestIncome": "None", "otherNonOperatingIncome": "7000000", "depreciation": "28000000", "depreciationAndAmortization": "58000000", "incomeBeforeTax": "266000000", "incomeTaxExpense": "49000000", "interestAndDebtExpense": "19000000", "netIncomeFromContinuingOperations": "525000000", "comprehensiveIncomeNetOfTax": "138000000", "ebit": "278000000", "ebitda": "343000000", "netIncome": "217000000"}, {"fiscalDateEnding": "2020-07-31", "reportedCurrency": "USD", "grossProfit": "285000000", "totalRevenue": "1011000000", "costOfRevenue": "726000000", "costofGoodsAndServicesSold": "405000000", "operatingIncome": "182000000", "sellingGeneralAndAdministrative": "259000000", "researchAndDevelopment": "169000000", "operatingExpenses": "490000000", "investmentIncomeNet": "1000000", "netInterestIncome": "-20000000", "interestIncome": "1000000", "interestExpense": "20000000", "nonInterestIncome": "None", "otherNonOperatingIncome": "22000000", "depreciation": "26000000", "depreciationAndAmortization": "54000000", "incomeBeforeTax": "185000000", "incomeTaxExpense": "9000000", "interestAndDebtExpense": "20000000", "netIncomeFromContinuingOperations": "176000000", "comprehensiveIncomeNetOfTax": "223000000", "ebit": "182000000", "ebitda": "259000000", "netIncome": "176000000"}, {"fiscalDateEnding": "2020-04-30", "reportedCurrency": "USD", "grossProfit": "210000000", "totalRevenue": "895000000", "costOfRevenue": "685000000", "costofGoodsAndServicesSold": "379000000", "operatingIncome": "102000000", "sellingGeneralAndAdministrative": "251000000", "researchAndDevelopment": "166000000", "operatingExpenses": "472000000", "investmentIncomeNet": "4000000", "netInterestIncome": "-20000000", "interestIncome": "4000000", "interestExpense": "20000000", "nonInterestIncome": "None", "otherNonOperatingIncome": "22000000", "depreciation": "26000000", "depreciationAndAmortization": "53000000", "incomeBeforeTax": "108000000", "incomeTaxExpense": "37000000", "interestAndDebtExpense": "20000000", "netIncomeFromContinuingOperations": "71000000", "comprehensiveIncomeNetOfTax": "65000000", "ebit": "102000000", "ebitda": "181000000", "netIncome": "71000000"}, {"fiscalDateEnding": "2020-01-31", "reportedCurrency": "USD", "grossProfit": "330000000", "totalRevenue": "1095000000", "costOfRevenue": "765000000", "costofGoodsAndServicesSold": "440000000", "operatingIncome": "203000000", "sellingGeneralAndAdministrative": "300000000", "researchAndDevelopment": "187000000", "operatingExpenses": "512000000", "investmentIncomeNet": "6000000", "netInterestIncome": "-19000000", "interestIncome": "6000000", "interestExpense": "19000000", "nonInterestIncome": "None", "otherNonOperatingIncome": "12000000", "depreciation": "24000000", "depreciationAndAmortization": "55000000", "incomeBeforeTax": "202000000", "incomeTaxExpense": "39000000", "interestAndDebtExpense": "19000000", "netIncomeFromContinuingOperations": "163000000", "comprehensiveIncomeNetOfTax": "180000000", "ebit": "203000000", "ebitda": "276000000", "netIncome": "163000000"}, {"fiscalDateEnding": "2019-10-31", "reportedCurrency": "USD", "grossProfit": "327000000", "totalRevenue": "1120000000", "costOfRevenue": "793000000", "costofGoodsAndServicesSold": "455000000", "operatingIncome": "208000000", "sellingGeneralAndAdministrative": "286000000", "researchAndDevelopment": "176000000", "operatingExpenses": "514000000", "investmentIncomeNet": "6000000", "netInterestIncome": "-20000000", "interestIncome": "6000000", "interestExpense": "20000000", "nonInterestIncome": "4305000000", "otherNonOperatingIncome": "9000000", "depreciation": "24000000", "depreciationAndAmortization": "55000000", "incomeBeforeTax": "203000000", "incomeTaxExpense": "8000000", "interestAndDebtExpense": "20000000", "netIncomeFromContinuingOperations": "517000000", "comprehensiveIncomeNetOfTax": "77000000", "ebit": "208000000", "ebitda": "278000000", "netIncome": "195000000"}, {"fiscalDateEnding": "2019-07-31", "reportedCurrency": "USD", "grossProfit": "305000000", "totalRevenue": "1087000000", "costOfRevenue": "782000000", "costofGoodsAndServicesSold": "444000000", "operatingIncome": "197000000", "sellingGeneralAndAdministrative": "281000000", "researchAndDevelopment": "168000000", "operatingExpenses": "506000000", "investmentIncomeNet": "7000000", "netInterestIncome": "-20000000", "interestIncome": "7000000", "interestExpense": "20000000", "nonInterestIncome": "0", "otherNonOperatingIncome": "15000000", "depreciation": "24000000", "depreciationAndAmortization": "53000000", "incomeBeforeTax": "199000000", "incomeTaxExpense": "40000000", "interestAndDebtExpense": "20000000", "netIncomeFromContinuingOperations": "159000000", "comprehensiveIncomeNetOfTax": "160000000", "ebit": "197000000", "ebitda": "272000000", "netIncome": "159000000"}, {"fiscalDateEnding": "2019-04-30", "reportedCurrency": "USD", "grossProfit": "291000000", "totalRevenue": "1090000000", "costOfRevenue": "799000000", "costofGoodsAndServicesSold": "442000000", "operatingIncome": "185000000", "sellingGeneralAndAdministrative": "300000000", "researchAndDevelopment": "171000000", "operatingExpenses": "528000000", "investmentIncomeNet": "6000000", "netInterestIncome": "-20000000", "interestIncome": "-16000000", "interestExpense": "20000000", "nonInterestIncome": "1000000", "otherNonOperatingIncome": "22000000", "depreciation": "24000000", "depreciationAndAmortization": "51000000", "incomeBeforeTax": "193000000", "incomeTaxExpense": "40000000", "interestAndDebtExpense": "20000000", "netIncomeFromContinuingOperations": "153000000", "comprehensiveIncomeNetOfTax": "141000000", "ebit": "185000000", "ebitda": "264000000", "netIncome": "153000000"}, {"fiscalDateEnding": "2019-01-31", "reportedCurrency": "USD", "grossProfit": "237000000", "totalRevenue": "1006000000", "costOfRevenue": "769000000", "costofGoodsAndServicesSold": "428000000", "operatingIncome": "121000000", "sellingGeneralAndAdministrative": "288000000", "researchAndDevelopment": "173000000", "operatingExpenses": "513000000", "investmentIncomeNet": "4000000", "netInterestIncome": "-20000000", "interestIncome": "None", "interestExpense": "20000000", "nonInterestIncome": "0", "otherNonOperatingIncome": "15000000", "depreciation": "24000000", "depreciationAndAmortization": "51000000", "incomeBeforeTax": "120000000", "incomeTaxExpense": "6000000", "interestAndDebtExpense": "20000000", "netIncomeFromContinuingOperations": "114000000", "comprehensiveIncomeNetOfTax": "153000000", "ebit": "121000000", "ebitda": "191000000", "netIncome": "114000000"}, {"fiscalDateEnding": "2018-10-31", "reportedCurrency": "USD", "grossProfit": "-1656000000", "totalRevenue": "988000000", "costOfRevenue": "2612000000", "costofGoodsAndServicesSold": "462000000", "operatingIncome": "-580000000", "sellingGeneralAndAdministrative": "311000000", "researchAndDevelopment": "160000000", "operatingExpenses": "1355000000", "investmentIncomeNet": "4000000", "netInterestIncome": "-20000000", "interestIncome": "None", "interestExpense": "20000000", "nonInterestIncome": "None", "otherNonOperatingIncome": "12000000", "depreciation": "25000000", "depreciationAndAmortization": "51000000", "incomeBeforeTax": "-584000000", "incomeTaxExpense": "-470000000", "interestAndDebtExpense": "20000000", "netIncomeFromContinuingOperations": "704000000", "comprehensiveIncomeNetOfTax": "-153000000", "ebit": "-580000000", "ebitda": "-513000000", "netIncome": "-114000000"}, {"fiscalDateEnding": "2018-07-31", "reportedCurrency": "USD", "grossProfit": "565000000", "totalRevenue": "1004000000", "costOfRevenue": "439000000", "costofGoodsAndServicesSold": "442000000", "operatingIncome": "117000000", "sellingGeneralAndAdministrative": "294000000", "researchAndDevelopment": "154000000", "operatingExpenses": "479000000", "investmentIncomeNet": "3000000", "netInterestIncome": "-20000000", "interestIncome": "None", "interestExpense": "20000000", "nonInterestIncome": "None", "otherNonOperatingIncome": "13000000", "depreciation": "25000000", "depreciationAndAmortization": "51000000", "incomeBeforeTax": "113000000", "incomeTaxExpense": "-8000000", "interestAndDebtExpense": "20000000", "netIncomeFromContinuingOperations": "223000000", "comprehensiveIncomeNetOfTax": "91000000", "ebit": "117000000", "ebitda": "184000000", "netIncome": "121000000"}, {"fiscalDateEnding": "2018-04-30", "reportedCurrency": "USD", "grossProfit": "543000000", "totalRevenue": "990000000", "costOfRevenue": "447000000", "costofGoodsAndServicesSold": "451000000", "operatingIncome": "86000000", "sellingGeneralAndAdministrative": "305000000", "researchAndDevelopment": "160000000", "operatingExpenses": "502000000", "investmentIncomeNet": "2000000", "netInterestIncome": "-21000000", "interestIncome": "None", "interestExpense": "21000000", "nonInterestIncome": "None", "otherNonOperatingIncome": "16000000", "depreciation": "27000000", "depreciationAndAmortization": "51000000", "incomeBeforeTax": "83000000", "incomeTaxExpense": "19000000", "interestAndDebtExpense": "21000000", "netIncomeFromContinuingOperations": "185000000", "comprehensiveIncomeNetOfTax": "57000000", "ebit": "86000000", "ebitda": "155000000", "netIncome": "64000000"}, {"fiscalDateEnding": "2018-01-31", "reportedCurrency": "USD", "grossProfit": "427000000", "totalRevenue": "837000000", "costOfRevenue": "410000000", "costofGoodsAndServicesSold": "412000000", "operatingIncome": "-17000000", "sellingGeneralAndAdministrative": "295000000", "researchAndDevelopment": "150000000", "operatingExpenses": "507000000", "investmentIncomeNet": "3000000", "netInterestIncome": "-22000000", "interestIncome": "None", "interestExpense": "22000000", "nonInterestIncome": "None", "otherNonOperatingIncome": "13000000", "depreciation": "26000000", "depreciationAndAmortization": "51000000", "incomeBeforeTax": "-23000000", "incomeTaxExpense": "-117000000", "interestAndDebtExpense": "22000000", "netIncomeFromContinuingOperations": "248000000", "comprehensiveIncomeNetOfTax": "139000000", "ebit": "-17000000", "ebitda": "50000000", "netIncome": "94000000"}, {"fiscalDateEnding": "2017-10-31", "reportedCurrency": "USD", "grossProfit": "359000000", "totalRevenue": "763000000", "costOfRevenue": "404000000", "costofGoodsAndServicesSold": "397000000", "operatingIncome": "-52000000", "sellingGeneralAndAdministrative": "303000000", "researchAndDevelopment": "148000000", "operatingExpenses": "516000000", "investmentIncomeNet": "2000000", "netInterestIncome": "-22000000", "interestIncome": "None", "interestExpense": "22000000", "nonInterestIncome": "-7000000", "otherNonOperatingIncome": "102000000", "depreciation": "22000000", "depreciationAndAmortization": "50000000", "incomeBeforeTax": "30000000", "incomeTaxExpense": "68000000", "interestAndDebtExpense": "22000000", "netIncomeFromContinuingOperations": "-68000000", "comprehensiveIncomeNetOfTax": "-68000000", "ebit": "-52000000", "ebitda": "72000000", "netIncome": "-68000000"}, {"fiscalDateEnding": "2017-07-31", "reportedCurrency": "USD", "grossProfit": "442000000", "totalRevenue": "863000000", "costOfRevenue": "421000000", "costofGoodsAndServicesSold": "421000000", "operatingIncome": "-4000000", "sellingGeneralAndAdministrative": "286000000", "researchAndDevelopment": "132000000", "operatingExpenses": "485000000", "investmentIncomeNet": "2000000", "netInterestIncome": "-22000000", "interestIncome": "None", "interestExpense": "22000000", "nonInterestIncome": "0", "otherNonOperatingIncome": "-1000000", "depreciation": "None", "depreciationAndAmortization": "52000000", "incomeBeforeTax": "-25000000", "incomeTaxExpense": "-7000000", "interestAndDebtExpense": "22000000", "netIncomeFromContinuingOperations": "171000000", "comprehensiveIncomeNetOfTax": "5000000", "ebit": "-4000000", "ebitda": "49000000", "netIncome": "-18000000"}, {"fiscalDateEnding": "2017-04-30", "reportedCurrency": "USD", "grossProfit": "418000000", "totalRevenue": "758000000", "costOfRevenue": "340000000", "costofGoodsAndServicesSold": "340000000", "operatingIncome": "42000000", "sellingGeneralAndAdministrative": "256000000", "researchAndDevelopment": "119000000", "operatingExpenses": "415000000", "investmentIncomeNet": "2000000", "netInterestIncome": "-24000000", "interestIncome": "None", "interestExpense": "24000000", "nonInterestIncome": "0", "otherNonOperatingIncome": "2000000", "depreciation": "None", "depreciationAndAmortization": "18000000", "incomeBeforeTax": "22000000", "incomeTaxExpense": "-27000000", "interestAndDebtExpense": "24000000", "netIncomeFromContinuingOperations": "174000000", "comprehensiveIncomeNetOfTax": "65000000", "ebit": "42000000", "ebitda": "64000000", "netIncome": "49000000"}, {"fiscalDateEnding": "2017-01-31", "reportedCurrency": "USD", "grossProfit": "404000000", "totalRevenue": "726000000", "costOfRevenue": "322000000", "costofGoodsAndServicesSold": "325000000", "operatingIncome": "162000000", "sellingGeneralAndAdministrative": "213000000", "researchAndDevelopment": "108000000", "operatingExpenses": "332000000", "investmentIncomeNet": "1000000", "netInterestIncome": "-12000000", "interestIncome": "None", "interestExpense": "12000000", "nonInterestIncome": "8000000", "otherNonOperatingIncome": "1000000", "depreciation": "None", "depreciationAndAmortization": "11000000", "incomeBeforeTax": "152000000", "incomeTaxExpense": "43000000", "interestAndDebtExpense": "12000000", "netIncomeFromContinuingOperations": "85000000", "comprehensiveIncomeNetOfTax": "116000000", "ebit": "162000000", "ebitda": "175000000", "netIncome": "109000000"}, {"fiscalDateEnding": "2016-10-31", "reportedCurrency": "USD", "grossProfit": "408000000", "totalRevenue": "692000000", "costOfRevenue": "331000000", "costofGoodsAndServicesSold": "317000000", "operatingIncome": "107000000", "sellingGeneralAndAdministrative": "211000000", "researchAndDevelopment": "105000000", "operatingExpenses": "352000000", "investmentIncomeNet": "1000000", "netInterestIncome": "-12000000", "interestIncome": "None", "interestExpense": "12000000", "nonInterestIncome": "2918000000", "otherNonOperatingIncome": "2000000", "depreciation": "None", "depreciationAndAmortization": "9000000", "incomeBeforeTax": "98000000", "incomeTaxExpense": "6000000", "interestAndDebtExpense": "12000000", "netIncomeFromContinuingOperations": "136000000", "comprehensiveIncomeNetOfTax": "-93000000", "ebit": "107000000", "ebitda": "119000000", "netIncome": "92000000"}]}