{"symbol": "KIM", "annualReports": [{"fiscalDateEnding": "2020-12-31", "reportedCurrency": "USD", "grossProfit": "669097000", "totalRevenue": "1057893000", "costOfRevenue": "388796000", "costofGoodsAndServicesSold": "342969000", "operatingIncome": "332612000", "sellingGeneralAndAdministrative": "93217000", "researchAndDevelopment": "None", "operatingExpenses": "731765000", "investmentIncomeNet": "None", "netInterestIncome": "-186904000", "interestIncome": "598681000", "interestExpense": "186904000", "nonInterestIncome": "5505000", "otherNonOperatingIncome": "4119000", "depreciation": "None", "depreciationAndAmortization": "288955000", "incomeBeforeTax": "1001811000", "incomeTaxExpense": "978000", "interestAndDebtExpense": "194404000", "netIncomeFromContinuingOperations": "926896000", "comprehensiveIncomeNetOfTax": "1000833000", "ebit": "1188715000", "ebitda": "1477670000", "netIncome": "1000833000"}, {"fiscalDateEnding": "2019-12-31", "reportedCurrency": "USD", "grossProfit": "735320000", "totalRevenue": "1158884000", "costOfRevenue": "423564000", "costofGoodsAndServicesSold": "336951000", "operatingIncome": "477587000", "sellingGeneralAndAdministrative": "96942000", "researchAndDevelopment": "None", "operatingExpenses": "760515000", "investmentIncomeNet": "None", "netInterestIncome": "-177395000", "interestIncome": "-177395000", "interestExpense": "177395000", "nonInterestIncome": "16550000", "otherNonOperatingIncome": "10985000", "depreciation": "None", "depreciationAndAmortization": "277879000", "incomeBeforeTax": "407288000", "incomeTaxExpense": "-3317000", "interestAndDebtExpense": "177395000", "netIncomeFromContinuingOperations": "315323000", "comprehensiveIncomeNetOfTax": "410605000", "ebit": "584683000", "ebitda": "862562000", "netIncome": "410605000"}, {"fiscalDateEnding": "2018-12-31", "reportedCurrency": "USD", "grossProfit": "687378000", "totalRevenue": "1164762000", "costOfRevenue": "477384000", "costofGoodsAndServicesSold": "328559000", "operatingIncome": "582406000", "sellingGeneralAndAdministrative": "87797000", "researchAndDevelopment": "None", "operatingExpenses": "812196000", "investmentIncomeNet": "None", "netInterestIncome": "-183339000", "interestIncome": "-183339000", "interestExpense": "183339000", "nonInterestIncome": "-12762000", "otherNonOperatingIncome": "16528000", "depreciation": "None", "depreciationAndAmortization": "310380000", "incomeBeforeTax": "499395000", "incomeTaxExpense": "1600000", "interestAndDebtExpense": "196101000", "netIncomeFromContinuingOperations": "469363000", "comprehensiveIncomeNetOfTax": "498139000", "ebit": "682734000", "ebitda": "993114000", "netIncome": "497795000"}, {"fiscalDateEnding": "2017-12-31", "reportedCurrency": "USD", "grossProfit": "643092000", "totalRevenue": "1200834000", "costOfRevenue": "557742000", "costofGoodsAndServicesSold": "11145000", "operatingIncome": "431017000", "sellingGeneralAndAdministrative": "118455000", "researchAndDevelopment": "None", "operatingExpenses": "863355000", "investmentIncomeNet": "2809000", "netInterestIncome": "-191956000", "interestIncome": "2809000", "interestExpense": "191956000", "nonInterestIncome": "-1753000", "otherNonOperatingIncome": "2559000", "depreciation": "None", "depreciationAndAmortization": "360811000", "incomeBeforeTax": "425195000", "incomeTaxExpense": "-880000", "interestAndDebtExpense": "193709000", "netIncomeFromContinuingOperations": "372461000", "comprehensiveIncomeNetOfTax": "418829000", "ebit": "617151000", "ebitda": "977962000", "netIncome": "426075000"}, {"fiscalDateEnding": "2016-12-31", "reportedCurrency": "USD", "grossProfit": "593911000", "totalRevenue": "1170792000", "costOfRevenue": "576881000", "costofGoodsAndServicesSold": "10993000", "operatingIncome": "393646000", "sellingGeneralAndAdministrative": "117302000", "researchAndDevelopment": "None", "operatingExpenses": "869969000", "investmentIncomeNet": "1478000", "netInterestIncome": "-192549000", "interestIncome": "1478000", "interestExpense": "192549000", "nonInterestIncome": "-45674000", "otherNonOperatingIncome": "5425000", "depreciation": "None", "depreciationAndAmortization": "355320000", "incomeBeforeTax": "457433000", "incomeTaxExpense": "78583000", "interestAndDebtExpense": "238223000", "netIncomeFromContinuingOperations": "332630000", "comprehensiveIncomeNetOfTax": "379028000", "ebit": "649982000", "ebitda": "1005302000", "netIncome": "378850000"}], "quarterlyReports": [{"fiscalDateEnding": "2021-09-30", "reportedCurrency": "USD", "grossProfit": "180617000", "totalRevenue": "368607000", "costOfRevenue": "187990000", "costofGoodsAndServicesSold": "54272000", "operatingIncome": "76257000", "sellingGeneralAndAdministrative": "25904000", "researchAndDevelopment": "None", "operatingExpenses": "294325000", "investmentIncomeNet": "None", "netInterestIncome": "-52126000", "interestIncome": "405001000", "interestExpense": "52126000", "nonInterestIncome": "3913000", "otherNonOperatingIncome": "6696000", "depreciation": "None", "depreciationAndAmortization": "114238000", "incomeBeforeTax": "508053000", "incomeTaxExpense": "314000", "interestAndDebtExpense": "52126000", "netIncomeFromContinuingOperations": "487640000", "comprehensiveIncomeNetOfTax": "507386000", "ebit": "560179000", "ebitda": "674417000", "netIncome": "507739000"}, {"fiscalDateEnding": "2021-06-30", "reportedCurrency": "USD", "grossProfit": "188392000", "totalRevenue": "289016000", "costOfRevenue": "100624000", "costofGoodsAndServicesSold": "42587000", "operatingIncome": "117769000", "sellingGeneralAndAdministrative": "24754000", "researchAndDevelopment": "None", "operatingExpenses": "190108000", "investmentIncomeNet": "None", "netInterestIncome": "-46812000", "interestIncome": "-22515000", "interestExpense": "46812000", "nonInterestIncome": "3284000", "otherNonOperatingIncome": "1782000", "depreciation": "None", "depreciationAndAmortization": "72573000", "incomeBeforeTax": "117972000", "incomeTaxExpense": "1275000", "interestAndDebtExpense": "46812000", "netIncomeFromContinuingOperations": "95761000", "comprehensiveIncomeNetOfTax": "116690000", "ebit": "164784000", "ebitda": "237357000", "netIncome": "116697000"}, {"fiscalDateEnding": "2021-03-31", "reportedCurrency": "USD", "grossProfit": "182954000", "totalRevenue": "282308000", "costOfRevenue": "99354000", "costofGoodsAndServicesSold": "88491000", "operatingIncome": "104468000", "sellingGeneralAndAdministrative": "24478000", "researchAndDevelopment": "None", "operatingExpenses": "187845000", "investmentIncomeNet": "None", "netInterestIncome": "-47716000", "interestIncome": "13369000", "interestExpense": "47716000", "nonInterestIncome": "3437000", "otherNonOperatingIncome": "3357000", "depreciation": "None", "depreciationAndAmortization": "74876000", "incomeBeforeTax": "139250000", "incomeTaxExpense": "1308000", "interestAndDebtExpense": "47716000", "netIncomeFromContinuingOperations": "119886000", "comprehensiveIncomeNetOfTax": "137942000", "ebit": "186966000", "ebitda": "261842000", "netIncome": "137942000"}, {"fiscalDateEnding": "2020-12-31", "reportedCurrency": "USD", "grossProfit": "269441000", "totalRevenue": "269441000", "costOfRevenue": "89611000", "costofGoodsAndServicesSold": "91615000", "operatingIncome": "80302000", "sellingGeneralAndAdministrative": "20901000", "researchAndDevelopment": "None", "operatingExpenses": "189926000", "investmentIncomeNet": "None", "netInterestIncome": "-45887000", "interestIncome": "104220000", "interestExpense": "45887000", "nonInterestIncome": "3163000", "otherNonOperatingIncome": "3726000", "depreciation": "None", "depreciationAndAmortization": "74295000", "incomeBeforeTax": "201730000", "incomeTaxExpense": "496000", "interestAndDebtExpense": "45849000", "netIncomeFromContinuingOperations": "269441000", "comprehensiveIncomeNetOfTax": "201234000", "ebit": "247617000", "ebitda": "321912000", "netIncome": "201234000"}, {"fiscalDateEnding": "2020-09-30", "reportedCurrency": "USD", "grossProfit": "158896000", "totalRevenue": "259792000", "costOfRevenue": "100896000", "costofGoodsAndServicesSold": "86014000", "operatingIncome": "72882000", "sellingGeneralAndAdministrative": "28795000", "researchAndDevelopment": "None", "operatingExpenses": "186910000", "investmentIncomeNet": "None", "netInterestIncome": "-46942000", "interestIncome": "-123873000", "interestExpense": "46942000", "nonInterestIncome": "-4353000", "otherNonOperatingIncome": "-900000", "depreciation": "None", "depreciationAndAmortization": "71704000", "incomeBeforeTax": "-38006000", "incomeTaxExpense": "388000", "interestAndDebtExpense": "54480000", "netIncomeFromContinuingOperations": "-59817000", "comprehensiveIncomeNetOfTax": "-38394000", "ebit": "8936000", "ebitda": "80640000", "netIncome": "-38394000"}, {"fiscalDateEnding": "2020-06-30", "reportedCurrency": "USD", "grossProfit": "142715000", "totalRevenue": "238916000", "costOfRevenue": "96201000", "costofGoodsAndServicesSold": "80445000", "operatingIncome": "64120000", "sellingGeneralAndAdministrative": "22504000", "researchAndDevelopment": "None", "operatingExpenses": "176646000", "investmentIncomeNet": "None", "netInterestIncome": "-48015000", "interestIncome": "669060000", "interestExpense": "48015000", "nonInterestIncome": "2955000", "otherNonOperatingIncome": "49000", "depreciation": "None", "depreciationAndAmortization": "73559000", "incomeBeforeTax": "747944000", "incomeTaxExpense": "51000", "interestAndDebtExpense": "48015000", "netIncomeFromContinuingOperations": "733178000", "comprehensiveIncomeNetOfTax": "747893000", "ebit": "795959000", "ebitda": "869518000", "netIncome": "747893000"}, {"fiscalDateEnding": "2020-03-31", "reportedCurrency": "USD", "grossProfit": "196356000", "totalRevenue": "289744000", "costOfRevenue": "93388000", "costofGoodsAndServicesSold": "84895000", "operatingIncome": "115308000", "sellingGeneralAndAdministrative": "21017000", "researchAndDevelopment": "None", "operatingExpenses": "178283000", "investmentIncomeNet": "None", "netInterestIncome": "-46060000", "interestIncome": "-46060000", "interestExpense": "46060000", "nonInterestIncome": "3740000", "otherNonOperatingIncome": "1245000", "depreciation": "None", "depreciationAndAmortization": "69397000", "incomeBeforeTax": "90143000", "incomeTaxExpense": "43000", "interestAndDebtExpense": "46060000", "netIncomeFromContinuingOperations": "65783000", "comprehensiveIncomeNetOfTax": "90100000", "ebit": "136203000", "ebitda": "205600000", "netIncome": "90100000"}, {"fiscalDateEnding": "2019-12-31", "reportedCurrency": "USD", "grossProfit": "296130000", "totalRevenue": "296130000", "costOfRevenue": "100593000", "costofGoodsAndServicesSold": "90757000", "operatingIncome": "136616000", "sellingGeneralAndAdministrative": "24646000", "researchAndDevelopment": "None", "operatingExpenses": "191350000", "investmentIncomeNet": "None", "netInterestIncome": "-45757000", "interestIncome": "-45757000", "interestExpense": "45757000", "nonInterestIncome": "4321000", "otherNonOperatingIncome": "3473000", "depreciation": "None", "depreciationAndAmortization": "68439000", "incomeBeforeTax": "109682000", "incomeTaxExpense": "263000", "interestAndDebtExpense": "45757000", "netIncomeFromContinuingOperations": "296130000", "comprehensiveIncomeNetOfTax": "109419000", "ebit": "155439000", "ebitda": "223878000", "netIncome": "109419000"}, {"fiscalDateEnding": "2019-09-30", "reportedCurrency": "USD", "grossProfit": "170556000", "totalRevenue": "282871000", "costOfRevenue": "112315000", "costofGoodsAndServicesSold": "80113000", "operatingIncome": "99468000", "sellingGeneralAndAdministrative": "23832000", "researchAndDevelopment": "None", "operatingExpenses": "192428000", "investmentIncomeNet": "None", "netInterestIncome": "-43146000", "interestIncome": "-43146000", "interestExpense": "43146000", "nonInterestIncome": "3690000", "otherNonOperatingIncome": "4526000", "depreciation": "None", "depreciationAndAmortization": "68874000", "incomeBeforeTax": "80124000", "incomeTaxExpense": "-3866000", "interestAndDebtExpense": "43146000", "netIncomeFromContinuingOperations": "64515000", "comprehensiveIncomeNetOfTax": "83990000", "ebit": "123270000", "ebitda": "192144000", "netIncome": "83990000"}, {"fiscalDateEnding": "2019-06-30", "reportedCurrency": "USD", "grossProfit": "175784000", "totalRevenue": "284873000", "costOfRevenue": "109089000", "costofGoodsAndServicesSold": "83146000", "operatingIncome": "107400000", "sellingGeneralAndAdministrative": "22633000", "researchAndDevelopment": "None", "operatingExpenses": "192235000", "investmentIncomeNet": "None", "netInterestIncome": "-44097000", "interestIncome": "-44097000", "interestExpense": "44097000", "nonInterestIncome": "4163000", "otherNonOperatingIncome": "1867000", "depreciation": "None", "depreciationAndAmortization": "69005000", "incomeBeforeTax": "100683000", "incomeTaxExpense": "-344000", "interestAndDebtExpense": "44097000", "netIncomeFromContinuingOperations": "65585000", "comprehensiveIncomeNetOfTax": "101027000", "ebit": "144780000", "ebitda": "213785000", "netIncome": "101027000"}, {"fiscalDateEnding": "2019-03-31", "reportedCurrency": "USD", "grossProfit": "193443000", "totalRevenue": "295010000", "costOfRevenue": "101567000", "costofGoodsAndServicesSold": "82935000", "operatingIncome": "134103000", "sellingGeneralAndAdministrative": "25831000", "researchAndDevelopment": "None", "operatingExpenses": "184502000", "investmentIncomeNet": "None", "netInterestIncome": "-44395000", "interestIncome": "-44395000", "interestExpense": "44395000", "nonInterestIncome": "4376000", "otherNonOperatingIncome": "2622000", "depreciation": "None", "depreciationAndAmortization": "71561000", "incomeBeforeTax": "116799000", "incomeTaxExpense": "630000", "interestAndDebtExpense": "44395000", "netIncomeFromContinuingOperations": "91700000", "comprehensiveIncomeNetOfTax": "116169000", "ebit": "161194000", "ebitda": "232755000", "netIncome": "116169000"}, {"fiscalDateEnding": "2018-12-31", "reportedCurrency": "USD", "grossProfit": "284201000", "totalRevenue": "284201000", "costOfRevenue": "139640000", "costofGoodsAndServicesSold": "80806000", "operatingIncome": "111452000", "sellingGeneralAndAdministrative": "20022000", "researchAndDevelopment": "None", "operatingExpenses": "222128000", "investmentIncomeNet": "None", "netInterestIncome": "-42881000", "interestIncome": "None", "interestExpense": "42881000", "nonInterestIncome": "0", "otherNonOperatingIncome": "1853000", "depreciation": "None", "depreciationAndAmortization": "74266000", "incomeBeforeTax": "90744000", "incomeTaxExpense": "2583000", "interestAndDebtExpense": "42881000", "netIncomeFromContinuingOperations": "284201000", "comprehensiveIncomeNetOfTax": "88161000", "ebit": "133625000", "ebitda": "207891000", "netIncome": "88161000"}, {"fiscalDateEnding": "2018-09-30", "reportedCurrency": "USD", "grossProfit": "183424000", "totalRevenue": "283080000", "costOfRevenue": "99656000", "costofGoodsAndServicesSold": "79829000", "operatingIncome": "130456000", "sellingGeneralAndAdministrative": "21348000", "researchAndDevelopment": "None", "operatingExpenses": "180874000", "investmentIncomeNet": "None", "netInterestIncome": "-44081000", "interestIncome": "None", "interestExpense": "44081000", "nonInterestIncome": "-12762000", "otherNonOperatingIncome": "5219000", "depreciation": "None", "depreciationAndAmortization": "74972000", "incomeBeforeTax": "99843000", "incomeTaxExpense": "-315000", "interestAndDebtExpense": "56843000", "netIncomeFromContinuingOperations": "72475000", "comprehensiveIncomeNetOfTax": "100086000", "ebit": "143924000", "ebitda": "218896000", "netIncome": "100158000"}, {"fiscalDateEnding": "2018-06-30", "reportedCurrency": "USD", "grossProfit": "166741000", "totalRevenue": "293403000", "costOfRevenue": "126662000", "costofGoodsAndServicesSold": "81341000", "operatingIncome": "179589000", "sellingGeneralAndAdministrative": "24029000", "researchAndDevelopment": "None", "operatingExpenses": "209054000", "investmentIncomeNet": "None", "netInterestIncome": "-46434000", "interestIncome": "None", "interestExpense": "46434000", "nonInterestIncome": "4020000", "otherNonOperatingIncome": "3277000", "depreciation": "None", "depreciationAndAmortization": "79760000", "incomeBeforeTax": "164666000", "incomeTaxExpense": "-720000", "interestAndDebtExpense": "46434000", "netIncomeFromContinuingOperations": "70569000", "comprehensiveIncomeNetOfTax": "165524000", "ebit": "211100000", "ebitda": "290860000", "netIncome": "165386000"}, {"fiscalDateEnding": "2018-03-31", "reportedCurrency": "USD", "grossProfit": "192652000", "totalRevenue": "304078000", "costOfRevenue": "111426000", "costofGoodsAndServicesSold": "86583000", "operatingIncome": "160909000", "sellingGeneralAndAdministrative": "22398000", "researchAndDevelopment": "None", "operatingExpenses": "200140000", "investmentIncomeNet": "None", "netInterestIncome": "-49943000", "interestIncome": "None", "interestExpense": "49943000", "nonInterestIncome": "4361000", "otherNonOperatingIncome": "6179000", "depreciation": "None", "depreciationAndAmortization": "81382000", "incomeBeforeTax": "144142000", "incomeTaxExpense": "52000", "interestAndDebtExpense": "49943000", "netIncomeFromContinuingOperations": "87011000", "comprehensiveIncomeNetOfTax": "144368000", "ebit": "194085000", "ebitda": "275467000", "netIncome": "144090000"}, {"fiscalDateEnding": "2017-12-31", "reportedCurrency": "USD", "grossProfit": "310632000", "totalRevenue": "315225000", "costOfRevenue": "152968000", "costofGoodsAndServicesSold": "2833000", "operatingIncome": "172624000", "sellingGeneralAndAdministrative": "32060000", "researchAndDevelopment": "None", "operatingExpenses": "236139000", "investmentIncomeNet": "None", "netInterestIncome": "-52126000", "interestIncome": "None", "interestExpense": "52126000", "nonInterestIncome": "0", "otherNonOperatingIncome": "-1254000", "depreciation": "None", "depreciationAndAmortization": "85024000", "incomeBeforeTax": "86240000", "incomeTaxExpense": "1344000", "interestAndDebtExpense": "52126000", "netIncomeFromContinuingOperations": "79458000", "comprehensiveIncomeNetOfTax": "85143000", "ebit": "138366000", "ebitda": "223390000", "netIncome": "84896000"}, {"fiscalDateEnding": "2017-09-30", "reportedCurrency": "USD", "grossProfit": "175050000", "totalRevenue": "294845000", "costOfRevenue": "119795000", "costofGoodsAndServicesSold": "2764000", "operatingIncome": "99845000", "sellingGeneralAndAdministrative": "28588000", "researchAndDevelopment": "None", "operatingExpenses": "195000000", "investmentIncomeNet": "None", "netInterestIncome": "-47258000", "interestIncome": "None", "interestExpense": "47258000", "nonInterestIncome": "-1753000", "otherNonOperatingIncome": "1101000", "depreciation": "None", "depreciationAndAmortization": "88443000", "incomeBeforeTax": "120333000", "incomeTaxExpense": "-697000", "interestAndDebtExpense": "49011000", "netIncomeFromContinuingOperations": "81683000", "comprehensiveIncomeNetOfTax": "113230000", "ebit": "167591000", "ebitda": "256034000", "netIncome": "121030000"}, {"fiscalDateEnding": "2017-06-30", "reportedCurrency": "USD", "grossProfit": "171908000", "totalRevenue": "297176000", "costOfRevenue": "125268000", "costofGoodsAndServicesSold": "2765000", "operatingIncome": "65911000", "sellingGeneralAndAdministrative": "27233000", "researchAndDevelopment": "None", "operatingExpenses": "231265000", "investmentIncomeNet": "None", "netInterestIncome": "-46090000", "interestIncome": "None", "interestExpense": "46090000", "nonInterestIncome": "None", "otherNonOperatingIncome": "1439000", "depreciation": "None", "depreciationAndAmortization": "95270000", "incomeBeforeTax": "142382000", "incomeTaxExpense": "-1034000", "interestAndDebtExpense": "46090000", "netIncomeFromContinuingOperations": "134791000", "comprehensiveIncomeNetOfTax": "143004000", "ebit": "188472000", "ebitda": "283742000", "netIncome": "143416000"}, {"fiscalDateEnding": "2017-03-31", "reportedCurrency": "USD", "grossProfit": "166540000", "totalRevenue": "293588000", "costOfRevenue": "127048000", "costofGoodsAndServicesSold": "2783000", "operatingIncome": "92637000", "sellingGeneralAndAdministrative": "30574000", "researchAndDevelopment": "None", "operatingExpenses": "200951000", "investmentIncomeNet": "None", "netInterestIncome": "-46482000", "interestIncome": "None", "interestExpense": "46482000", "nonInterestIncome": "None", "otherNonOperatingIncome": "1273000", "depreciation": "None", "depreciationAndAmortization": "92074000", "incomeBeforeTax": "76240000", "incomeTaxExpense": "-493000", "interestAndDebtExpense": "46482000", "netIncomeFromContinuingOperations": "76529000", "comprehensiveIncomeNetOfTax": "77452000", "ebit": "122722000", "ebitda": "214796000", "netIncome": "76733000"}, {"fiscalDateEnding": "2016-12-31", "reportedCurrency": "USD", "grossProfit": "292909000", "totalRevenue": "297026000", "costOfRevenue": "146205000", "costofGoodsAndServicesSold": "2719000", "operatingIncome": "164640000", "sellingGeneralAndAdministrative": "27462000", "researchAndDevelopment": "None", "operatingExpenses": "225209000", "investmentIncomeNet": "651000", "netInterestIncome": "-43067000", "interestIncome": "None", "interestExpense": "43067000", "nonInterestIncome": "0", "otherNonOperatingIncome": "2249000", "depreciation": "None", "depreciationAndAmortization": "90884000", "incomeBeforeTax": "83564000", "incomeTaxExpense": "5291000", "interestAndDebtExpense": "43067000", "netIncomeFromContinuingOperations": "66718000", "comprehensiveIncomeNetOfTax": "77894000", "ebit": "126631000", "ebitda": "217515000", "netIncome": "78273000"}]}