{"symbol": "KMB", "annualReports": [{"fiscalDateEnding": "2020-12-31", "reportedCurrency": "USD", "grossProfit": "6822000000", "totalRevenue": "19100000000", "costOfRevenue": "12278000000", "costofGoodsAndServicesSold": "12318000000", "operatingIncome": "3244000000", "sellingGeneralAndAdministrative": "956000000", "researchAndDevelopment": "276000000", "operatingExpenses": "1317000000", "investmentIncomeNet": "8000000", "netInterestIncome": "-252000000", "interestIncome": "8000000", "interestExpense": "252000000", "nonInterestIncome": "None", "otherNonOperatingIncome": "None", "depreciation": "None", "depreciationAndAmortization": "796000000", "incomeBeforeTax": "3028000000", "incomeTaxExpense": "676000000", "interestAndDebtExpense": "252000000", "netIncomeFromContinuingOperations": "2396000000", "comprehensiveIncomeNetOfTax": "2473000000", "ebit": "3280000000", "ebitda": "4076000000", "netIncome": "2352000000"}, {"fiscalDateEnding": "2019-12-31", "reportedCurrency": "USD", "grossProfit": "6035000000", "totalRevenue": "18500000000", "costOfRevenue": "12465000000", "costofGoodsAndServicesSold": "12415000000", "operatingIncome": "2991000000", "sellingGeneralAndAdministrative": "757000000", "researchAndDevelopment": "284000000", "operatingExpenses": "848000000", "investmentIncomeNet": "11000000", "netInterestIncome": "-261000000", "interestIncome": "11000000", "interestExpense": "261000000", "nonInterestIncome": "None", "otherNonOperatingIncome": "43000000", "depreciation": "None", "depreciationAndAmortization": "917000000", "incomeBeforeTax": "2733000000", "incomeTaxExpense": "576000000", "interestAndDebtExpense": "261000000", "netIncomeFromContinuingOperations": "2197000000", "comprehensiveIncomeNetOfTax": "2163000000", "ebit": "2994000000", "ebitda": "3911000000", "netIncome": "2157000000"}, {"fiscalDateEnding": "2018-12-31", "reportedCurrency": "USD", "grossProfit": "5597000000", "totalRevenue": "18500000000", "costOfRevenue": "12903000000", "costofGoodsAndServicesSold": "12889000000", "operatingIncome": "2229000000", "sellingGeneralAndAdministrative": "935000000", "researchAndDevelopment": "317000000", "operatingExpenses": "1378000000", "investmentIncomeNet": "10000000", "netInterestIncome": "-263000000", "interestIncome": "10000000", "interestExpense": "263000000", "nonInterestIncome": "None", "otherNonOperatingIncome": "-50000000", "depreciation": "None", "depreciationAndAmortization": "882000000", "incomeBeforeTax": "1881000000", "incomeTaxExpense": "471000000", "interestAndDebtExpense": "263000000", "netIncomeFromContinuingOperations": "1445000000", "comprehensiveIncomeNetOfTax": "1186000000", "ebit": "2144000000", "ebitda": "3026000000", "netIncome": "1410000000"}, {"fiscalDateEnding": "2017-12-31", "reportedCurrency": "USD", "grossProfit": "6587000000", "totalRevenue": "18348000000", "costOfRevenue": "11761000000", "costofGoodsAndServicesSold": "11761000000", "operatingIncome": "3358000000", "sellingGeneralAndAdministrative": "931000000", "researchAndDevelopment": "309000000", "operatingExpenses": "1242000000", "investmentIncomeNet": "10000000", "netInterestIncome": "-318000000", "interestIncome": "10000000", "interestExpense": "318000000", "nonInterestIncome": "None", "otherNonOperatingIncome": "114000000", "depreciation": "None", "depreciationAndAmortization": "724000000", "incomeBeforeTax": "3054000000", "incomeTaxExpense": "776000000", "interestAndDebtExpense": "318000000", "netIncomeFromContinuingOperations": "2319000000", "comprehensiveIncomeNetOfTax": "2833000000", "ebit": "3372000000", "ebitda": "4096000000", "netIncome": "2278000000"}, {"fiscalDateEnding": "2016-12-31", "reportedCurrency": "USD", "grossProfit": "6691000000", "totalRevenue": "17883000000", "costOfRevenue": "13142000000", "costofGoodsAndServicesSold": "11551000000", "operatingIncome": "3383000000", "sellingGeneralAndAdministrative": "886000000", "researchAndDevelopment": "326000000", "operatingExpenses": "1919000000", "investmentIncomeNet": "11000000", "netInterestIncome": "-319000000", "interestIncome": "11000000", "interestExpense": "319000000", "nonInterestIncome": "None", "otherNonOperatingIncome": "143000000", "depreciation": "None", "depreciationAndAmortization": "705000000", "incomeBeforeTax": "3088000000", "incomeTaxExpense": "922000000", "interestAndDebtExpense": "319000000", "netIncomeFromContinuingOperations": "2219000000", "comprehensiveIncomeNetOfTax": "1970000000", "ebit": "3407000000", "ebitda": "4112000000", "netIncome": "2166000000"}], "quarterlyReports": [{"fiscalDateEnding": "2021-09-30", "reportedCurrency": "USD", "grossProfit": "1483000000", "totalRevenue": "5010000000", "costOfRevenue": "3527000000", "costofGoodsAndServicesSold": "3527000000", "operatingIncome": "657000000", "sellingGeneralAndAdministrative": "819000000", "researchAndDevelopment": "None", "operatingExpenses": "19000000", "investmentIncomeNet": "1000000", "netInterestIncome": "-64000000", "interestIncome": "1000000", "interestExpense": "64000000", "nonInterestIncome": "None", "otherNonOperatingIncome": "-10000000", "depreciation": "None", "depreciationAndAmortization": "194000000", "incomeBeforeTax": "595000000", "incomeTaxExpense": "126000000", "interestAndDebtExpense": "64000000", "netIncomeFromContinuingOperations": "543000000", "comprehensiveIncomeNetOfTax": "380000000", "ebit": "659000000", "ebitda": "853000000", "netIncome": "469000000"}, {"fiscalDateEnding": "2021-06-30", "reportedCurrency": "USD", "grossProfit": "1480000000", "totalRevenue": "4700000000", "costOfRevenue": "3220000000", "costofGoodsAndServicesSold": "3242000000", "operatingIncome": "613000000", "sellingGeneralAndAdministrative": "854000000", "researchAndDevelopment": "None", "operatingExpenses": "11000000", "investmentIncomeNet": "2000000", "netInterestIncome": "-65000000", "interestIncome": "2000000", "interestExpense": "65000000", "nonInterestIncome": "None", "otherNonOperatingIncome": "-55000000", "depreciation": "None", "depreciationAndAmortization": "189000000", "incomeBeforeTax": "517000000", "incomeTaxExpense": "113000000", "interestAndDebtExpense": "65000000", "netIncomeFromContinuingOperations": "475000000", "comprehensiveIncomeNetOfTax": "515000000", "ebit": "582000000", "ebitda": "771000000", "netIncome": "404000000"}, {"fiscalDateEnding": "2021-03-31", "reportedCurrency": "USD", "grossProfit": "1589000000", "totalRevenue": "4743000000", "costOfRevenue": "3154000000", "costofGoodsAndServicesSold": "3154000000", "operatingIncome": "770000000", "sellingGeneralAndAdministrative": "-815000000", "researchAndDevelopment": "None", "operatingExpenses": "7000000", "investmentIncomeNet": "1000000", "netInterestIncome": "-63000000", "interestIncome": "1000000", "interestExpense": "63000000", "nonInterestIncome": "None", "otherNonOperatingIncome": "-6000000", "depreciation": "None", "depreciationAndAmortization": "189000000", "incomeBeforeTax": "731000000", "incomeTaxExpense": "147000000", "interestAndDebtExpense": "63000000", "netIncomeFromContinuingOperations": "657000000", "comprehensiveIncomeNetOfTax": "430000000", "ebit": "794000000", "ebitda": "983000000", "netIncome": "584000000"}, {"fiscalDateEnding": "2020-12-31", "reportedCurrency": "USD", "grossProfit": "1664000000", "totalRevenue": "4796000000", "costOfRevenue": "3132000000", "costofGoodsAndServicesSold": "3172000000", "operatingIncome": "749000000", "sellingGeneralAndAdministrative": "996000000", "researchAndDevelopment": "None", "operatingExpenses": "1250000000", "investmentIncomeNet": "2000000", "netInterestIncome": "-64000000", "interestIncome": "2000000", "interestExpense": "64000000", "nonInterestIncome": "None", "otherNonOperatingIncome": "None", "depreciation": "None", "depreciationAndAmortization": "190000000", "incomeBeforeTax": "705000000", "incomeTaxExpense": "166000000", "interestAndDebtExpense": "64000000", "netIncomeFromContinuingOperations": "358000000", "comprehensiveIncomeNetOfTax": "849000000", "ebit": "769000000", "ebitda": "959000000", "netIncome": "539000000"}, {"fiscalDateEnding": "2020-09-30", "reportedCurrency": "USD", "grossProfit": "1590000000", "totalRevenue": "4683000000", "costOfRevenue": "3093000000", "costofGoodsAndServicesSold": "3093000000", "operatingIncome": "666000000", "sellingGeneralAndAdministrative": "919000000", "researchAndDevelopment": "None", "operatingExpenses": "54000000", "investmentIncomeNet": "2000000", "netInterestIncome": "-62000000", "interestIncome": "-60000000", "interestExpense": "62000000", "nonInterestIncome": "None", "otherNonOperatingIncome": "-40000000", "depreciation": "None", "depreciationAndAmortization": "192000000", "incomeBeforeTax": "586000000", "incomeTaxExpense": "114000000", "interestAndDebtExpense": "62000000", "netIncomeFromContinuingOperations": "545000000", "comprehensiveIncomeNetOfTax": "502000000", "ebit": "648000000", "ebitda": "840000000", "netIncome": "472000000"}, {"fiscalDateEnding": "2020-06-30", "reportedCurrency": "USD", "grossProfit": "1777000000", "totalRevenue": "4600000000", "costOfRevenue": "2823000000", "costofGoodsAndServicesSold": "2835000000", "operatingIncome": "925000000", "sellingGeneralAndAdministrative": "844000000", "researchAndDevelopment": "None", "operatingExpenses": "6000000", "investmentIncomeNet": "2000000", "netInterestIncome": "-65000000", "interestIncome": "2000000", "interestExpense": "65000000", "nonInterestIncome": "None", "otherNonOperatingIncome": "-6000000", "depreciation": "None", "depreciationAndAmortization": "201000000", "incomeBeforeTax": "880000000", "incomeTaxExpense": "199000000", "interestAndDebtExpense": "65000000", "netIncomeFromContinuingOperations": "757000000", "comprehensiveIncomeNetOfTax": "783000000", "ebit": "945000000", "ebitda": "1146000000", "netIncome": "681000000"}, {"fiscalDateEnding": "2020-03-31", "reportedCurrency": "USD", "grossProfit": "1791000000", "totalRevenue": "5009000000", "costOfRevenue": "3218000000", "costofGoodsAndServicesSold": "3218000000", "operatingIncome": "904000000", "sellingGeneralAndAdministrative": "873000000", "researchAndDevelopment": "None", "operatingExpenses": "7000000", "investmentIncomeNet": "2000000", "netInterestIncome": "-61000000", "interestIncome": "2000000", "interestExpense": "61000000", "nonInterestIncome": "None", "otherNonOperatingIncome": "-11000000", "depreciation": "None", "depreciationAndAmortization": "213000000", "incomeBeforeTax": "857000000", "incomeTaxExpense": "197000000", "interestAndDebtExpense": "61000000", "netIncomeFromContinuingOperations": "736000000", "comprehensiveIncomeNetOfTax": "339000000", "ebit": "918000000", "ebitda": "1131000000", "netIncome": "660000000"}, {"fiscalDateEnding": "2019-12-31", "reportedCurrency": "USD", "grossProfit": "1566000000", "totalRevenue": "4633000000", "costOfRevenue": "3067000000", "costofGoodsAndServicesSold": "3017000000", "operatingIncome": "751000000", "sellingGeneralAndAdministrative": "859000000", "researchAndDevelopment": "None", "operatingExpenses": "1003000000", "investmentIncomeNet": "3000000", "netInterestIncome": "-63000000", "interestIncome": "3000000", "interestExpense": "63000000", "nonInterestIncome": "None", "otherNonOperatingIncome": "-23000000", "depreciation": "None", "depreciationAndAmortization": "217000000", "incomeBeforeTax": "656000000", "incomeTaxExpense": "109000000", "interestAndDebtExpense": "63000000", "netIncomeFromContinuingOperations": "366000000", "comprehensiveIncomeNetOfTax": "665000000", "ebit": "719000000", "ebitda": "936000000", "netIncome": "547000000"}, {"fiscalDateEnding": "2019-09-30", "reportedCurrency": "USD", "grossProfit": "1555000000", "totalRevenue": "4640000000", "costOfRevenue": "3085000000", "costofGoodsAndServicesSold": "3085000000", "operatingIncome": "915000000", "sellingGeneralAndAdministrative": "815000000", "researchAndDevelopment": "None", "operatingExpenses": "-172000000", "investmentIncomeNet": "3000000", "netInterestIncome": "-66000000", "interestIncome": "3000000", "interestExpense": "66000000", "nonInterestIncome": "None", "otherNonOperatingIncome": "-11000000", "depreciation": "None", "depreciationAndAmortization": "230000000", "incomeBeforeTax": "863000000", "incomeTaxExpense": "192000000", "interestAndDebtExpense": "66000000", "netIncomeFromContinuingOperations": "743000000", "comprehensiveIncomeNetOfTax": "529000000", "ebit": "929000000", "ebitda": "1159000000", "netIncome": "671000000"}, {"fiscalDateEnding": "2019-06-30", "reportedCurrency": "USD", "grossProfit": "1486000000", "totalRevenue": "4600000000", "costOfRevenue": "3114000000", "costofGoodsAndServicesSold": "3108000000", "operatingIncome": "670000000", "sellingGeneralAndAdministrative": "811000000", "researchAndDevelopment": "None", "operatingExpenses": "11000000", "investmentIncomeNet": "2000000", "netInterestIncome": "-67000000", "interestIncome": "2000000", "interestExpense": "67000000", "nonInterestIncome": "None", "otherNonOperatingIncome": "-11000000", "depreciation": "None", "depreciationAndAmortization": "236000000", "incomeBeforeTax": "617000000", "incomeTaxExpense": "132000000", "interestAndDebtExpense": "67000000", "netIncomeFromContinuingOperations": "560000000", "comprehensiveIncomeNetOfTax": "505000000", "ebit": "684000000", "ebitda": "920000000", "netIncome": "485000000"}, {"fiscalDateEnding": "2019-03-31", "reportedCurrency": "USD", "grossProfit": "1428000000", "totalRevenue": "4633000000", "costOfRevenue": "3205000000", "costofGoodsAndServicesSold": "3205000000", "operatingIncome": "655000000", "sellingGeneralAndAdministrative": "769000000", "researchAndDevelopment": "None", "operatingExpenses": "6000000", "investmentIncomeNet": "3000000", "netInterestIncome": "-65000000", "interestIncome": "3000000", "interestExpense": "65000000", "nonInterestIncome": "None", "otherNonOperatingIncome": "-11000000", "depreciation": "None", "depreciationAndAmortization": "234000000", "incomeBeforeTax": "597000000", "incomeTaxExpense": "143000000", "interestAndDebtExpense": "65000000", "netIncomeFromContinuingOperations": "528000000", "comprehensiveIncomeNetOfTax": "464000000", "ebit": "662000000", "ebitda": "896000000", "netIncome": "454000000"}, {"fiscalDateEnding": "2018-12-31", "reportedCurrency": "USD", "grossProfit": "1402000000", "totalRevenue": "4583000000", "costOfRevenue": "3181000000", "costofGoodsAndServicesSold": "3167000000", "operatingIncome": "639000000", "sellingGeneralAndAdministrative": "768000000", "researchAndDevelopment": "317000000", "operatingExpenses": "1247000000", "investmentIncomeNet": "3000000", "netInterestIncome": "-65000000", "interestIncome": "None", "interestExpense": "65000000", "nonInterestIncome": "None", "otherNonOperatingIncome": "-62000000", "depreciation": "None", "depreciationAndAmortization": "230000000", "incomeBeforeTax": "502000000", "incomeTaxExpense": "91000000", "interestAndDebtExpense": "65000000", "netIncomeFromContinuingOperations": "230000000", "comprehensiveIncomeNetOfTax": "387000000", "ebit": "567000000", "ebitda": "797000000", "netIncome": "411000000"}, {"fiscalDateEnding": "2018-09-30", "reportedCurrency": "USD", "grossProfit": "1416000000", "totalRevenue": "4582000000", "costOfRevenue": "3166000000", "costofGoodsAndServicesSold": "3166000000", "operatingIncome": "669000000", "sellingGeneralAndAdministrative": "749000000", "researchAndDevelopment": "None", "operatingExpenses": "4000000", "investmentIncomeNet": "2000000", "netInterestIncome": "-64000000", "interestIncome": "None", "interestExpense": "64000000", "nonInterestIncome": "None", "otherNonOperatingIncome": "-5000000", "depreciation": "None", "depreciationAndAmortization": "217000000", "incomeBeforeTax": "589000000", "incomeTaxExpense": "138000000", "interestAndDebtExpense": "64000000", "netIncomeFromContinuingOperations": "524000000", "comprehensiveIncomeNetOfTax": "398000000", "ebit": "653000000", "ebitda": "870000000", "netIncome": "451000000"}, {"fiscalDateEnding": "2018-06-30", "reportedCurrency": "USD", "grossProfit": "1455000000", "totalRevenue": "4604000000", "costOfRevenue": "3149000000", "costofGoodsAndServicesSold": "3149000000", "operatingIncome": "674000000", "sellingGeneralAndAdministrative": "771000000", "researchAndDevelopment": "None", "operatingExpenses": "17000000", "investmentIncomeNet": "3000000", "netInterestIncome": "-68000000", "interestIncome": "None", "interestExpense": "68000000", "nonInterestIncome": "None", "otherNonOperatingIncome": "-3000000", "depreciation": "None", "depreciationAndAmortization": "224000000", "incomeBeforeTax": "593000000", "incomeTaxExpense": "138000000", "interestAndDebtExpense": "68000000", "netIncomeFromContinuingOperations": "530000000", "comprehensiveIncomeNetOfTax": "193000000", "ebit": "661000000", "ebitda": "885000000", "netIncome": "455000000"}, {"fiscalDateEnding": "2018-03-31", "reportedCurrency": "USD", "grossProfit": "1324000000", "totalRevenue": "4731000000", "costOfRevenue": "3407000000", "costofGoodsAndServicesSold": "3407000000", "operatingIncome": "247000000", "sellingGeneralAndAdministrative": "1079000000", "researchAndDevelopment": "None", "operatingExpenses": "110000000", "investmentIncomeNet": "2000000", "netInterestIncome": "-66000000", "interestIncome": "None", "interestExpense": "66000000", "nonInterestIncome": "None", "otherNonOperatingIncome": "20000000", "depreciation": "None", "depreciationAndAmortization": "211000000", "incomeBeforeTax": "197000000", "incomeTaxExpense": "104000000", "interestAndDebtExpense": "66000000", "netIncomeFromContinuingOperations": "161000000", "comprehensiveIncomeNetOfTax": "208000000", "ebit": "263000000", "ebitda": "474000000", "netIncome": "93000000"}, {"fiscalDateEnding": "2017-12-31", "reportedCurrency": "USD", "grossProfit": "1608000000", "totalRevenue": "4917000000", "costOfRevenue": "3916000000", "costofGoodsAndServicesSold": "3039000000", "operatingIncome": "828000000", "sellingGeneralAndAdministrative": "932000000", "researchAndDevelopment": "311000000", "operatingExpenses": "1243000000", "investmentIncomeNet": "3000000", "netInterestIncome": "-72000000", "interestIncome": "None", "interestExpense": "72000000", "nonInterestIncome": "None", "otherNonOperatingIncome": "28000000", "depreciation": "None", "depreciationAndAmortization": "184000000", "incomeBeforeTax": "760000000", "incomeTaxExpense": "143000000", "interestAndDebtExpense": "72000000", "netIncomeFromContinuingOperations": "625000000", "comprehensiveIncomeNetOfTax": "793000000", "ebit": "832000000", "ebitda": "1016000000", "netIncome": "617000000"}, {"fiscalDateEnding": "2017-09-30", "reportedCurrency": "USD", "grossProfit": "1667000000", "totalRevenue": "4562000000", "costOfRevenue": "2981000000", "costofGoodsAndServicesSold": "2981000000", "operatingIncome": "868000000", "sellingGeneralAndAdministrative": "7000000", "researchAndDevelopment": "None", "operatingExpenses": "7000000", "investmentIncomeNet": "3000000", "netInterestIncome": "-78000000", "interestIncome": "None", "interestExpense": "78000000", "nonInterestIncome": "None", "otherNonOperatingIncome": "27000000", "depreciation": "None", "depreciationAndAmortization": "182000000", "incomeBeforeTax": "791000000", "incomeTaxExpense": "224000000", "interestAndDebtExpense": "78000000", "netIncomeFromContinuingOperations": "579000000", "comprehensiveIncomeNetOfTax": "678000000", "ebit": "869000000", "ebitda": "1051000000", "netIncome": "567000000"}, {"fiscalDateEnding": "2017-06-30", "reportedCurrency": "USD", "grossProfit": "1652000000", "totalRevenue": "4469000000", "costOfRevenue": "2910000000", "costofGoodsAndServicesSold": "2910000000", "operatingIncome": "814000000", "sellingGeneralAndAdministrative": "13000000", "researchAndDevelopment": "None", "operatingExpenses": "13000000", "investmentIncomeNet": "2000000", "netInterestIncome": "-85000000", "interestIncome": "None", "interestExpense": "85000000", "nonInterestIncome": "None", "otherNonOperatingIncome": "28000000", "depreciation": "None", "depreciationAndAmortization": "180000000", "incomeBeforeTax": "733000000", "incomeTaxExpense": "202000000", "interestAndDebtExpense": "85000000", "netIncomeFromContinuingOperations": "540000000", "comprehensiveIncomeNetOfTax": "569000000", "ebit": "818000000", "ebitda": "998000000", "netIncome": "531000000"}, {"fiscalDateEnding": "2017-03-31", "reportedCurrency": "USD", "grossProfit": "1660000000", "totalRevenue": "4400000000", "costOfRevenue": "2810000000", "costofGoodsAndServicesSold": "2831000000", "operatingIncome": "848000000", "sellingGeneralAndAdministrative": "-21000000", "researchAndDevelopment": "None", "operatingExpenses": "-21000000", "investmentIncomeNet": "2000000", "netInterestIncome": "-83000000", "interestIncome": "None", "interestExpense": "83000000", "nonInterestIncome": "None", "otherNonOperatingIncome": "31000000", "depreciation": "None", "depreciationAndAmortization": "178000000", "incomeBeforeTax": "770000000", "incomeTaxExpense": "207000000", "interestAndDebtExpense": "83000000", "netIncomeFromContinuingOperations": "575000000", "comprehensiveIncomeNetOfTax": "793000000", "ebit": "853000000", "ebitda": "1031000000", "netIncome": "563000000"}, {"fiscalDateEnding": "2016-12-31", "reportedCurrency": "USD", "grossProfit": "1718000000", "totalRevenue": "4463000000", "costOfRevenue": "4453000000", "costofGoodsAndServicesSold": "2866000000", "operatingIncome": "905000000", "sellingGeneralAndAdministrative": "882000000", "researchAndDevelopment": "328000000", "operatingExpenses": "1915000000", "investmentIncomeNet": "2000000", "netInterestIncome": "-81000000", "interestIncome": "None", "interestExpense": "81000000", "nonInterestIncome": "None", "otherNonOperatingIncome": "31000000", "depreciation": "None", "depreciationAndAmortization": "177000000", "incomeBeforeTax": "776000000", "incomeTaxExpense": "271000000", "interestAndDebtExpense": "81000000", "netIncomeFromContinuingOperations": "518000000", "comprehensiveIncomeNetOfTax": "131000000", "ebit": "857000000", "ebitda": "1034000000", "netIncome": "505000000"}]}