{"symbol": "KMX", "annualReports": [{"fiscalDateEnding": "2021-02-28", "reportedCurrency": "USD", "grossProfit": "2379125000", "totalRevenue": "18950149000", "costOfRevenue": "16571024000", "costofGoodsAndServicesSold": "102200000", "operatingIncome": "415788000", "sellingGeneralAndAdministrative": "1898775000", "researchAndDevelopment": "None", "operatingExpenses": "1961928000", "investmentIncomeNet": "None", "netInterestIncome": "827900000", "interestIncome": "914078000", "interestExpense": "86178000", "nonInterestIncome": "18951509000", "otherNonOperatingIncome": "-2200000", "depreciation": "195300000", "depreciationAndAmortization": "8362000", "incomeBeforeTax": "965257000", "incomeTaxExpense": "218338000", "interestAndDebtExpense": "86178000", "netIncomeFromContinuingOperations": "746919000", "comprehensiveIncomeNetOfTax": "778299000", "ebit": "1051435000", "ebitda": "1059797000", "netIncome": "746919000"}, {"fiscalDateEnding": "2020-02-29", "reportedCurrency": "USD", "grossProfit": "2722340000", "totalRevenue": "20319987000", "costOfRevenue": "17597647000", "costofGoodsAndServicesSold": "104300000", "operatingIncome": "714504000", "sellingGeneralAndAdministrative": "1940067000", "researchAndDevelopment": "None", "operatingExpenses": "2011343000", "investmentIncomeNet": "None", "netInterestIncome": "746000000", "interestIncome": "829007000", "interestExpense": "83007000", "nonInterestIncome": "20316493000", "otherNonOperatingIncome": "0", "depreciation": "190600000", "depreciationAndAmortization": "5769000", "incomeBeforeTax": "1160986000", "incomeTaxExpense": "272553000", "interestAndDebtExpense": "83007000", "netIncomeFromContinuingOperations": "888433000", "comprehensiveIncomeNetOfTax": "806372000", "ebit": "1243993000", "ebitda": "1249762000", "netIncome": "888433000"}, {"fiscalDateEnding": "2019-02-28", "reportedCurrency": "USD", "grossProfit": "2480591000", "totalRevenue": "18173100000", "costOfRevenue": "15692509000", "costofGoodsAndServicesSold": "90700000", "operatingIncome": "697916000", "sellingGeneralAndAdministrative": "1730275000", "researchAndDevelopment": "None", "operatingExpenses": "1785500000", "investmentIncomeNet": "None", "netInterestIncome": "683600000", "interestIncome": "759392000", "interestExpense": "75792000", "nonInterestIncome": "18170275000", "otherNonOperatingIncome": "-400000", "depreciation": "169800000", "depreciationAndAmortization": "182247000", "incomeBeforeTax": "1112806000", "incomeTaxExpense": "270393000", "interestAndDebtExpense": "75792000", "netIncomeFromContinuingOperations": "842413000", "comprehensiveIncomeNetOfTax": "828715000", "ebit": "1188598000", "ebitda": "1370845000", "netIncome": "842413000"}, {"fiscalDateEnding": "2018-02-28", "reportedCurrency": "USD", "grossProfit": "2328859000", "totalRevenue": "17120209000", "costOfRevenue": "14791350000", "costofGoodsAndServicesSold": "83200000", "operatingIncome": "664008000", "sellingGeneralAndAdministrative": "1617051000", "researchAndDevelopment": "None", "operatingExpenses": "1666149000", "investmentIncomeNet": "None", "netInterestIncome": "641600000", "interestIncome": "712345000", "interestExpense": "70745000", "nonInterestIncome": "-1298000", "otherNonOperatingIncome": "400000", "depreciation": "158600000", "depreciationAndAmortization": "179942000", "incomeBeforeTax": "1063608000", "incomeTaxExpense": "399496000", "interestAndDebtExpense": "70745000", "netIncomeFromContinuingOperations": "664112000", "comprehensiveIncomeNetOfTax": "676935000", "ebit": "1134353000", "ebitda": "1314295000", "netIncome": "664112000"}, {"fiscalDateEnding": "2017-02-28", "reportedCurrency": "USD", "grossProfit": "2183294000", "totalRevenue": "15875118000", "costOfRevenue": "13691824000", "costofGoodsAndServicesSold": "71000000", "operatingIncome": "654590000", "sellingGeneralAndAdministrative": "1488504000", "researchAndDevelopment": "None", "operatingExpenses": "1532873000", "investmentIncomeNet": "None", "netInterestIncome": "590600000", "interestIncome": "647016000", "interestExpense": "56416000", "nonInterestIncome": "-4169000", "otherNonOperatingIncome": "0", "depreciation": "140700000", "depreciationAndAmortization": "168875000", "incomeBeforeTax": "1006405000", "incomeTaxExpense": "379435000", "interestAndDebtExpense": "56416000", "netIncomeFromContinuingOperations": "626970000", "comprehensiveIncomeNetOfTax": "640611000", "ebit": "1062821000", "ebitda": "1231696000", "netIncome": "626970000"}], "quarterlyReports": [{"fiscalDateEnding": "2021-08-31", "reportedCurrency": "USD", "grossProfit": "815484000", "totalRevenue": "7988359000", "costOfRevenue": "7172875000", "costofGoodsAndServicesSold": "27900000", "operatingIncome": "173109000", "sellingGeneralAndAdministrative": "574286000", "researchAndDevelopment": "None", "operatingExpenses": "642375000", "investmentIncomeNet": "None", "netInterestIncome": "263500000", "interestIncome": "285910000", "interestExpense": "22410000", "nonInterestIncome": "7988400000", "otherNonOperatingIncome": "0", "depreciation": "None", "depreciationAndAmortization": "52789000", "incomeBeforeTax": "367814000", "incomeTaxExpense": "82547000", "interestAndDebtExpense": "22410000", "netIncomeFromContinuingOperations": "285267000", "comprehensiveIncomeNetOfTax": "288678000", "ebit": "390224000", "ebitda": "443013000", "netIncome": "285267000"}, {"fiscalDateEnding": "2021-05-31", "reportedCurrency": "USD", "grossProfit": "924509000", "totalRevenue": "7697599000", "costOfRevenue": "6773090000", "costofGoodsAndServicesSold": "27200000", "operatingIncome": "306150000", "sellingGeneralAndAdministrative": "554069000", "researchAndDevelopment": "None", "operatingExpenses": "597322000", "investmentIncomeNet": "None", "netInterestIncome": "244500000", "interestIncome": "265034000", "interestExpense": "20534000", "nonInterestIncome": "7718637000", "otherNonOperatingIncome": "0", "depreciation": "None", "depreciationAndAmortization": "49890000", "incomeBeforeTax": "567324000", "incomeTaxExpense": "130568000", "interestAndDebtExpense": "20534000", "netIncomeFromContinuingOperations": "436756000", "comprehensiveIncomeNetOfTax": "439693000", "ebit": "587858000", "ebitda": "637748000", "netIncome": "436756000"}, {"fiscalDateEnding": "2021-02-28", "reportedCurrency": "USD", "grossProfit": "641369000", "totalRevenue": "5164257000", "costOfRevenue": "4522888000", "costofGoodsAndServicesSold": "27000000", "operatingIncome": "67276000", "sellingGeneralAndAdministrative": "556054000", "researchAndDevelopment": "None", "operatingExpenses": "566718000", "investmentIncomeNet": "None", "netInterestIncome": "219800000", "interestIncome": "240089000", "interestExpense": "20289000", "nonInterestIncome": "5171575000", "otherNonOperatingIncome": "0", "depreciation": "None", "depreciationAndAmortization": "2839000", "incomeBeforeTax": "262249000", "incomeTaxExpense": "52304000", "interestAndDebtExpense": "20289000", "netIncomeFromContinuingOperations": "209945000", "comprehensiveIncomeNetOfTax": "244178000", "ebit": "282538000", "ebitda": "285377000", "netIncome": "209945000"}, {"fiscalDateEnding": "2020-11-30", "reportedCurrency": "USD", "grossProfit": "631430000", "totalRevenue": "5184944000", "costOfRevenue": "4553514000", "costofGoodsAndServicesSold": "26800000", "operatingIncome": "135284000", "sellingGeneralAndAdministrative": "478797000", "researchAndDevelopment": "None", "operatingExpenses": "496146000", "investmentIncomeNet": "None", "netInterestIncome": "211400000", "interestIncome": "230862000", "interestExpense": "19462000", "nonInterestIncome": "5184900000", "otherNonOperatingIncome": "0", "depreciation": "None", "depreciationAndAmortization": "2149000", "incomeBeforeTax": "310503000", "incomeTaxExpense": "75203000", "interestAndDebtExpense": "19462000", "netIncomeFromContinuingOperations": "235300000", "comprehensiveIncomeNetOfTax": "242802000", "ebit": "329965000", "ebitda": "332114000", "netIncome": "235300000"}, {"fiscalDateEnding": "2020-08-31", "reportedCurrency": "USD", "grossProfit": "752143000", "totalRevenue": "5372166000", "costOfRevenue": "4620023000", "costofGoodsAndServicesSold": "25400000", "operatingIncome": "246216000", "sellingGeneralAndAdministrative": "441923000", "researchAndDevelopment": "None", "operatingExpenses": "505927000", "investmentIncomeNet": "None", "netInterestIncome": "198800000", "interestIncome": "221269000", "interestExpense": "22469000", "nonInterestIncome": "5372200000", "otherNonOperatingIncome": "-300000", "depreciation": "None", "depreciationAndAmortization": "48285000", "incomeBeforeTax": "388341000", "incomeTaxExpense": "91645000", "interestAndDebtExpense": "22469000", "netIncomeFromContinuingOperations": "296696000", "comprehensiveIncomeNetOfTax": "301675000", "ebit": "410810000", "ebitda": "412529000", "netIncome": "296696000"}, {"fiscalDateEnding": "2020-05-31", "reportedCurrency": "USD", "grossProfit": "354183000", "totalRevenue": "3228782000", "costOfRevenue": "2874599000", "costofGoodsAndServicesSold": "23000000", "operatingIncome": "-32988000", "sellingGeneralAndAdministrative": "324891000", "researchAndDevelopment": "None", "operatingExpenses": "392557000", "investmentIncomeNet": "None", "netInterestIncome": "197900000", "interestIncome": "221858000", "interestExpense": "23958000", "nonInterestIncome": "3223414000", "otherNonOperatingIncome": "-1900000", "depreciation": "None", "depreciationAndAmortization": "48825000", "incomeBeforeTax": "4164000", "incomeTaxExpense": "-814000", "interestAndDebtExpense": "23958000", "netIncomeFromContinuingOperations": "4978000", "comprehensiveIncomeNetOfTax": "-10356000", "ebit": "28122000", "ebitda": "76947000", "netIncome": "4978000"}, {"fiscalDateEnding": "2020-02-29", "reportedCurrency": "USD", "grossProfit": "672857000", "totalRevenue": "4962490000", "costOfRevenue": "4289633000", "costofGoodsAndServicesSold": "28700000", "operatingIncome": "188129000", "sellingGeneralAndAdministrative": "484728000", "researchAndDevelopment": "None", "operatingExpenses": "484728000", "investmentIncomeNet": "None", "netInterestIncome": "193600000", "interestIncome": "215907000", "interestExpense": "22307000", "nonInterestIncome": "4958921000", "otherNonOperatingIncome": "0", "depreciation": "None", "depreciationAndAmortization": "1655000", "incomeBeforeTax": "276633000", "incomeTaxExpense": "61699000", "interestAndDebtExpense": "22307000", "netIncomeFromContinuingOperations": "188129000", "comprehensiveIncomeNetOfTax": "146870000", "ebit": "298940000", "ebitda": "300595000", "netIncome": "214934000"}, {"fiscalDateEnding": "2019-11-30", "reportedCurrency": "USD", "grossProfit": "613647000", "totalRevenue": "4790028000", "costOfRevenue": "4176381000", "costofGoodsAndServicesSold": "25500000", "operatingIncome": "112536000", "sellingGeneralAndAdministrative": "484848000", "researchAndDevelopment": "None", "operatingExpenses": "501111000", "investmentIncomeNet": "None", "netInterestIncome": "188500000", "interestIncome": "210343000", "interestExpense": "21843000", "nonInterestIncome": "4790000000", "otherNonOperatingIncome": "0", "depreciation": "None", "depreciationAndAmortization": "1563000", "incomeBeforeTax": "227559000", "incomeTaxExpense": "54403000", "interestAndDebtExpense": "21843000", "netIncomeFromContinuingOperations": "173156000", "comprehensiveIncomeNetOfTax": "182779000", "ebit": "249402000", "ebitda": "250965000", "netIncome": "173156000"}, {"fiscalDateEnding": "2019-08-31", "reportedCurrency": "USD", "grossProfit": "693453000", "totalRevenue": "5201151000", "costOfRevenue": "4507698000", "costofGoodsAndServicesSold": "25500000", "operatingIncome": "196069000", "sellingGeneralAndAdministrative": "480831000", "researchAndDevelopment": "None", "operatingExpenses": "497384000", "investmentIncomeNet": "None", "netInterestIncome": "185100000", "interestIncome": "206173000", "interestExpense": "21073000", "nonInterestIncome": "5201200000", "otherNonOperatingIncome": "0", "depreciation": "None", "depreciationAndAmortization": "1453000", "incomeBeforeTax": "305537000", "incomeTaxExpense": "71938000", "interestAndDebtExpense": "21073000", "netIncomeFromContinuingOperations": "233599000", "comprehensiveIncomeNetOfTax": "223175000", "ebit": "326610000", "ebitda": "328063000", "netIncome": "233599000"}, {"fiscalDateEnding": "2019-05-31", "reportedCurrency": "USD", "grossProfit": "742383000", "totalRevenue": "5366318000", "costOfRevenue": "4623935000", "costofGoodsAndServicesSold": "24600000", "operatingIncome": "238223000", "sellingGeneralAndAdministrative": "489660000", "researchAndDevelopment": "None", "operatingExpenses": "505896000", "investmentIncomeNet": "None", "netInterestIncome": "178800000", "interestIncome": "196584000", "interestExpense": "17784000", "nonInterestIncome": "5364564000", "otherNonOperatingIncome": "0", "depreciation": "None", "depreciationAndAmortization": "1098000", "incomeBeforeTax": "351257000", "incomeTaxExpense": "84513000", "interestAndDebtExpense": "17784000", "netIncomeFromContinuingOperations": "266744000", "comprehensiveIncomeNetOfTax": "253548000", "ebit": "369041000", "ebitda": "370139000", "netIncome": "266744000"}, {"fiscalDateEnding": "2019-02-28", "reportedCurrency": "USD", "grossProfit": "599378000", "totalRevenue": "4318602000", "costOfRevenue": "3719224000", "costofGoodsAndServicesSold": "23700000", "operatingIncome": "170411000", "sellingGeneralAndAdministrative": "428967000", "researchAndDevelopment": "None", "operatingExpenses": "428967000", "investmentIncomeNet": "None", "netInterestIncome": "169500000", "interestIncome": "190476000", "interestExpense": "20976000", "nonInterestIncome": "4319879000", "otherNonOperatingIncome": "0", "depreciation": "None", "depreciationAndAmortization": "46638000", "incomeBeforeTax": "255829000", "incomeTaxExpense": "63273000", "interestAndDebtExpense": "20976000", "netIncomeFromContinuingOperations": "170411000", "comprehensiveIncomeNetOfTax": "178683000", "ebit": "276805000", "ebitda": "323443000", "netIncome": "192556000"}, {"fiscalDateEnding": "2018-11-30", "reportedCurrency": "USD", "grossProfit": "569237000", "totalRevenue": "4295871000", "costOfRevenue": "3726634000", "costofGoodsAndServicesSold": "21900000", "operatingIncome": "147217000", "sellingGeneralAndAdministrative": "409520000", "researchAndDevelopment": "None", "operatingExpenses": "422020000", "investmentIncomeNet": "None", "netInterestIncome": "172500000", "interestIncome": "191314000", "interestExpense": "18814000", "nonInterestIncome": "4295900000", "otherNonOperatingIncome": "-100000", "depreciation": "None", "depreciationAndAmortization": "45298000", "incomeBeforeTax": "247808000", "incomeTaxExpense": "57497000", "interestAndDebtExpense": "18814000", "netIncomeFromContinuingOperations": "190311000", "comprehensiveIncomeNetOfTax": "190609000", "ebit": "266622000", "ebitda": "311920000", "netIncome": "190311000"}, {"fiscalDateEnding": "2018-08-31", "reportedCurrency": "USD", "grossProfit": "650636000", "totalRevenue": "4766035000", "costOfRevenue": "4115399000", "costofGoodsAndServicesSold": "23100000", "operatingIncome": "183582000", "sellingGeneralAndAdministrative": "453554000", "researchAndDevelopment": "None", "operatingExpenses": "467054000", "investmentIncomeNet": "None", "netInterestIncome": "173100000", "interestIncome": "191050000", "interestExpense": "17950000", "nonInterestIncome": "4766000000", "otherNonOperatingIncome": "-300000", "depreciation": "None", "depreciationAndAmortization": "44968000", "incomeBeforeTax": "289485000", "incomeTaxExpense": "68595000", "interestAndDebtExpense": "17950000", "netIncomeFromContinuingOperations": "220890000", "comprehensiveIncomeNetOfTax": "221500000", "ebit": "307435000", "ebitda": "352403000", "netIncome": "220890000"}, {"fiscalDateEnding": "2018-05-31", "reportedCurrency": "USD", "grossProfit": "661340000", "totalRevenue": "4792592000", "costOfRevenue": "4131252000", "costofGoodsAndServicesSold": "22000000", "operatingIncome": "210706000", "sellingGeneralAndAdministrative": "438234000", "researchAndDevelopment": "None", "operatingExpenses": "452102000", "investmentIncomeNet": "None", "netInterestIncome": "168500000", "interestIncome": "186552000", "interestExpense": "18052000", "nonInterestIncome": "4791132000", "otherNonOperatingIncome": "0", "depreciation": "None", "depreciationAndAmortization": "45343000", "incomeBeforeTax": "319684000", "incomeTaxExpense": "81028000", "interestAndDebtExpense": "18052000", "netIncomeFromContinuingOperations": "238656000", "comprehensiveIncomeNetOfTax": "237923000", "ebit": "337736000", "ebitda": "383079000", "netIncome": "238656000"}, {"fiscalDateEnding": "2018-02-28", "reportedCurrency": "USD", "grossProfit": "536728000", "totalRevenue": "4084218000", "costOfRevenue": "3547490000", "costofGoodsAndServicesSold": "21500000", "operatingIncome": "127914000", "sellingGeneralAndAdministrative": "408814000", "researchAndDevelopment": "None", "operatingExpenses": "408814000", "investmentIncomeNet": "None", "netInterestIncome": "160800000", "interestIncome": "180466000", "interestExpense": "19666000", "nonInterestIncome": "-75000", "otherNonOperatingIncome": "400000", "depreciation": "None", "depreciationAndAmortization": "46767000", "incomeBeforeTax": "210123000", "incomeTaxExpense": "87977000", "interestAndDebtExpense": "19666000", "netIncomeFromContinuingOperations": "127914000", "comprehensiveIncomeNetOfTax": "129718000", "ebit": "229789000", "ebitda": "276556000", "netIncome": "122146000"}, {"fiscalDateEnding": "2017-11-30", "reportedCurrency": "USD", "grossProfit": "539188000", "totalRevenue": "4107017000", "costOfRevenue": "3567829000", "costofGoodsAndServicesSold": "21400000", "operatingIncome": "127016000", "sellingGeneralAndAdministrative": "399672000", "researchAndDevelopment": "None", "operatingExpenses": "412172000", "investmentIncomeNet": "None", "netInterestIncome": "161700000", "interestIncome": "179105000", "interestExpense": "17405000", "nonInterestIncome": "4107000000", "otherNonOperatingIncome": "0", "depreciation": "None", "depreciationAndAmortization": "45097000", "incomeBeforeTax": "225200000", "incomeTaxExpense": "76360000", "interestAndDebtExpense": "17405000", "netIncomeFromContinuingOperations": "148840000", "comprehensiveIncomeNetOfTax": "157163000", "ebit": "242605000", "ebitda": "287702000", "netIncome": "148840000"}, {"fiscalDateEnding": "2017-08-31", "reportedCurrency": "USD", "grossProfit": "604005000", "totalRevenue": "4386640000", "costOfRevenue": "3782635000", "costofGoodsAndServicesSold": "20600000", "operatingIncome": "187143000", "sellingGeneralAndAdministrative": "405062000", "researchAndDevelopment": "None", "operatingExpenses": "416862000", "investmentIncomeNet": "None", "netInterestIncome": "161400000", "interestIncome": "178236000", "interestExpense": "16836000", "nonInterestIncome": "4386600000", "otherNonOperatingIncome": "0", "depreciation": "None", "depreciationAndAmortization": "44184000", "incomeBeforeTax": "290232000", "incomeTaxExpense": "108808000", "interestAndDebtExpense": "16836000", "netIncomeFromContinuingOperations": "181424000", "comprehensiveIncomeNetOfTax": "180026000", "ebit": "307068000", "ebitda": "351252000", "netIncome": "181424000"}, {"fiscalDateEnding": "2017-05-31", "reportedCurrency": "USD", "grossProfit": "648938000", "totalRevenue": "4542334000", "costOfRevenue": "3893396000", "costofGoodsAndServicesSold": "19700000", "operatingIncome": "234235000", "sellingGeneralAndAdministrative": "403503000", "researchAndDevelopment": "None", "operatingExpenses": "415324000", "investmentIncomeNet": "None", "netInterestIncome": "157700000", "interestIncome": "174538000", "interestExpense": "16838000", "nonInterestIncome": "-621000", "otherNonOperatingIncome": "0", "depreciation": "None", "depreciationAndAmortization": "43894000", "incomeBeforeTax": "338053000", "incomeTaxExpense": "126351000", "interestAndDebtExpense": "16838000", "netIncomeFromContinuingOperations": "211702000", "comprehensiveIncomeNetOfTax": "210028000", "ebit": "354891000", "ebitda": "398785000", "netIncome": "211702000"}, {"fiscalDateEnding": "2017-02-28", "reportedCurrency": "USD", "grossProfit": "562160000", "totalRevenue": "4049960000", "costOfRevenue": "3487800000", "costofGoodsAndServicesSold": "19600000", "operatingIncome": "176747000", "sellingGeneralAndAdministrative": "385413000", "researchAndDevelopment": "None", "operatingExpenses": "385413000", "investmentIncomeNet": "None", "netInterestIncome": "148900000", "interestIncome": "165253000", "interestExpense": "16353000", "nonInterestIncome": "-2051000", "otherNonOperatingIncome": "0", "depreciation": "None", "depreciationAndAmortization": "43221000", "incomeBeforeTax": "242315000", "incomeTaxExpense": "89712000", "interestAndDebtExpense": "16353000", "netIncomeFromContinuingOperations": "176747000", "comprehensiveIncomeNetOfTax": "156183000", "ebit": "258668000", "ebitda": "301889000", "netIncome": "152603000"}, {"fiscalDateEnding": "2016-11-30", "reportedCurrency": "USD", "grossProfit": "503135000", "totalRevenue": "3701524000", "costOfRevenue": "3198389000", "costofGoodsAndServicesSold": "17300000", "operatingIncome": "136600000", "sellingGeneralAndAdministrative": "356735000", "researchAndDevelopment": "None", "operatingExpenses": "366535000", "investmentIncomeNet": "None", "netInterestIncome": "148600000", "interestIncome": "163671000", "interestExpense": "15071000", "nonInterestIncome": "-1816000", "otherNonOperatingIncome": "0", "depreciation": "None", "depreciationAndAmortization": "42641000", "incomeBeforeTax": "219661000", "incomeTaxExpense": "83016000", "interestAndDebtExpense": "15071000", "netIncomeFromContinuingOperations": "136645000", "comprehensiveIncomeNetOfTax": "143092000", "ebit": "234732000", "ebitda": "277373000", "netIncome": "136645000"}]}