{"symbol": "KO", "annualReports": [{"fiscalDateEnding": "2020-12-31", "reportedCurrency": "USD", "grossProfit": "19581000000", "totalRevenue": "33014000000", "costOfRevenue": "13433000000", "costofGoodsAndServicesSold": "13433000000", "operatingIncome": "8997000000", "sellingGeneralAndAdministrative": "9731000000", "researchAndDevelopment": "None", "operatingExpenses": "10163000000", "investmentIncomeNet": "370000000", "netInterestIncome": "-1437000000", "interestIncome": "-89000000", "interestExpense": "1437000000", "nonInterestIncome": "-393000000", "otherNonOperatingIncome": "841000000", "depreciation": "1301000000", "depreciationAndAmortization": "203000000", "incomeBeforeTax": "9728000000", "incomeTaxExpense": "1981000000", "interestAndDebtExpense": "1896000000", "netIncomeFromContinuingOperations": "7768000000", "comprehensiveIncomeNetOfTax": "6690000000", "ebit": "11165000000", "ebitda": "11368000000", "netIncome": "7747000000"}, {"fiscalDateEnding": "2019-12-31", "reportedCurrency": "USD", "grossProfit": "22647000000", "totalRevenue": "37266000000", "costOfRevenue": "14619000000", "costofGoodsAndServicesSold": "14619000000", "operatingIncome": "10086000000", "sellingGeneralAndAdministrative": "12103000000", "researchAndDevelopment": "None", "operatingExpenses": "13245000000", "investmentIncomeNet": "563000000", "netInterestIncome": "-946000000", "interestIncome": "563000000", "interestExpense": "946000000", "nonInterestIncome": "-64000000", "otherNonOperatingIncome": "34000000", "depreciation": "1208000000", "depreciationAndAmortization": "120000000", "incomeBeforeTax": "10721000000", "incomeTaxExpense": "1801000000", "interestAndDebtExpense": "946000000", "netIncomeFromContinuingOperations": "8985000000", "comprehensiveIncomeNetOfTax": "8754000000", "ebit": "11667000000", "ebitda": "11787000000", "netIncome": "8920000000"}, {"fiscalDateEnding": "2018-12-31", "reportedCurrency": "USD", "grossProfit": "21233000000", "totalRevenue": "34300000000", "costOfRevenue": "13067000000", "costofGoodsAndServicesSold": "13067000000", "operatingIncome": "9152000000", "sellingGeneralAndAdministrative": "11002000000", "researchAndDevelopment": "None", "operatingExpenses": "12267000000", "investmentIncomeNet": "682000000", "netInterestIncome": "-919000000", "interestIncome": "31000000", "interestExpense": "950000000", "nonInterestIncome": "73000000", "otherNonOperatingIncome": "-1674000000", "depreciation": "999000000", "depreciationAndAmortization": "49000000", "incomeBeforeTax": "8183000000", "incomeTaxExpense": "1749000000", "interestAndDebtExpense": "892000000", "netIncomeFromContinuingOperations": "6734000000", "comprehensiveIncomeNetOfTax": "4334000000", "ebit": "9133000000", "ebitda": "9182000000", "netIncome": "6434000000"}, {"fiscalDateEnding": "2017-12-31", "reportedCurrency": "USD", "grossProfit": "22491000000", "totalRevenue": "36212000000", "costOfRevenue": "13721000000", "costofGoodsAndServicesSold": "13721000000", "operatingIncome": "7755000000", "sellingGeneralAndAdministrative": "12834000000", "researchAndDevelopment": "None", "operatingExpenses": "14970000000", "investmentIncomeNet": "677000000", "netInterestIncome": "-841000000", "interestIncome": "12000000", "interestExpense": "853000000", "nonInterestIncome": "151000000", "otherNonOperatingIncome": "-1763000000", "depreciation": "1131000000", "depreciationAndAmortization": "68000000", "incomeBeforeTax": "6855000000", "incomeTaxExpense": "5607000000", "interestAndDebtExpense": "879000000", "netIncomeFromContinuingOperations": "1181000000", "comprehensiveIncomeNetOfTax": "2148000000", "ebit": "7708000000", "ebitda": "7776000000", "netIncome": "1248000000"}, {"fiscalDateEnding": "2016-12-31", "reportedCurrency": "USD", "grossProfit": "25398000000", "totalRevenue": "41863000000", "costOfRevenue": "16465000000", "costofGoodsAndServicesSold": "16465000000", "operatingIncome": "8657000000", "sellingGeneralAndAdministrative": "15370000000", "researchAndDevelopment": "None", "operatingExpenses": "17070000000", "investmentIncomeNet": "642000000", "netInterestIncome": "-733000000", "interestIncome": "642000000", "interestExpense": "733000000", "nonInterestIncome": "-478000000", "otherNonOperatingIncome": "-1265000000", "depreciation": "1575000000", "depreciationAndAmortization": "139000000", "incomeBeforeTax": "8113000000", "incomeTaxExpense": "1586000000", "interestAndDebtExpense": "1053000000", "netIncomeFromContinuingOperations": "6527000000", "comprehensiveIncomeNetOfTax": "5496000000", "ebit": "8846000000", "ebitda": "8985000000", "netIncome": "6527000000"}], "quarterlyReports": [{"fiscalDateEnding": "2021-09-30", "reportedCurrency": "USD", "grossProfit": "6065000000", "totalRevenue": "10042000000", "costOfRevenue": "3977000000", "costofGoodsAndServicesSold": "3977000000", "operatingIncome": "2898000000", "sellingGeneralAndAdministrative": "3122000000", "researchAndDevelopment": "None", "operatingExpenses": "3168000000", "investmentIncomeNet": "68000000", "netInterestIncome": "-210000000", "interestIncome": "68000000", "interestExpense": "210000000", "nonInterestIncome": "5000000", "otherNonOperatingIncome": "523000000", "depreciation": "None", "depreciationAndAmortization": "362000000", "incomeBeforeTax": "3080000000", "incomeTaxExpense": "609000000", "interestAndDebtExpense": "210000000", "netIncomeFromContinuingOperations": "2475000000", "comprehensiveIncomeNetOfTax": "1520000000", "ebit": "3290000000", "ebitda": "3652000000", "netIncome": "2471000000"}, {"fiscalDateEnding": "2021-06-30", "reportedCurrency": "USD", "grossProfit": "6342000000", "totalRevenue": "10129000000", "costOfRevenue": "3787000000", "costofGoodsAndServicesSold": "3787000000", "operatingIncome": "3016000000", "sellingGeneralAndAdministrative": "3017000000", "researchAndDevelopment": "None", "operatingExpenses": "3330000000", "investmentIncomeNet": "71000000", "netInterestIncome": "-780000000", "interestIncome": "-307000000", "interestExpense": "780000000", "nonInterestIncome": "5000000", "otherNonOperatingIncome": "473000000", "depreciation": "None", "depreciationAndAmortization": "383000000", "incomeBeforeTax": "3635000000", "incomeTaxExpense": "994000000", "interestAndDebtExpense": "780000000", "netIncomeFromContinuingOperations": "2624000000", "comprehensiveIncomeNetOfTax": "3475000000", "ebit": "4415000000", "ebitda": "4798000000", "netIncome": "2641000000"}, {"fiscalDateEnding": "2021-03-31", "reportedCurrency": "USD", "grossProfit": "5515000000", "totalRevenue": "9020000000", "costOfRevenue": "3505000000", "costofGoodsAndServicesSold": "3505000000", "operatingIncome": "2722000000", "sellingGeneralAndAdministrative": "2669000000", "researchAndDevelopment": "None", "operatingExpenses": "2803000000", "investmentIncomeNet": "66000000", "netInterestIncome": "-442000000", "interestIncome": "66000000", "interestExpense": "442000000", "nonInterestIncome": "-24000000", "otherNonOperatingIncome": "345000000", "depreciation": "None", "depreciationAndAmortization": "366000000", "incomeBeforeTax": "2753000000", "incomeTaxExpense": "508000000", "interestAndDebtExpense": "500000000", "netIncomeFromContinuingOperations": "2255000000", "comprehensiveIncomeNetOfTax": "2713000000", "ebit": "3195000000", "ebitda": "3561000000", "netIncome": "2245000000"}, {"fiscalDateEnding": "2020-12-31", "reportedCurrency": "USD", "grossProfit": "5033000000", "totalRevenue": "8611000000", "costOfRevenue": "3578000000", "costofGoodsAndServicesSold": "3578000000", "operatingIncome": "2338000000", "sellingGeneralAndAdministrative": "2589000000", "researchAndDevelopment": "None", "operatingExpenses": "3135000000", "investmentIncomeNet": "76000000", "netInterestIncome": "-310000000", "interestIncome": "-30000000", "interestExpense": "310000000", "nonInterestIncome": "-117000000", "otherNonOperatingIncome": "1121000000", "depreciation": "None", "depreciationAndAmortization": "430000000", "incomeBeforeTax": "2343000000", "incomeTaxExpense": "887000000", "interestAndDebtExpense": "372000000", "netIncomeFromContinuingOperations": "1474000000", "comprehensiveIncomeNetOfTax": "2301000000", "ebit": "2653000000", "ebitda": "3083000000", "netIncome": "1456000000"}, {"fiscalDateEnding": "2020-09-30", "reportedCurrency": "USD", "grossProfit": "5181000000", "totalRevenue": "8652000000", "costOfRevenue": "3471000000", "costofGoodsAndServicesSold": "3471000000", "operatingIncome": "2298000000", "sellingGeneralAndAdministrative": "2511000000", "researchAndDevelopment": "None", "operatingExpenses": "2883000000", "investmentIncomeNet": "82000000", "netInterestIncome": "-660000000", "interestIncome": "-132000000", "interestExpense": "660000000", "nonInterestIncome": "-312000000", "otherNonOperatingIncome": "513000000", "depreciation": "None", "depreciationAndAmortization": "358000000", "incomeBeforeTax": "2178000000", "incomeTaxExpense": "441000000", "interestAndDebtExpense": "660000000", "netIncomeFromContinuingOperations": "1740000000", "comprehensiveIncomeNetOfTax": "2751000000", "ebit": "2838000000", "ebitda": "3196000000", "netIncome": "1737000000"}, {"fiscalDateEnding": "2020-06-30", "reportedCurrency": "USD", "grossProfit": "4137000000", "totalRevenue": "7150000000", "costOfRevenue": "3013000000", "costofGoodsAndServicesSold": "3013000000", "operatingIncome": "1981000000", "sellingGeneralAndAdministrative": "1983000000", "researchAndDevelopment": "None", "operatingExpenses": "2194000000", "investmentIncomeNet": "100000000", "netInterestIncome": "-274000000", "interestIncome": "100000000", "interestExpense": "274000000", "nonInterestIncome": "13000000", "otherNonOperatingIncome": "276000000", "depreciation": "None", "depreciationAndAmortization": "381000000", "incomeBeforeTax": "2217000000", "incomeTaxExpense": "438000000", "interestAndDebtExpense": "274000000", "netIncomeFromContinuingOperations": "1759000000", "comprehensiveIncomeNetOfTax": "1015000000", "ebit": "2491000000", "ebitda": "2872000000", "netIncome": "1779000000"}, {"fiscalDateEnding": "2020-03-31", "reportedCurrency": "USD", "grossProfit": "5230000000", "totalRevenue": "8601000000", "costOfRevenue": "3371000000", "costofGoodsAndServicesSold": "3371000000", "operatingIncome": "2380000000", "sellingGeneralAndAdministrative": "2648000000", "researchAndDevelopment": "None", "operatingExpenses": "1970000000", "investmentIncomeNet": "112000000", "netInterestIncome": "-193000000", "interestIncome": "112000000", "interestExpense": "193000000", "nonInterestIncome": "43000000", "otherNonOperatingIncome": "279000000", "depreciation": "None", "depreciationAndAmortization": "367000000", "incomeBeforeTax": "2990000000", "incomeTaxExpense": "215000000", "interestAndDebtExpense": "193000000", "netIncomeFromContinuingOperations": "2795000000", "comprehensiveIncomeNetOfTax": "623000000", "ebit": "3183000000", "ebitda": "3550000000", "netIncome": "2775000000"}, {"fiscalDateEnding": "2019-12-31", "reportedCurrency": "USD", "grossProfit": "5502000000", "totalRevenue": "9068000000", "costOfRevenue": "3566000000", "costofGoodsAndServicesSold": "3566000000", "operatingIncome": "2164000000", "sellingGeneralAndAdministrative": "3224000000", "researchAndDevelopment": "None", "operatingExpenses": "3418000000", "investmentIncomeNet": "135000000", "netInterestIncome": "-235000000", "interestIncome": "135000000", "interestExpense": "235000000", "nonInterestIncome": "-1000000", "otherNonOperatingIncome": "648000000", "depreciation": "None", "depreciationAndAmortization": "400000000", "incomeBeforeTax": "2397000000", "incomeTaxExpense": "355000000", "interestAndDebtExpense": "235000000", "netIncomeFromContinuingOperations": "2065000000", "comprehensiveIncomeNetOfTax": "2249000000", "ebit": "2632000000", "ebitda": "3032000000", "netIncome": "2042000000"}, {"fiscalDateEnding": "2019-09-30", "reportedCurrency": "USD", "grossProfit": "5740000000", "totalRevenue": "9507000000", "costOfRevenue": "3767000000", "costofGoodsAndServicesSold": "3767000000", "operatingIncome": "2499000000", "sellingGeneralAndAdministrative": "3116000000", "researchAndDevelopment": "None", "operatingExpenses": "3344000000", "investmentIncomeNet": "153000000", "netInterestIncome": "-230000000", "interestIncome": "153000000", "interestExpense": "230000000", "nonInterestIncome": "-39000000", "otherNonOperatingIncome": "499000000", "depreciation": "None", "depreciationAndAmortization": "363000000", "incomeBeforeTax": "3096000000", "incomeTaxExpense": "503000000", "interestAndDebtExpense": "230000000", "netIncomeFromContinuingOperations": "2589000000", "comprehensiveIncomeNetOfTax": "1868000000", "ebit": "3326000000", "ebitda": "3689000000", "netIncome": "2593000000"}, {"fiscalDateEnding": "2019-06-30", "reportedCurrency": "USD", "grossProfit": "6076000000", "totalRevenue": "9997000000", "costOfRevenue": "3921000000", "costofGoodsAndServicesSold": "3921000000", "operatingIncome": "2988000000", "sellingGeneralAndAdministrative": "2996000000", "researchAndDevelopment": "None", "operatingExpenses": "3143000000", "investmentIncomeNet": "142000000", "netInterestIncome": "-236000000", "interestIncome": "142000000", "interestExpense": "236000000", "nonInterestIncome": "1000000", "otherNonOperatingIncome": "471000000", "depreciation": "None", "depreciationAndAmortization": "327000000", "incomeBeforeTax": "3028000000", "incomeTaxExpense": "421000000", "interestAndDebtExpense": "236000000", "netIncomeFromContinuingOperations": "2628000000", "comprehensiveIncomeNetOfTax": "1951000000", "ebit": "3264000000", "ebitda": "3591000000", "netIncome": "2607000000"}, {"fiscalDateEnding": "2019-03-31", "reportedCurrency": "USD", "grossProfit": "5329000000", "totalRevenue": "8694000000", "costOfRevenue": "3365000000", "costofGoodsAndServicesSold": "3365000000", "operatingIncome": "2435000000", "sellingGeneralAndAdministrative": "2767000000", "researchAndDevelopment": "None", "operatingExpenses": "3194000000", "investmentIncomeNet": "129000000", "netInterestIncome": "-232000000", "interestIncome": "13000000", "interestExpense": "245000000", "nonInterestIncome": "46000000", "otherNonOperatingIncome": "-234000000", "depreciation": "None", "depreciationAndAmortization": "275000000", "incomeBeforeTax": "2200000000", "incomeTaxExpense": "522000000", "interestAndDebtExpense": "232000000", "netIncomeFromContinuingOperations": "1645000000", "comprehensiveIncomeNetOfTax": "2686000000", "ebit": "2445000000", "ebitda": "2707000000", "netIncome": "1678000000"}, {"fiscalDateEnding": "2018-12-31", "reportedCurrency": "USD", "grossProfit": "4704000000", "totalRevenue": "7806000000", "costOfRevenue": "3102000000", "costofGoodsAndServicesSold": "3102000000", "operatingIncome": "1825000000", "sellingGeneralAndAdministrative": "2716000000", "researchAndDevelopment": "None", "operatingExpenses": "2995000000", "investmentIncomeNet": "176000000", "netInterestIncome": "-242000000", "interestIncome": "11000000", "interestExpense": "253000000", "nonInterestIncome": "-94000000", "otherNonOperatingIncome": "-1531000000", "depreciation": "None", "depreciationAndAmortization": "279000000", "incomeBeforeTax": "908000000", "incomeTaxExpense": "38000000", "interestAndDebtExpense": "215000000", "netIncomeFromContinuingOperations": "794000000", "comprehensiveIncomeNetOfTax": "126000000", "ebit": "1161000000", "ebitda": "1386000000", "netIncome": "870000000"}, {"fiscalDateEnding": "2018-09-30", "reportedCurrency": "USD", "grossProfit": "5429000000", "totalRevenue": "8775000000", "costOfRevenue": "3346000000", "costofGoodsAndServicesSold": "3346000000", "operatingIncome": "2614000000", "sellingGeneralAndAdministrative": "2660000000", "researchAndDevelopment": "None", "operatingExpenses": "2771000000", "investmentIncomeNet": "171000000", "netInterestIncome": "-206000000", "interestIncome": "8000000", "interestExpense": "214000000", "nonInterestIncome": "5000000", "otherNonOperatingIncome": "9000000", "depreciation": "None", "depreciationAndAmortization": "254000000", "incomeBeforeTax": "2435000000", "incomeTaxExpense": "555000000", "interestAndDebtExpense": "206000000", "netIncomeFromContinuingOperations": "2326000000", "comprehensiveIncomeNetOfTax": "1584000000", "ebit": "2649000000", "ebitda": "3020000000", "netIncome": "1880000000"}, {"fiscalDateEnding": "2018-06-30", "reportedCurrency": "USD", "grossProfit": "5878000000", "totalRevenue": "9421000000", "costOfRevenue": "3543000000", "costofGoodsAndServicesSold": "3543000000", "operatingIncome": "2766000000", "sellingGeneralAndAdministrative": "2887000000", "researchAndDevelopment": "None", "operatingExpenses": "2856000000", "investmentIncomeNet": "170000000", "netInterestIncome": "-241000000", "interestIncome": "6000000", "interestExpense": "247000000", "nonInterestIncome": "-1000000", "otherNonOperatingIncome": "-97000000", "depreciation": "None", "depreciationAndAmortization": "283000000", "incomeBeforeTax": "2927000000", "incomeTaxExpense": "611000000", "interestAndDebtExpense": "241000000", "netIncomeFromContinuingOperations": "2290000000", "comprehensiveIncomeNetOfTax": "580000000", "ebit": "3174000000", "ebitda": "3493000000", "netIncome": "2316000000"}, {"fiscalDateEnding": "2018-03-31", "reportedCurrency": "USD", "grossProfit": "4888000000", "totalRevenue": "7626000000", "costOfRevenue": "2738000000", "costofGoodsAndServicesSold": "2738000000", "operatingIncome": "1811000000", "sellingGeneralAndAdministrative": "2541000000", "researchAndDevelopment": "None", "operatingExpenses": "2720000000", "investmentIncomeNet": "165000000", "netInterestIncome": "-230000000", "interestIncome": "None", "interestExpense": "230000000", "nonInterestIncome": "19000000", "otherNonOperatingIncome": "-55000000", "depreciation": "None", "depreciationAndAmortization": "270000000", "incomeBeforeTax": "1874000000", "incomeTaxExpense": "506000000", "interestAndDebtExpense": "230000000", "netIncomeFromContinuingOperations": "1325000000", "comprehensiveIncomeNetOfTax": "2044000000", "ebit": "2104000000", "ebitda": "2237000000", "netIncome": "1368000000"}, {"fiscalDateEnding": "2017-12-31", "reportedCurrency": "USD", "grossProfit": "5159000000", "totalRevenue": "8314000000", "costOfRevenue": "3155000000", "costofGoodsAndServicesSold": "3155000000", "operatingIncome": "1510000000", "sellingGeneralAndAdministrative": "3057000000", "researchAndDevelopment": "None", "operatingExpenses": "3504000000", "investmentIncomeNet": "182000000", "netInterestIncome": "-210000000", "interestIncome": "12000000", "interestExpense": "222000000", "nonInterestIncome": "41000000", "otherNonOperatingIncome": "-576000000", "depreciation": "None", "depreciationAndAmortization": "334000000", "incomeBeforeTax": "1050000000", "incomeTaxExpense": "3802000000", "interestAndDebtExpense": "210000000", "netIncomeFromContinuingOperations": "-2819000000", "comprehensiveIncomeNetOfTax": "-3214000000", "ebit": "1272000000", "ebitda": "1547000000", "netIncome": "-2752000000"}, {"fiscalDateEnding": "2017-09-30", "reportedCurrency": "USD", "grossProfit": "5684000000", "totalRevenue": "9078000000", "costOfRevenue": "3394000000", "costofGoodsAndServicesSold": "3394000000", "operatingIncome": "2245000000", "sellingGeneralAndAdministrative": "3245000000", "researchAndDevelopment": "None", "operatingExpenses": "3271000000", "investmentIncomeNet": "175000000", "netInterestIncome": "-208000000", "interestIncome": "None", "interestExpense": "208000000", "nonInterestIncome": "-289000000", "otherNonOperatingIncome": "-896000000", "depreciation": "None", "depreciationAndAmortization": "297000000", "incomeBeforeTax": "1677000000", "incomeTaxExpense": "230000000", "interestAndDebtExpense": "208000000", "netIncomeFromContinuingOperations": "1447000000", "comprehensiveIncomeNetOfTax": "2093000000", "ebit": "1885000000", "ebitda": "2182000000", "netIncome": "1447000000"}, {"fiscalDateEnding": "2017-06-30", "reportedCurrency": "USD", "grossProfit": "6043000000", "totalRevenue": "9903000000", "costOfRevenue": "7512000000", "costofGoodsAndServicesSold": "3659000000", "operatingIncome": "2037000000", "sellingGeneralAndAdministrative": "3180000000", "researchAndDevelopment": "None", "operatingExpenses": "3872000000", "investmentIncomeNet": "165000000", "netInterestIncome": "-231000000", "interestIncome": "None", "interestExpense": "231000000", "nonInterestIncome": "432000000", "otherNonOperatingIncome": "244000000", "depreciation": "None", "depreciationAndAmortization": "301000000", "incomeBeforeTax": "2623000000", "incomeTaxExpense": "1252000000", "interestAndDebtExpense": "269000000", "netIncomeFromContinuingOperations": "1371000000", "comprehensiveIncomeNetOfTax": "1088000000", "ebit": "2854000000", "ebitda": "3155000000", "netIncome": "1371000000"}, {"fiscalDateEnding": "2017-03-31", "reportedCurrency": "USD", "grossProfit": "5605000000", "totalRevenue": "8854000000", "costOfRevenue": "7356000000", "costofGoodsAndServicesSold": "3513000000", "operatingIncome": "1963000000", "sellingGeneralAndAdministrative": "3352000000", "researchAndDevelopment": "None", "operatingExpenses": "4346000000", "investmentIncomeNet": "155000000", "netInterestIncome": "-192000000", "interestIncome": "None", "interestExpense": "192000000", "nonInterestIncome": "-72000000", "otherNonOperatingIncome": "-535000000", "depreciation": "None", "depreciationAndAmortization": "328000000", "incomeBeforeTax": "1505000000", "incomeTaxExpense": "323000000", "interestAndDebtExpense": "192000000", "netIncomeFromContinuingOperations": "1182000000", "comprehensiveIncomeNetOfTax": "2181000000", "ebit": "1697000000", "ebitda": "2025000000", "netIncome": "1182000000"}, {"fiscalDateEnding": "2016-12-31", "reportedCurrency": "USD", "grossProfit": "5615000000", "totalRevenue": "10087000000", "costOfRevenue": "8303000000", "costofGoodsAndServicesSold": "3794000000", "operatingIncome": "1386000000", "sellingGeneralAndAdministrative": "3688000000", "researchAndDevelopment": "None", "operatingExpenses": "3308000000", "investmentIncomeNet": "170000000", "netInterestIncome": "-248000000", "interestIncome": "None", "interestExpense": "248000000", "nonInterestIncome": "-285000000", "otherNonOperatingIncome": "-950000000", "depreciation": "None", "depreciationAndAmortization": "464000000", "incomeBeforeTax": "518000000", "incomeTaxExpense": "-32000000", "interestAndDebtExpense": "568000000", "netIncomeFromContinuingOperations": "524000000", "comprehensiveIncomeNetOfTax": "-446000000", "ebit": "766000000", "ebitda": "1230000000", "netIncome": "550000000"}]}