{"symbol": "KSU", "annualReports": [{"fiscalDateEnding": "2020-12-31", "reportedCurrency": "USD", "grossProfit": "1781200000", "totalRevenue": "2632600000", "costOfRevenue": "851400000", "costofGoodsAndServicesSold": "1599000000", "operatingIncome": "1003000000", "sellingGeneralAndAdministrative": "823200000", "researchAndDevelopment": "None", "operatingExpenses": "1629600000", "investmentIncomeNet": "None", "netInterestIncome": "-150900000", "interestIncome": "-181900000", "interestExpense": "150900000", "nonInterestIncome": "-29600000", "otherNonOperatingIncome": "2100000", "depreciation": "None", "depreciationAndAmortization": "357900000", "incomeBeforeTax": "821100000", "incomeTaxExpense": "204100000", "interestAndDebtExpense": "150900000", "netIncomeFromContinuingOperations": "619100000", "comprehensiveIncomeNetOfTax": "646500000", "ebit": "972000000", "ebitda": "1329900000", "netIncome": "617000000"}, {"fiscalDateEnding": "2019-12-31", "reportedCurrency": "USD", "grossProfit": "1477000000", "totalRevenue": "2866000000", "costOfRevenue": "1389000000", "costofGoodsAndServicesSold": "340400000", "operatingIncome": "886300000", "sellingGeneralAndAdministrative": "108600000", "researchAndDevelopment": "None", "operatingExpenses": "1979700000", "investmentIncomeNet": "None", "netInterestIncome": "-115900000", "interestIncome": "-97800000", "interestExpense": "115900000", "nonInterestIncome": "16000000", "otherNonOperatingIncome": "1000000", "depreciation": "None", "depreciationAndAmortization": "350700000", "incomeBeforeTax": "786500000", "incomeTaxExpense": "247600000", "interestAndDebtExpense": "117000000", "netIncomeFromContinuingOperations": "540800000", "comprehensiveIncomeNetOfTax": "520700000", "ebit": "902400000", "ebitda": "1253100000", "netIncome": "538900000"}, {"fiscalDateEnding": "2018-12-31", "reportedCurrency": "USD", "grossProfit": "1474100000", "totalRevenue": "2714000000", "costOfRevenue": "1239900000", "costofGoodsAndServicesSold": "348200000", "operatingIncome": "986300000", "sellingGeneralAndAdministrative": "49300000", "researchAndDevelopment": "None", "operatingExpenses": "1727700000", "investmentIncomeNet": "None", "netInterestIncome": "-110000000", "interestIncome": "-99600000", "interestExpense": "110000000", "nonInterestIncome": "5600000", "otherNonOperatingIncome": "2400000", "depreciation": "None", "depreciationAndAmortization": "346700000", "incomeBeforeTax": "884900000", "incomeTaxExpense": "257500000", "interestAndDebtExpense": "112200000", "netIncomeFromContinuingOperations": "629400000", "comprehensiveIncomeNetOfTax": "630100000", "ebit": "994900000", "ebitda": "1341600000", "netIncome": "627400000"}, {"fiscalDateEnding": "2017-12-31", "reportedCurrency": "USD", "grossProfit": "1392600000", "totalRevenue": "2582900000", "costOfRevenue": "1190300000", "costofGoodsAndServicesSold": "316100000", "operatingIncome": "921600000", "sellingGeneralAndAdministrative": "553300000", "researchAndDevelopment": "None", "operatingExpenses": "1661300000", "investmentIncomeNet": "None", "netInterestIncome": "-100200000", "interestIncome": "-47000000", "interestExpense": "100200000", "nonInterestIncome": "41700000", "otherNonOperatingIncome": "-300000", "depreciation": "None", "depreciationAndAmortization": "320900000", "incomeBeforeTax": "872400000", "incomeTaxExpense": "-89600000", "interestAndDebtExpense": "100200000", "netIncomeFromContinuingOperations": "963900000", "comprehensiveIncomeNetOfTax": "955300000", "ebit": "972600000", "ebitda": "1293500000", "netIncome": "962000000"}, {"fiscalDateEnding": "2016-12-31", "reportedCurrency": "USD", "grossProfit": "1252000000", "totalRevenue": "2334200000", "costOfRevenue": "1082200000", "costofGoodsAndServicesSold": "253800000", "operatingIncome": "818500000", "sellingGeneralAndAdministrative": "523400000", "researchAndDevelopment": "None", "operatingExpenses": "1515700000", "investmentIncomeNet": "None", "netInterestIncome": "-97700000", "interestIncome": "-155100000", "interestExpense": "97700000", "nonInterestIncome": "-72000000", "otherNonOperatingIncome": "-700000", "depreciation": "None", "depreciationAndAmortization": "305000000", "incomeBeforeTax": "660900000", "incomeTaxExpense": "182800000", "interestAndDebtExpense": "97700000", "netIncomeFromContinuingOperations": "479900000", "comprehensiveIncomeNetOfTax": "476600000", "ebit": "758600000", "ebitda": "1063600000", "netIncome": "478100000"}], "quarterlyReports": [{"fiscalDateEnding": "2021-09-30", "reportedCurrency": "USD", "grossProfit": "520200000", "totalRevenue": "744000000", "costOfRevenue": "223800000", "costofGoodsAndServicesSold": "455600000", "operatingIncome": "251900000", "sellingGeneralAndAdministrative": "133300000", "researchAndDevelopment": "None", "operatingExpenses": "492100000", "investmentIncomeNet": "None", "netInterestIncome": "-39000000", "interestIncome": "-35700000", "interestExpense": "39000000", "nonInterestIncome": "-500000", "otherNonOperatingIncome": "500000", "depreciation": "None", "depreciationAndAmortization": "90500000", "incomeBeforeTax": "216400000", "incomeTaxExpense": "60200000", "interestAndDebtExpense": "39000000", "netIncomeFromContinuingOperations": "156500000", "comprehensiveIncomeNetOfTax": "154800000", "ebit": "255400000", "ebitda": "345900000", "netIncome": "156200000"}, {"fiscalDateEnding": "2021-06-30", "reportedCurrency": "USD", "grossProfit": "529900000", "totalRevenue": "749500000", "costOfRevenue": "219600000", "costofGoodsAndServicesSold": "460400000", "operatingIncome": "-431700000", "sellingGeneralAndAdministrative": "128400000", "researchAndDevelopment": "None", "operatingExpenses": "1181200000", "investmentIncomeNet": "None", "netInterestIncome": "-39100000", "interestIncome": "-28900000", "interestExpense": "39100000", "nonInterestIncome": "6800000", "otherNonOperatingIncome": "1000000", "depreciation": "None", "depreciationAndAmortization": "91200000", "incomeBeforeTax": "-460100000", "incomeTaxExpense": "-81600000", "interestAndDebtExpense": "39100000", "netIncomeFromContinuingOperations": "-378000000", "comprehensiveIncomeNetOfTax": "-411600000", "ebit": "-421000000", "ebitda": "-329800000", "netIncome": "-378500000"}, {"fiscalDateEnding": "2021-03-31", "reportedCurrency": "USD", "grossProfit": "484500000", "totalRevenue": "706000000", "costOfRevenue": "221500000", "costofGoodsAndServicesSold": "433700000", "operatingIncome": "253000000", "sellingGeneralAndAdministrative": "217000000", "researchAndDevelopment": "None", "operatingExpenses": "453000000", "investmentIncomeNet": "None", "netInterestIncome": "-39000000", "interestIncome": "-40300000", "interestExpense": "39000000", "nonInterestIncome": "-7300000", "otherNonOperatingIncome": "-800000", "depreciation": "None", "depreciationAndAmortization": "92000000", "incomeBeforeTax": "211500000", "incomeTaxExpense": "58500000", "interestAndDebtExpense": "39000000", "netIncomeFromContinuingOperations": "153400000", "comprehensiveIncomeNetOfTax": "232400000", "ebit": "250500000", "ebitda": "342500000", "netIncome": "153000000"}, {"fiscalDateEnding": "2020-12-31", "reportedCurrency": "USD", "grossProfit": "693400000", "totalRevenue": "693400000", "costOfRevenue": "211900000", "costofGoodsAndServicesSold": "417500000", "operatingIncome": "262300000", "sellingGeneralAndAdministrative": "220000000", "researchAndDevelopment": "None", "operatingExpenses": "431100000", "investmentIncomeNet": "None", "netInterestIncome": "-39100000", "interestIncome": "-26000000", "interestExpense": "39100000", "nonInterestIncome": "14400000", "otherNonOperatingIncome": "-400000", "depreciation": "None", "depreciationAndAmortization": "90000000", "incomeBeforeTax": "235300000", "incomeTaxExpense": "69600000", "interestAndDebtExpense": "39100000", "netIncomeFromContinuingOperations": "262300000", "comprehensiveIncomeNetOfTax": "182400000", "ebit": "274400000", "ebitda": "364400000", "netIncome": "165700000"}, {"fiscalDateEnding": "2020-09-30", "reportedCurrency": "USD", "grossProfit": "452500000", "totalRevenue": "659600000", "costOfRevenue": "207100000", "costofGoodsAndServicesSold": "387600000", "operatingIncome": "271500000", "sellingGeneralAndAdministrative": "200300000", "researchAndDevelopment": "None", "operatingExpenses": "388100000", "investmentIncomeNet": "None", "netInterestIncome": "-39500000", "interestIncome": "-33100000", "interestExpense": "39500000", "nonInterestIncome": "7700000", "otherNonOperatingIncome": "300000", "depreciation": "None", "depreciationAndAmortization": "89200000", "incomeBeforeTax": "238300000", "incomeTaxExpense": "48500000", "interestAndDebtExpense": "39500000", "netIncomeFromContinuingOperations": "190200000", "comprehensiveIncomeNetOfTax": "193100000", "ebit": "277800000", "ebitda": "367000000", "netIncome": "189800000"}, {"fiscalDateEnding": "2020-06-30", "reportedCurrency": "USD", "grossProfit": "344300000", "totalRevenue": "547900000", "costOfRevenue": "203600000", "costofGoodsAndServicesSold": "357000000", "operatingIncome": "180400000", "sellingGeneralAndAdministrative": "18100000", "researchAndDevelopment": "None", "operatingExpenses": "367500000", "investmentIncomeNet": "None", "netInterestIncome": "-38100000", "interestIncome": "-30100000", "interestExpense": "38100000", "nonInterestIncome": "7800000", "otherNonOperatingIncome": "800000", "depreciation": "None", "depreciationAndAmortization": "89300000", "incomeBeforeTax": "150500000", "incomeTaxExpense": "40800000", "interestAndDebtExpense": "38100000", "netIncomeFromContinuingOperations": "110300000", "comprehensiveIncomeNetOfTax": "115600000", "ebit": "188600000", "ebitda": "277900000", "netIncome": "109700000"}, {"fiscalDateEnding": "2020-03-31", "reportedCurrency": "USD", "grossProfit": "502900000", "totalRevenue": "731700000", "costOfRevenue": "228800000", "costofGoodsAndServicesSold": "436900000", "operatingIncome": "288800000", "sellingGeneralAndAdministrative": "21900000", "researchAndDevelopment": "None", "operatingExpenses": "442900000", "investmentIncomeNet": "None", "netInterestIncome": "-34200000", "interestIncome": "-92700000", "interestExpense": "34200000", "nonInterestIncome": "-59500000", "otherNonOperatingIncome": "1400000", "depreciation": "None", "depreciationAndAmortization": "89400000", "incomeBeforeTax": "197000000", "incomeTaxExpense": "45200000", "interestAndDebtExpense": "34200000", "netIncomeFromContinuingOperations": "152300000", "comprehensiveIncomeNetOfTax": "155400000", "ebit": "231200000", "ebitda": "320600000", "netIncome": "151800000"}, {"fiscalDateEnding": "2019-12-31", "reportedCurrency": "USD", "grossProfit": "691200000", "totalRevenue": "729500000", "costOfRevenue": "38300000", "costofGoodsAndServicesSold": "82600000", "operatingIncome": "236000000", "sellingGeneralAndAdministrative": "26800000", "researchAndDevelopment": "None", "operatingExpenses": "493500000", "investmentIncomeNet": "None", "netInterestIncome": "-31800000", "interestIncome": "-26800000", "interestExpense": "31800000", "nonInterestIncome": "7100000", "otherNonOperatingIncome": "-1200000", "depreciation": "None", "depreciationAndAmortization": "88000000", "incomeBeforeTax": "206800000", "incomeTaxExpense": "79600000", "interestAndDebtExpense": "32300000", "netIncomeFromContinuingOperations": "236000000", "comprehensiveIncomeNetOfTax": "128700000", "ebit": "238600000", "ebitda": "326600000", "netIncome": "127200000"}, {"fiscalDateEnding": "2019-09-30", "reportedCurrency": "USD", "grossProfit": "427300000", "totalRevenue": "747700000", "costOfRevenue": "320400000", "costofGoodsAndServicesSold": "87100000", "operatingIncome": "282000000", "sellingGeneralAndAdministrative": "25100000", "researchAndDevelopment": "None", "operatingExpenses": "465700000", "investmentIncomeNet": "None", "netInterestIncome": "-27900000", "interestIncome": "-29200000", "interestExpense": "27900000", "nonInterestIncome": "-3400000", "otherNonOperatingIncome": "2000000", "depreciation": "None", "depreciationAndAmortization": "86500000", "incomeBeforeTax": "254400000", "incomeTaxExpense": "74200000", "interestAndDebtExpense": "27900000", "netIncomeFromContinuingOperations": "180600000", "comprehensiveIncomeNetOfTax": "172900000", "ebit": "282300000", "ebitda": "368800000", "netIncome": "180200000"}, {"fiscalDateEnding": "2019-06-30", "reportedCurrency": "USD", "grossProfit": "359300000", "totalRevenue": "714000000", "costOfRevenue": "354700000", "costofGoodsAndServicesSold": "87700000", "operatingIncome": "208000000", "sellingGeneralAndAdministrative": "26300000", "researchAndDevelopment": "None", "operatingExpenses": "506000000", "investmentIncomeNet": "None", "netInterestIncome": "-28000000", "interestIncome": "-19900000", "interestExpense": "28000000", "nonInterestIncome": "8300000", "otherNonOperatingIncome": "100000", "depreciation": "None", "depreciationAndAmortization": "87700000", "incomeBeforeTax": "187800000", "incomeTaxExpense": "59100000", "interestAndDebtExpense": "28000000", "netIncomeFromContinuingOperations": "129100000", "comprehensiveIncomeNetOfTax": "121200000", "ebit": "215800000", "ebitda": "303500000", "netIncome": "128700000"}, {"fiscalDateEnding": "2019-03-31", "reportedCurrency": "USD", "grossProfit": "306900000", "totalRevenue": "674800000", "costOfRevenue": "367900000", "costofGoodsAndServicesSold": "83000000", "operatingIncome": "160300000", "sellingGeneralAndAdministrative": "30400000", "researchAndDevelopment": "None", "operatingExpenses": "514500000", "investmentIncomeNet": "None", "netInterestIncome": "-28200000", "interestIncome": "None", "interestExpense": "28200000", "nonInterestIncome": "4000000", "otherNonOperatingIncome": "100000", "depreciation": "None", "depreciationAndAmortization": "88500000", "incomeBeforeTax": "137500000", "incomeTaxExpense": "34700000", "interestAndDebtExpense": "28800000", "netIncomeFromContinuingOperations": "103200000", "comprehensiveIncomeNetOfTax": "97900000", "ebit": "165700000", "ebitda": "254200000", "netIncome": "102800000"}, {"fiscalDateEnding": "2018-12-31", "reportedCurrency": "USD", "grossProfit": "694000000", "totalRevenue": "694000000", "costOfRevenue": "358400000", "costofGoodsAndServicesSold": "91200000", "operatingIncome": "256400000", "sellingGeneralAndAdministrative": "30200000", "researchAndDevelopment": "None", "operatingExpenses": "437600000", "investmentIncomeNet": "None", "netInterestIncome": "-28200000", "interestIncome": "None", "interestExpense": "28200000", "nonInterestIncome": "-8500000", "otherNonOperatingIncome": "1600000", "depreciation": "None", "depreciationAndAmortization": "89600000", "incomeBeforeTax": "221400000", "incomeTaxExpense": "60300000", "interestAndDebtExpense": "28200000", "netIncomeFromContinuingOperations": "256400000", "comprehensiveIncomeNetOfTax": "153600000", "ebit": "249600000", "ebitda": "339200000", "netIncome": "161100000"}, {"fiscalDateEnding": "2018-09-30", "reportedCurrency": "USD", "grossProfit": "397800000", "totalRevenue": "699000000", "costOfRevenue": "301200000", "costofGoodsAndServicesSold": "90200000", "operatingIncome": "265400000", "sellingGeneralAndAdministrative": "33000000", "researchAndDevelopment": "None", "operatingExpenses": "433600000", "investmentIncomeNet": "None", "netInterestIncome": "-28300000", "interestIncome": "None", "interestExpense": "28300000", "nonInterestIncome": "9500000", "otherNonOperatingIncome": "600000", "depreciation": "None", "depreciationAndAmortization": "87500000", "incomeBeforeTax": "246600000", "incomeTaxExpense": "73000000", "interestAndDebtExpense": "28300000", "netIncomeFromContinuingOperations": "174000000", "comprehensiveIncomeNetOfTax": "177800000", "ebit": "274900000", "ebitda": "362400000", "netIncome": "173600000"}, {"fiscalDateEnding": "2018-06-30", "reportedCurrency": "USD", "grossProfit": "388300000", "totalRevenue": "682400000", "costOfRevenue": "294100000", "costofGoodsAndServicesSold": "85500000", "operatingIncome": "245800000", "sellingGeneralAndAdministrative": "122300000", "researchAndDevelopment": "None", "operatingExpenses": "436600000", "investmentIncomeNet": "None", "netInterestIncome": "-28000000", "interestIncome": "None", "interestExpense": "28000000", "nonInterestIncome": "-23200000", "otherNonOperatingIncome": "500000", "depreciation": "None", "depreciationAndAmortization": "86300000", "incomeBeforeTax": "195600000", "incomeTaxExpense": "47400000", "interestAndDebtExpense": "30200000", "netIncomeFromContinuingOperations": "148700000", "comprehensiveIncomeNetOfTax": "148500000", "ebit": "223600000", "ebitda": "309900000", "netIncome": "148200000"}, {"fiscalDateEnding": "2018-03-31", "reportedCurrency": "USD", "grossProfit": "352400000", "totalRevenue": "638600000", "costOfRevenue": "286200000", "costofGoodsAndServicesSold": "81300000", "operatingIncome": "218700000", "sellingGeneralAndAdministrative": "121600000", "researchAndDevelopment": "None", "operatingExpenses": "419900000", "investmentIncomeNet": "None", "netInterestIncome": "-25500000", "interestIncome": "None", "interestExpense": "25500000", "nonInterestIncome": "27800000", "otherNonOperatingIncome": "-300000", "depreciation": "None", "depreciationAndAmortization": "83300000", "incomeBeforeTax": "221300000", "incomeTaxExpense": "76800000", "interestAndDebtExpense": "25500000", "netIncomeFromContinuingOperations": "144900000", "comprehensiveIncomeNetOfTax": "150200000", "ebit": "246800000", "ebitda": "330100000", "netIncome": "144500000"}, {"fiscalDateEnding": "2017-12-31", "reportedCurrency": "USD", "grossProfit": "660400000", "totalRevenue": "660400000", "costOfRevenue": "342700000", "costofGoodsAndServicesSold": "81700000", "operatingIncome": "237800000", "sellingGeneralAndAdministrative": "181700000", "researchAndDevelopment": "None", "operatingExpenses": "422600000", "investmentIncomeNet": "None", "netInterestIncome": "-25300000", "interestIncome": "None", "interestExpense": "25300000", "nonInterestIncome": "-20100000", "otherNonOperatingIncome": "-1000000", "depreciation": "None", "depreciationAndAmortization": "79300000", "incomeBeforeTax": "192500000", "incomeTaxExpense": "-359200000", "interestAndDebtExpense": "25300000", "netIncomeFromContinuingOperations": "237800000", "comprehensiveIncomeNetOfTax": "546700000", "ebit": "217800000", "ebitda": "297100000", "netIncome": "551700000"}, {"fiscalDateEnding": "2017-09-30", "reportedCurrency": "USD", "grossProfit": "365600000", "totalRevenue": "656600000", "costOfRevenue": "291000000", "costofGoodsAndServicesSold": "80100000", "operatingIncome": "233800000", "sellingGeneralAndAdministrative": "129000000", "researchAndDevelopment": "None", "operatingExpenses": "422800000", "investmentIncomeNet": "None", "netInterestIncome": "-25200000", "interestIncome": "None", "interestExpense": "25200000", "nonInterestIncome": "800000", "otherNonOperatingIncome": "-300000", "depreciation": "None", "depreciationAndAmortization": "81900000", "incomeBeforeTax": "211300000", "incomeTaxExpense": "82000000", "interestAndDebtExpense": "25200000", "netIncomeFromContinuingOperations": "129900000", "comprehensiveIncomeNetOfTax": "128600000", "ebit": "236500000", "ebitda": "318400000", "netIncome": "129300000"}, {"fiscalDateEnding": "2017-06-30", "reportedCurrency": "USD", "grossProfit": "371900000", "totalRevenue": "656400000", "costOfRevenue": "284500000", "costofGoodsAndServicesSold": "78900000", "operatingIncome": "239300000", "sellingGeneralAndAdministrative": "125200000", "researchAndDevelopment": "None", "operatingExpenses": "417100000", "investmentIncomeNet": "None", "netInterestIncome": "-25000000", "interestIncome": "None", "interestExpense": "25000000", "nonInterestIncome": "14200000", "otherNonOperatingIncome": "-100000", "depreciation": "None", "depreciationAndAmortization": "80400000", "incomeBeforeTax": "231000000", "incomeTaxExpense": "96600000", "interestAndDebtExpense": "25000000", "netIncomeFromContinuingOperations": "134700000", "comprehensiveIncomeNetOfTax": "132600000", "ebit": "256000000", "ebitda": "336400000", "netIncome": "134400000"}, {"fiscalDateEnding": "2017-03-31", "reportedCurrency": "USD", "grossProfit": "337400000", "totalRevenue": "609500000", "costOfRevenue": "272100000", "costofGoodsAndServicesSold": "75400000", "operatingIncome": "210700000", "sellingGeneralAndAdministrative": "117400000", "researchAndDevelopment": "None", "operatingExpenses": "398800000", "investmentIncomeNet": "None", "netInterestIncome": "-24700000", "interestIncome": "None", "interestExpense": "24700000", "nonInterestIncome": "46800000", "otherNonOperatingIncome": "1100000", "depreciation": "None", "depreciationAndAmortization": "79300000", "incomeBeforeTax": "237600000", "incomeTaxExpense": "91000000", "interestAndDebtExpense": "24700000", "netIncomeFromContinuingOperations": "146900000", "comprehensiveIncomeNetOfTax": "147400000", "ebit": "262300000", "ebitda": "341600000", "netIncome": "146600000"}, {"fiscalDateEnding": "2016-12-31", "reportedCurrency": "USD", "grossProfit": "598500000", "totalRevenue": "598500000", "costOfRevenue": "322300000", "costofGoodsAndServicesSold": "67800000", "operatingIncome": "210900000", "sellingGeneralAndAdministrative": "176400000", "researchAndDevelopment": "None", "operatingExpenses": "387600000", "investmentIncomeNet": "None", "netInterestIncome": "-24500000", "interestIncome": "None", "interestExpense": "24500000", "nonInterestIncome": "-24700000", "otherNonOperatingIncome": "-200000", "depreciation": "None", "depreciationAndAmortization": "78100000", "incomeBeforeTax": "165000000", "incomeTaxExpense": "35400000", "interestAndDebtExpense": "24500000", "netIncomeFromContinuingOperations": "210900000", "comprehensiveIncomeNetOfTax": "129100000", "ebit": "189500000", "ebitda": "267600000", "netIncome": "129600000"}]}