{"symbol": "LEG", "annualReports": [{"fiscalDateEnding": "2020-12-31", "reportedCurrency": "USD", "grossProfit": "894500000", "totalRevenue": "4329000000", "costOfRevenue": "3434500000", "costofGoodsAndServicesSold": "3385700000", "operatingIncome": "352400000", "sellingGeneralAndAdministrative": "424400000", "researchAndDevelopment": "None", "operatingExpenses": "546100000", "investmentIncomeNet": "3100000", "netInterestIncome": "-82700000", "interestIncome": "-79600000", "interestExpense": "82700000", "nonInterestIncome": "4277800000", "otherNonOperatingIncome": "3100000", "depreciation": "119400000", "depreciationAndAmortization": "67600000", "incomeBeforeTax": "320800000", "incomeTaxExpense": "73200000", "interestAndDebtExpense": "82700000", "netIncomeFromContinuingOperations": "247700000", "comprehensiveIncomeNetOfTax": "272000000", "ebit": "403500000", "ebitda": "471100000", "netIncome": "247600000"}, {"fiscalDateEnding": "2019-12-31", "reportedCurrency": "USD", "grossProfit": "1050600000", "totalRevenue": "4813000000", "costOfRevenue": "3762400000", "costofGoodsAndServicesSold": "3701900000", "operatingIncome": "501200000", "sellingGeneralAndAdministrative": "469700000", "researchAndDevelopment": "None", "operatingExpenses": "549400000", "investmentIncomeNet": "7400000", "netInterestIncome": "-90700000", "interestIncome": "7400000", "interestExpense": "90700000", "nonInterestIncome": "4752500000", "otherNonOperatingIncome": "12400000", "depreciation": "117500000", "depreciationAndAmortization": "66000000", "incomeBeforeTax": "430000000", "incomeTaxExpense": "96200000", "interestAndDebtExpense": "90700000", "netIncomeFromContinuingOperations": "333800000", "comprehensiveIncomeNetOfTax": "334600000", "ebit": "520700000", "ebitda": "586700000", "netIncome": "333800000"}, {"fiscalDateEnding": "2018-12-31", "reportedCurrency": "USD", "grossProfit": "888700000", "totalRevenue": "4336900000", "costOfRevenue": "3448200000", "costofGoodsAndServicesSold": "3380800000", "operatingIncome": "294900000", "sellingGeneralAndAdministrative": "425100000", "researchAndDevelopment": "None", "operatingExpenses": "593800000", "investmentIncomeNet": "8400000", "netInterestIncome": "52500000", "interestIncome": "113400000", "interestExpense": "60900000", "nonInterestIncome": "4269500000", "otherNonOperatingIncome": "10300000", "depreciation": "104300000", "depreciationAndAmortization": "136100000", "incomeBeforeTax": "384200000", "incomeTaxExpense": "78300000", "interestAndDebtExpense": "60900000", "netIncomeFromContinuingOperations": "305900000", "comprehensiveIncomeNetOfTax": "237800000", "ebit": "445100000", "ebitda": "581200000", "netIncome": "305900000"}, {"fiscalDateEnding": "2017-12-31", "reportedCurrency": "USD", "grossProfit": "882400000", "totalRevenue": "4240200000", "costOfRevenue": "3357800000", "costofGoodsAndServicesSold": "3061400000", "operatingIncome": "341600000", "sellingGeneralAndAdministrative": "400500000", "researchAndDevelopment": "25000000", "operatingExpenses": "526300000", "investmentIncomeNet": "7600000", "netInterestIncome": "-43500000", "interestIncome": "7600000", "interestExpense": "43500000", "nonInterestIncome": "3943800000", "otherNonOperatingIncome": "31800000", "depreciation": "95300000", "depreciationAndAmortization": "125900000", "incomeBeforeTax": "431000000", "incomeTaxExpense": "138400000", "interestAndDebtExpense": "43500000", "netIncomeFromContinuingOperations": "293500000", "comprehensiveIncomeNetOfTax": "396700000", "ebit": "474500000", "ebitda": "600400000", "netIncome": "292600000"}, {"fiscalDateEnding": "2016-12-31", "reportedCurrency": "USD", "grossProfit": "901700000", "totalRevenue": "4126000000", "costOfRevenue": "3224300000", "costofGoodsAndServicesSold": "2848200000", "operatingIncome": "406300000", "sellingGeneralAndAdministrative": "395700000", "researchAndDevelopment": "25000000", "operatingExpenses": "492900000", "investmentIncomeNet": "3900000", "netInterestIncome": "-38800000", "interestIncome": "3900000", "interestExpense": "38800000", "nonInterestIncome": "3749900000", "otherNonOperatingIncome": "3900000", "depreciation": "86800000", "depreciationAndAmortization": "115400000", "incomeBeforeTax": "505800000", "incomeTaxExpense": "120000000", "interestAndDebtExpense": "38800000", "netIncomeFromContinuingOperations": "366700000", "comprehensiveIncomeNetOfTax": "363300000", "ebit": "544600000", "ebitda": "660000000", "netIncome": "385800000"}], "quarterlyReports": [{"fiscalDateEnding": "2021-09-30", "reportedCurrency": "USD", "grossProfit": "256100000", "totalRevenue": "1334800000", "costOfRevenue": "1078700000", "costofGoodsAndServicesSold": "1063100000", "operatingIncome": "136200000", "sellingGeneralAndAdministrative": "103600000", "researchAndDevelopment": "None", "operatingExpenses": "120500000", "investmentIncomeNet": "600000", "netInterestIncome": "-19000000", "interestIncome": "-18400000", "interestExpense": "19000000", "nonInterestIncome": "1319700000", "otherNonOperatingIncome": "1500000", "depreciation": "29000000", "depreciationAndAmortization": "17800000", "incomeBeforeTax": "125800000", "incomeTaxExpense": "28600000", "interestAndDebtExpense": "19000000", "netIncomeFromContinuingOperations": "97200000", "comprehensiveIncomeNetOfTax": "90800000", "ebit": "144800000", "ebitda": "162600000", "netIncome": "97200000"}, {"fiscalDateEnding": "2021-06-30", "reportedCurrency": "USD", "grossProfit": "269300000", "totalRevenue": "1284600000", "costOfRevenue": "1015300000", "costofGoodsAndServicesSold": "1000300000", "operatingIncome": "169400000", "sellingGeneralAndAdministrative": "112600000", "researchAndDevelopment": "None", "operatingExpenses": "101600000", "investmentIncomeNet": "800000", "netInterestIncome": "-19500000", "interestIncome": "-18700000", "interestExpense": "19500000", "nonInterestIncome": "1268300000", "otherNonOperatingIncome": "29400000", "depreciation": "29300000", "depreciationAndAmortization": "18000000", "incomeBeforeTax": "153100000", "incomeTaxExpense": "40900000", "interestAndDebtExpense": "19500000", "netIncomeFromContinuingOperations": "112300000", "comprehensiveIncomeNetOfTax": "127700000", "ebit": "172600000", "ebitda": "190600000", "netIncome": "112200000"}, {"fiscalDateEnding": "2021-03-31", "reportedCurrency": "USD", "grossProfit": "247500000", "totalRevenue": "1165400000", "costOfRevenue": "917900000", "costofGoodsAndServicesSold": "903400000", "operatingIncome": "128700000", "sellingGeneralAndAdministrative": "106300000", "researchAndDevelopment": "None", "operatingExpenses": "118800000", "investmentIncomeNet": "900000", "netInterestIncome": "-19300000", "interestIncome": "-18400000", "interestExpense": "19300000", "nonInterestIncome": "1150900000", "otherNonOperatingIncome": "900000", "depreciation": "29100000", "depreciationAndAmortization": "15800000", "incomeBeforeTax": "109300000", "incomeTaxExpense": "21800000", "interestAndDebtExpense": "19300000", "netIncomeFromContinuingOperations": "87500000", "comprehensiveIncomeNetOfTax": "75100000", "ebit": "128600000", "ebitda": "144400000", "netIncome": "87500000"}, {"fiscalDateEnding": "2020-12-31", "reportedCurrency": "USD", "grossProfit": "258600000", "totalRevenue": "1194700000", "costOfRevenue": "936100000", "costofGoodsAndServicesSold": "923400000", "operatingIncome": "258600000", "sellingGeneralAndAdministrative": "103800000", "researchAndDevelopment": "None", "operatingExpenses": "122700000", "investmentIncomeNet": "700000", "netInterestIncome": "-19500000", "interestIncome": "-18800000", "interestExpense": "19500000", "nonInterestIncome": "1182000000", "otherNonOperatingIncome": "-1400000", "depreciation": "30600000", "depreciationAndAmortization": "18700000", "incomeBeforeTax": "130900000", "incomeTaxExpense": "27700000", "interestAndDebtExpense": "19500000", "netIncomeFromContinuingOperations": "130900000", "comprehensiveIncomeNetOfTax": "138200000", "ebit": "150400000", "ebitda": "169100000", "netIncome": "103200000"}, {"fiscalDateEnding": "2020-09-30", "reportedCurrency": "USD", "grossProfit": "269700000", "totalRevenue": "1221200000", "costOfRevenue": "954400000", "costofGoodsAndServicesSold": "937900000", "operatingIncome": "139900000", "sellingGeneralAndAdministrative": "105600000", "researchAndDevelopment": "None", "operatingExpenses": "124800000", "investmentIncomeNet": "500000", "netInterestIncome": "-20900000", "interestIncome": "-20400000", "interestExpense": "20900000", "nonInterestIncome": "1205700000", "otherNonOperatingIncome": "2600000", "depreciation": "29600000", "depreciationAndAmortization": "16200000", "incomeBeforeTax": "126800000", "incomeTaxExpense": "22700000", "interestAndDebtExpense": "20900000", "netIncomeFromContinuingOperations": "104900000", "comprehensiveIncomeNetOfTax": "136800000", "ebit": "147700000", "ebitda": "163900000", "netIncome": "107000000"}, {"fiscalDateEnding": "2020-06-30", "reportedCurrency": "USD", "grossProfit": "146600000", "totalRevenue": "852000000", "costOfRevenue": "705700000", "costofGoodsAndServicesSold": "698500000", "operatingIncome": "5000000", "sellingGeneralAndAdministrative": "97200000", "researchAndDevelopment": "None", "operatingExpenses": "141300000", "investmentIncomeNet": "1000000", "netInterestIncome": "-21400000", "interestIncome": "1000000", "interestExpense": "21400000", "nonInterestIncome": "844400000", "otherNonOperatingIncome": "1000000", "depreciation": "29100000", "depreciationAndAmortization": "16300000", "incomeBeforeTax": "2400000", "incomeTaxExpense": "8400000", "interestAndDebtExpense": "21400000", "netIncomeFromContinuingOperations": "-6100000", "comprehensiveIncomeNetOfTax": "24000000", "ebit": "23800000", "ebitda": "40100000", "netIncome": "-6100000"}, {"fiscalDateEnding": "2020-03-31", "reportedCurrency": "USD", "grossProfit": "220700000", "totalRevenue": "1061100000", "costOfRevenue": "840400000", "costofGoodsAndServicesSold": "824800000", "operatingIncome": "64700000", "sellingGeneralAndAdministrative": "117800000", "researchAndDevelopment": "None", "operatingExpenses": "158100000", "investmentIncomeNet": "900000", "netInterestIncome": "-20900000", "interestIncome": "900000", "interestExpense": "20900000", "nonInterestIncome": "1045000000", "otherNonOperatingIncome": "900000", "depreciation": "30100000", "depreciationAndAmortization": "16400000", "incomeBeforeTax": "58600000", "incomeTaxExpense": "14500000", "interestAndDebtExpense": "20900000", "netIncomeFromContinuingOperations": "45700000", "comprehensiveIncomeNetOfTax": "-26400000", "ebit": "79500000", "ebitda": "95900000", "netIncome": "44100000"}, {"fiscalDateEnding": "2019-12-31", "reportedCurrency": "USD", "grossProfit": "272400000", "totalRevenue": "1159800000", "costOfRevenue": "887400000", "costofGoodsAndServicesSold": "872500000", "operatingIncome": "272400000", "sellingGeneralAndAdministrative": "117600000", "researchAndDevelopment": "None", "operatingExpenses": "139300000", "investmentIncomeNet": "1900000", "netInterestIncome": "-22200000", "interestIncome": "1900000", "interestExpense": "22200000", "nonInterestIncome": "1144900000", "otherNonOperatingIncome": "3900000", "depreciation": "29600000", "depreciationAndAmortization": "16500000", "incomeBeforeTax": "114700000", "incomeTaxExpense": "27900000", "interestAndDebtExpense": "22200000", "netIncomeFromContinuingOperations": "86800000", "comprehensiveIncomeNetOfTax": "105800000", "ebit": "136900000", "ebitda": "153400000", "netIncome": "86800000"}, {"fiscalDateEnding": "2019-09-30", "reportedCurrency": "USD", "grossProfit": "275500000", "totalRevenue": "1254600000", "costOfRevenue": "979100000", "costofGoodsAndServicesSold": "963800000", "operatingIncome": "141500000", "sellingGeneralAndAdministrative": "115200000", "researchAndDevelopment": "None", "operatingExpenses": "134000000", "investmentIncomeNet": "1500000", "netInterestIncome": "-22600000", "interestIncome": "1500000", "interestExpense": "22600000", "nonInterestIncome": "1239300000", "otherNonOperatingIncome": "4500000", "depreciation": "29500000", "depreciationAndAmortization": "17000000", "incomeBeforeTax": "123000000", "incomeTaxExpense": "23400000", "interestAndDebtExpense": "22600000", "netIncomeFromContinuingOperations": "99600000", "comprehensiveIncomeNetOfTax": "66000000", "ebit": "145600000", "ebitda": "162600000", "netIncome": "99600000"}, {"fiscalDateEnding": "2019-06-30", "reportedCurrency": "USD", "grossProfit": "269700000", "totalRevenue": "1228100000", "costOfRevenue": "958400000", "costofGoodsAndServicesSold": "943500000", "operatingIncome": "131700000", "sellingGeneralAndAdministrative": "118300000", "researchAndDevelopment": "None", "operatingExpenses": "138000000", "investmentIncomeNet": "2600000", "netInterestIncome": "-24500000", "interestIncome": "2600000", "interestExpense": "24500000", "nonInterestIncome": "1213200000", "otherNonOperatingIncome": "2600000", "depreciation": "29300000", "depreciationAndAmortization": "17600000", "incomeBeforeTax": "114000000", "incomeTaxExpense": "27800000", "interestAndDebtExpense": "24500000", "netIncomeFromContinuingOperations": "86300000", "comprehensiveIncomeNetOfTax": "88400000", "ebit": "138500000", "ebitda": "156100000", "netIncome": "86200000"}, {"fiscalDateEnding": "2019-03-31", "reportedCurrency": "USD", "grossProfit": "233000000", "totalRevenue": "1170500000", "costOfRevenue": "937500000", "costofGoodsAndServicesSold": "922100000", "operatingIncome": "95300000", "sellingGeneralAndAdministrative": "118600000", "researchAndDevelopment": "None", "operatingExpenses": "137700000", "investmentIncomeNet": "1400000", "netInterestIncome": "-21400000", "interestIncome": "-20000000", "interestExpense": "21400000", "nonInterestIncome": "1155100000", "otherNonOperatingIncome": "1400000", "depreciation": "29100000", "depreciationAndAmortization": "14100000", "incomeBeforeTax": "78300000", "incomeTaxExpense": "17100000", "interestAndDebtExpense": "21400000", "netIncomeFromContinuingOperations": "61100000", "comprehensiveIncomeNetOfTax": "74400000", "ebit": "99700000", "ebitda": "113800000", "netIncome": "61200000"}, {"fiscalDateEnding": "2018-12-31", "reportedCurrency": "USD", "grossProfit": "213200000", "totalRevenue": "868500000", "costOfRevenue": "655300000", "costofGoodsAndServicesSold": "833500000", "operatingIncome": "213200000", "sellingGeneralAndAdministrative": "111900000", "researchAndDevelopment": "None", "operatingExpenses": "263100000", "investmentIncomeNet": "1600000", "netInterestIncome": "15800000", "interestIncome": "33200000", "interestExpense": "17400000", "nonInterestIncome": "1046700000", "otherNonOperatingIncome": "3300000", "depreciation": "26900000", "depreciationAndAmortization": "120800000", "incomeBeforeTax": "68100000", "incomeTaxExpense": "15100000", "interestAndDebtExpense": "17400000", "netIncomeFromContinuingOperations": "53000000", "comprehensiveIncomeNetOfTax": "34100000", "ebit": "85500000", "ebitda": "206300000", "netIncome": "53000000"}, {"fiscalDateEnding": "2018-09-30", "reportedCurrency": "USD", "grossProfit": "227100000", "totalRevenue": "1175500000", "costOfRevenue": "948400000", "costofGoodsAndServicesSold": "864400000", "operatingIncome": "121100000", "sellingGeneralAndAdministrative": "100700000", "researchAndDevelopment": "None", "operatingExpenses": "106000000", "investmentIncomeNet": "2000000", "netInterestIncome": "11100000", "interestIncome": "24200000", "interestExpense": "13100000", "nonInterestIncome": "1091500000", "otherNonOperatingIncome": "2000000", "depreciation": "25900000", "depreciationAndAmortization": "5200000", "incomeBeforeTax": "113300000", "incomeTaxExpense": "23300000", "interestAndDebtExpense": "13100000", "netIncomeFromContinuingOperations": "90000000", "comprehensiveIncomeNetOfTax": "80000000", "ebit": "126400000", "ebitda": "131600000", "netIncome": "90000000"}, {"fiscalDateEnding": "2018-06-30", "reportedCurrency": "USD", "grossProfit": "231000000", "totalRevenue": "1185500000", "costOfRevenue": "954500000", "costofGoodsAndServicesSold": "871500000", "operatingIncome": "118100000", "sellingGeneralAndAdministrative": "107800000", "researchAndDevelopment": "None", "operatingExpenses": "112900000", "investmentIncomeNet": "2400000", "netInterestIncome": "13600000", "interestIncome": "29600000", "interestExpense": "16000000", "nonInterestIncome": "2205000000", "otherNonOperatingIncome": "2400000", "depreciation": "26000000", "depreciationAndAmortization": "5100000", "incomeBeforeTax": "107400000", "incomeTaxExpense": "22400000", "interestAndDebtExpense": "16000000", "netIncomeFromContinuingOperations": "85000000", "comprehensiveIncomeNetOfTax": "26400000", "ebit": "123400000", "ebitda": "128500000", "netIncome": "85000000"}, {"fiscalDateEnding": "2018-03-31", "reportedCurrency": "USD", "grossProfit": "217400000", "totalRevenue": "1107400000", "costOfRevenue": "890000000", "costofGoodsAndServicesSold": "811400000", "operatingIncome": "107500000", "sellingGeneralAndAdministrative": "104700000", "researchAndDevelopment": "None", "operatingExpenses": "109900000", "investmentIncomeNet": "2400000", "netInterestIncome": "12000000", "interestIncome": "26400000", "interestExpense": "14400000", "nonInterestIncome": "1028800000", "otherNonOperatingIncome": "2600000", "depreciation": "25500000", "depreciationAndAmortization": "5000000", "incomeBeforeTax": "95400000", "incomeTaxExpense": "17500000", "interestAndDebtExpense": "14400000", "netIncomeFromContinuingOperations": "77900000", "comprehensiveIncomeNetOfTax": "97300000", "ebit": "109800000", "ebitda": "114800000", "netIncome": "77900000"}, {"fiscalDateEnding": "2017-12-31", "reportedCurrency": "USD", "grossProfit": "208500000", "totalRevenue": "1054800000", "costOfRevenue": "846300000", "costofGoodsAndServicesSold": "776000000", "operatingIncome": "196000000", "sellingGeneralAndAdministrative": "94300000", "researchAndDevelopment": "25000000", "operatingExpenses": "197800000", "investmentIncomeNet": "2400000", "netInterestIncome": "-12300000", "interestIncome": "None", "interestExpense": "12300000", "nonInterestIncome": "984500000", "otherNonOperatingIncome": "27100000", "depreciation": "24100000", "depreciationAndAmortization": "109900000", "incomeBeforeTax": "110500000", "incomeTaxExpense": "74200000", "interestAndDebtExpense": "12300000", "netIncomeFromContinuingOperations": "36300000", "comprehensiveIncomeNetOfTax": "63700000", "ebit": "122800000", "ebitda": "232700000", "netIncome": "36300000"}, {"fiscalDateEnding": "2017-09-30", "reportedCurrency": "USD", "grossProfit": "216500000", "totalRevenue": "1083600000", "costOfRevenue": "867100000", "costofGoodsAndServicesSold": "793200000", "operatingIncome": "108300000", "sellingGeneralAndAdministrative": "95400000", "researchAndDevelopment": "None", "operatingExpenses": "107500000", "investmentIncomeNet": "1700000", "netInterestIncome": "-10200000", "interestIncome": "None", "interestExpense": "10200000", "nonInterestIncome": "3000000", "otherNonOperatingIncome": "600000", "depreciation": "23500000", "depreciationAndAmortization": "6200000", "incomeBeforeTax": "99800000", "incomeTaxExpense": "17200000", "interestAndDebtExpense": "10200000", "netIncomeFromContinuingOperations": "83500000", "comprehensiveIncomeNetOfTax": "109600000", "ebit": "110000000", "ebitda": "116200000", "netIncome": "82600000"}, {"fiscalDateEnding": "2017-06-30", "reportedCurrency": "USD", "grossProfit": "230700000", "totalRevenue": "1062900000", "costOfRevenue": "832200000", "costofGoodsAndServicesSold": "758600000", "operatingIncome": "120700000", "sellingGeneralAndAdministrative": "104700000", "researchAndDevelopment": "None", "operatingExpenses": "109400000", "investmentIncomeNet": "1500000", "netInterestIncome": "-10400000", "interestIncome": "None", "interestExpense": "10400000", "nonInterestIncome": "989300000", "otherNonOperatingIncome": "1900000", "depreciation": "24900000", "depreciationAndAmortization": "4700000", "incomeBeforeTax": "113400000", "incomeTaxExpense": "25800000", "interestAndDebtExpense": "10400000", "netIncomeFromContinuingOperations": "87600000", "comprehensiveIncomeNetOfTax": "120000000", "ebit": "123800000", "ebitda": "128500000", "netIncome": "87600000"}, {"fiscalDateEnding": "2017-03-31", "reportedCurrency": "USD", "grossProfit": "226700000", "totalRevenue": "1038900000", "costOfRevenue": "812200000", "costofGoodsAndServicesSold": "733600000", "operatingIncome": "113100000", "sellingGeneralAndAdministrative": "106100000", "researchAndDevelopment": "None", "operatingExpenses": "112900000", "investmentIncomeNet": "2000000", "netInterestIncome": "-10600000", "interestIncome": "None", "interestExpense": "10600000", "nonInterestIncome": "960300000", "otherNonOperatingIncome": "2200000", "depreciation": "22800000", "depreciationAndAmortization": "5100000", "incomeBeforeTax": "107300000", "incomeTaxExpense": "21200000", "interestAndDebtExpense": "10600000", "netIncomeFromContinuingOperations": "86100000", "comprehensiveIncomeNetOfTax": "103500000", "ebit": "117900000", "ebitda": "123000000", "netIncome": "86100000"}, {"fiscalDateEnding": "2016-12-31", "reportedCurrency": "USD", "grossProfit": "204200000", "totalRevenue": "988500000", "costOfRevenue": "784300000", "costofGoodsAndServicesSold": "692800000", "operatingIncome": "204200000", "sellingGeneralAndAdministrative": "97000000", "researchAndDevelopment": "25000000", "operatingExpenses": "-16000000", "investmentIncomeNet": "1200000", "netInterestIncome": "-9400000", "interestIncome": "None", "interestExpense": "9400000", "nonInterestIncome": "16000000", "otherNonOperatingIncome": "-17000000", "depreciation": "21700000", "depreciationAndAmortization": "100300000", "incomeBeforeTax": "108600000", "incomeTaxExpense": "27000000", "interestAndDebtExpense": "9400000", "netIncomeFromContinuingOperations": "82900000", "comprehensiveIncomeNetOfTax": "45200000", "ebit": "118000000", "ebitda": "218300000", "netIncome": "81600000"}]}