{"symbol": "LHX", "annualReports": [{"fiscalDateEnding": "2020-12-31", "reportedCurrency": "USD", "grossProfit": "None", "totalRevenue": "None", "costOfRevenue": "None", "costofGoodsAndServicesSold": "12886000000", "operatingIncome": "None", "sellingGeneralAndAdministrative": "3315000000", "researchAndDevelopment": "None", "operatingExpenses": "None", "investmentIncomeNet": "None", "netInterestIncome": "-254000000", "interestIncome": "16000000", "interestExpense": "270000000", "nonInterestIncome": "None", "otherNonOperatingIncome": "401000000", "depreciation": "None", "depreciationAndAmortization": "323000000", "incomeBeforeTax": "1353000000", "incomeTaxExpense": "234000000", "interestAndDebtExpense": "None", "netIncomeFromContinuingOperations": "1121000000", "comprehensiveIncomeNetOfTax": "788000000", "ebit": "1623000000", "ebitda": "1946000000", "netIncome": "1119000000"}, {"fiscalDateEnding": "2019-06-30", "reportedCurrency": "USD", "grossProfit": "1964000000", "totalRevenue": "6632000000", "costOfRevenue": "4668000000", "costofGoodsAndServicesSold": "4467000000", "operatingIncome": "722000000", "sellingGeneralAndAdministrative": "1242000000", "researchAndDevelopment": "331000000", "operatingExpenses": "1242000000", "investmentIncomeNet": "2000000", "netInterestIncome": "-167000000", "interestIncome": "2000000", "interestExpense": "169000000", "nonInterestIncome": "6801000000", "otherNonOperatingIncome": "188000000", "depreciation": "138000000", "depreciationAndAmortization": "143000000", "incomeBeforeTax": "1109000000", "incomeTaxExpense": "160000000", "interestAndDebtExpense": "169000000", "netIncomeFromContinuingOperations": "953000000", "comprehensiveIncomeNetOfTax": "444000000", "ebit": "1278000000", "ebitda": "1421000000", "netIncome": "949000000"}, {"fiscalDateEnding": "2018-06-30", "reportedCurrency": "USD", "grossProfit": "1981000000", "totalRevenue": "6182000000", "costOfRevenue": "4201000000", "costofGoodsAndServicesSold": "4066000000", "operatingIncome": "1122000000", "sellingGeneralAndAdministrative": "1182000000", "researchAndDevelopment": "311000000", "operatingExpenses": "1182000000", "investmentIncomeNet": "2000000", "netInterestIncome": "-168000000", "interestIncome": "2000000", "interestExpense": "170000000", "nonInterestIncome": "-24000000", "otherNonOperatingIncome": "156000000", "depreciation": "143000000", "depreciationAndAmortization": "142000000", "incomeBeforeTax": "905000000", "incomeTaxExpense": "206000000", "interestAndDebtExpense": "194000000", "netIncomeFromContinuingOperations": "702000000", "comprehensiveIncomeNetOfTax": "808000000", "ebit": "1075000000", "ebitda": "1217000000", "netIncome": "699000000"}, {"fiscalDateEnding": "2017-06-30", "reportedCurrency": "USD", "grossProfit": "1657000000", "totalRevenue": "5900000000", "costOfRevenue": "4399000000", "costofGoodsAndServicesSold": "3854000000", "operatingIncome": "1073000000", "sellingGeneralAndAdministrative": "107000000", "researchAndDevelopment": "None", "operatingExpenses": "1150000000", "investmentIncomeNet": "2000000", "netInterestIncome": "-170000000", "interestIncome": "2000000", "interestExpense": "172000000", "nonInterestIncome": "-14000000", "otherNonOperatingIncome": "0", "depreciation": "147000000", "depreciationAndAmortization": "160000000", "incomeBeforeTax": "814000000", "incomeTaxExpense": "261000000", "interestAndDebtExpense": "172000000", "netIncomeFromContinuingOperations": "638000000", "comprehensiveIncomeNetOfTax": "710000000", "ebit": "986000000", "ebitda": "1146000000", "netIncome": "553000000"}, {"fiscalDateEnding": "2016-06-30", "reportedCurrency": "USD", "grossProfit": "1553000000", "totalRevenue": "5992000000", "costOfRevenue": "4630000000", "costofGoodsAndServicesSold": "3832000000", "operatingIncome": "1055000000", "sellingGeneralAndAdministrative": "101000000", "researchAndDevelopment": "None", "operatingExpenses": "1105000000", "investmentIncomeNet": "2000000", "netInterestIncome": "-181000000", "interestIncome": "2000000", "interestExpense": "183000000", "nonInterestIncome": "10000000", "otherNonOperatingIncome": "0", "depreciation": "160000000", "depreciationAndAmortization": "229000000", "incomeBeforeTax": "597000000", "incomeTaxExpense": "273000000", "interestAndDebtExpense": "183000000", "netIncomeFromContinuingOperations": "345000000", "comprehensiveIncomeNetOfTax": "-155000000", "ebit": "780000000", "ebitda": "1009000000", "netIncome": "324000000"}], "quarterlyReports": [{"fiscalDateEnding": "2021-09-30", "reportedCurrency": "USD", "grossProfit": "62000000", "totalRevenue": "4162000000", "costOfRevenue": "4100000000", "costofGoodsAndServicesSold": "2921000000", "operatingIncome": "-1006000000", "sellingGeneralAndAdministrative": "793000000", "researchAndDevelopment": "None", "operatingExpenses": "1068000000", "investmentIncomeNet": "None", "netInterestIncome": "-67000000", "interestIncome": "-67000000", "interestExpense": "67000000", "nonInterestIncome": "4229000000", "otherNonOperatingIncome": "7000000", "depreciation": "85000000", "depreciationAndAmortization": "84000000", "incomeBeforeTax": "588000000", "incomeTaxExpense": "107000000", "interestAndDebtExpense": "None", "netIncomeFromContinuingOperations": "481000000", "comprehensiveIncomeNetOfTax": "1013000000", "ebit": "-1006000000", "ebitda": "-922000000", "netIncome": "481000000"}, {"fiscalDateEnding": "2021-06-30", "reportedCurrency": "USD", "grossProfit": "-54000000", "totalRevenue": "4603000000", "costOfRevenue": "4657000000", "costofGoodsAndServicesSold": "3251000000", "operatingIncome": "-1346000000", "sellingGeneralAndAdministrative": "891000000", "researchAndDevelopment": "None", "operatingExpenses": "1292000000", "investmentIncomeNet": "None", "netInterestIncome": "-65000000", "interestIncome": "-65000000", "interestExpense": "65000000", "nonInterestIncome": "4668000000", "otherNonOperatingIncome": "7000000", "depreciation": "80000000", "depreciationAndAmortization": "77000000", "incomeBeforeTax": "582000000", "incomeTaxExpense": "169000000", "interestAndDebtExpense": "None", "netIncomeFromContinuingOperations": "413000000", "comprehensiveIncomeNetOfTax": "432000000", "ebit": "-1346000000", "ebitda": "-1269000000", "netIncome": "413000000"}, {"fiscalDateEnding": "2021-03-31", "reportedCurrency": "USD", "grossProfit": "212000000", "totalRevenue": "4486000000", "costOfRevenue": "4274000000", "costofGoodsAndServicesSold": "3213000000", "operatingIncome": "-738000000", "sellingGeneralAndAdministrative": "801000000", "researchAndDevelopment": "None", "operatingExpenses": "965000000", "investmentIncomeNet": "3000000", "netInterestIncome": "-66000000", "interestIncome": "3000000", "interestExpense": "69000000", "nonInterestIncome": "4552000000", "otherNonOperatingIncome": "6000000", "depreciation": "84000000", "depreciationAndAmortization": "87000000", "incomeBeforeTax": "528000000", "incomeTaxExpense": "60000000", "interestAndDebtExpense": "69000000", "netIncomeFromContinuingOperations": "469000000", "comprehensiveIncomeNetOfTax": "453000000", "ebit": "597000000", "ebitda": "684000000", "netIncome": "468000000"}, {"fiscalDateEnding": "2020-12-31", "reportedCurrency": "USD", "grossProfit": "1399000000", "totalRevenue": "4660000000", "costOfRevenue": "3261000000", "costofGoodsAndServicesSold": "3261000000", "operatingIncome": "568000000", "sellingGeneralAndAdministrative": "831000000", "researchAndDevelopment": "None", "operatingExpenses": "831000000", "investmentIncomeNet": "None", "netInterestIncome": "-64000000", "interestIncome": "4000000", "interestExpense": "68000000", "nonInterestIncome": "None", "otherNonOperatingIncome": "397000000", "depreciation": "None", "depreciationAndAmortization": "-445000000", "incomeBeforeTax": "256000000", "incomeTaxExpense": "63000000", "interestAndDebtExpense": "None", "netIncomeFromContinuingOperations": "193000000", "comprehensiveIncomeNetOfTax": "-56000000", "ebit": "324000000", "ebitda": "-121000000", "netIncome": "193000000"}, {"fiscalDateEnding": "2020-09-30", "reportedCurrency": "USD", "grossProfit": "-464000000", "totalRevenue": "4401000000", "costOfRevenue": "-8479000000", "costofGoodsAndServicesSold": "3152000000", "operatingIncome": "1347000000", "sellingGeneralAndAdministrative": "817000000", "researchAndDevelopment": "None", "operatingExpenses": "-1811000000", "investmentIncomeNet": "None", "netInterestIncome": "-62000000", "interestIncome": "4000000", "interestExpense": "66000000", "nonInterestIncome": "4463000000", "otherNonOperatingIncome": "-1000000", "depreciation": "83000000", "depreciationAndAmortization": "253000000", "incomeBeforeTax": "513000000", "incomeTaxExpense": "87000000", "interestAndDebtExpense": "None", "netIncomeFromContinuingOperations": "427000000", "comprehensiveIncomeNetOfTax": "460000000", "ebit": "579000000", "ebitda": "832000000", "netIncome": "426000000"}, {"fiscalDateEnding": "2020-06-30", "reportedCurrency": "USD", "grossProfit": "-506000000", "totalRevenue": "4380000000", "costOfRevenue": "-13421000000", "costofGoodsAndServicesSold": "3175000000", "operatingIncome": "2622000000", "sellingGeneralAndAdministrative": "855000000", "researchAndDevelopment": "None", "operatingExpenses": "-2902000000", "investmentIncomeNet": "None", "netInterestIncome": "-65000000", "interestIncome": "3000000", "interestExpense": "68000000", "nonInterestIncome": "4445000000", "otherNonOperatingIncome": "7000000", "depreciation": "78000000", "depreciationAndAmortization": "430000000", "incomeBeforeTax": "341000000", "incomeTaxExpense": "58000000", "interestAndDebtExpense": "None", "netIncomeFromContinuingOperations": "283000000", "comprehensiveIncomeNetOfTax": "310000000", "ebit": "409000000", "ebitda": "839000000", "netIncome": "283000000"}, {"fiscalDateEnding": "2020-03-31", "reportedCurrency": "USD", "grossProfit": "-56000000", "totalRevenue": "4560000000", "costOfRevenue": "4616000000", "costofGoodsAndServicesSold": "3298000000", "operatingIncome": "-1277000000", "sellingGeneralAndAdministrative": "812000000", "researchAndDevelopment": "None", "operatingExpenses": "1224000000", "investmentIncomeNet": "5000000", "netInterestIncome": "-63000000", "interestIncome": "5000000", "interestExpense": "68000000", "nonInterestIncome": "4623000000", "otherNonOperatingIncome": "-2000000", "depreciation": "76000000", "depreciationAndAmortization": "85000000", "incomeBeforeTax": "243000000", "incomeTaxExpense": "26000000", "interestAndDebtExpense": "68000000", "netIncomeFromContinuingOperations": "218000000", "comprehensiveIncomeNetOfTax": "74000000", "ebit": "311000000", "ebitda": "396000000", "netIncome": "217000000"}, {"fiscalDateEnding": "2019-12-31", "reportedCurrency": "USD", "grossProfit": "-767000000", "totalRevenue": "4774000000", "costOfRevenue": "5541000000", "costofGoodsAndServicesSold": "3484000000", "operatingIncome": "-1965000000", "sellingGeneralAndAdministrative": "882000000", "researchAndDevelopment": "None", "operatingExpenses": "969000000", "investmentIncomeNet": "3000000", "netInterestIncome": "-65000000", "interestIncome": "3000000", "interestExpense": "68000000", "nonInterestIncome": "4830000000", "otherNonOperatingIncome": "193000000", "depreciation": "78000000", "depreciationAndAmortization": "-48000000", "incomeBeforeTax": "461000000", "incomeTaxExpense": "68000000", "interestAndDebtExpense": "70000000", "netIncomeFromContinuingOperations": "394000000", "comprehensiveIncomeNetOfTax": "641000000", "ebit": "529000000", "ebitda": "481000000", "netIncome": "393000000"}, {"fiscalDateEnding": "2019-09-30", "reportedCurrency": "USD", "grossProfit": "1039000000", "totalRevenue": "4593000000", "costOfRevenue": "3554000000", "costofGoodsAndServicesSold": "3242000000", "operatingIncome": "40000000", "sellingGeneralAndAdministrative": "999000000", "researchAndDevelopment": "None", "operatingExpenses": "999000000", "investmentIncomeNet": "9000000", "netInterestIncome": "-58000000", "interestIncome": "9000000", "interestExpense": "67000000", "nonInterestIncome": "4660000000", "otherNonOperatingIncome": "-1000000", "depreciation": "79000000", "depreciationAndAmortization": "201000000", "incomeBeforeTax": "434000000", "incomeTaxExpense": "5000000", "interestAndDebtExpense": "67000000", "netIncomeFromContinuingOperations": "429000000", "comprehensiveIncomeNetOfTax": "380000000", "ebit": "501000000", "ebitda": "702000000", "netIncome": "429000000"}, {"fiscalDateEnding": "2019-06-30", "reportedCurrency": "USD", "grossProfit": "218000000", "totalRevenue": "1826000000", "costOfRevenue": "1608000000", "costofGoodsAndServicesSold": "1223000000", "operatingIncome": "-167000000", "sellingGeneralAndAdministrative": "349000000", "researchAndDevelopment": "None", "operatingExpenses": "349000000", "investmentIncomeNet": "0", "netInterestIncome": "-37000000", "interestIncome": "2000000", "interestExpense": "39000000", "nonInterestIncome": "1865000000", "otherNonOperatingIncome": "2000000", "depreciation": "36000000", "depreciationAndAmortization": "65000000", "incomeBeforeTax": "301000000", "incomeTaxExpense": "33000000", "interestAndDebtExpense": "39000000", "netIncomeFromContinuingOperations": "269000000", "comprehensiveIncomeNetOfTax": "-222000000", "ebit": "340000000", "ebitda": "405000000", "netIncome": "268000000"}, {"fiscalDateEnding": "2019-03-31", "reportedCurrency": "USD", "grossProfit": "512000000", "totalRevenue": "1685000000", "costOfRevenue": "1173000000", "costofGoodsAndServicesSold": "1139000000", "operatingIncome": "202000000", "sellingGeneralAndAdministrative": "310000000", "researchAndDevelopment": "None", "operatingExpenses": "310000000", "investmentIncomeNet": "1000000", "netInterestIncome": "-43000000", "interestIncome": "1000000", "interestExpense": "43000000", "nonInterestIncome": "1728000000", "otherNonOperatingIncome": "-1000000", "depreciation": "34000000", "depreciationAndAmortization": "64000000", "incomeBeforeTax": "283000000", "incomeTaxExpense": "40000000", "interestAndDebtExpense": "43000000", "netIncomeFromContinuingOperations": "243000000", "comprehensiveIncomeNetOfTax": "237000000", "ebit": "326000000", "ebitda": "390000000", "netIncome": "243000000"}, {"fiscalDateEnding": "2018-12-31", "reportedCurrency": "USD", "grossProfit": "495000000", "totalRevenue": "1623000000", "costOfRevenue": "1128000000", "costofGoodsAndServicesSold": "1095000000", "operatingIncome": "191000000", "sellingGeneralAndAdministrative": "580000000", "researchAndDevelopment": "None", "operatingExpenses": "304000000", "investmentIncomeNet": "0", "netInterestIncome": "-43000000", "interestIncome": "None", "interestExpense": "43000000", "nonInterestIncome": "1666000000", "otherNonOperatingIncome": "94000000", "depreciation": "33000000", "depreciationAndAmortization": "6000000", "incomeBeforeTax": "271000000", "incomeTaxExpense": "46000000", "interestAndDebtExpense": "43000000", "netIncomeFromContinuingOperations": "225000000", "comprehensiveIncomeNetOfTax": "216000000", "ebit": "314000000", "ebitda": "320000000", "netIncome": "225000000"}, {"fiscalDateEnding": "2018-09-30", "reportedCurrency": "USD", "grossProfit": "453000000", "totalRevenue": "1499000000", "costOfRevenue": "1046000000", "costofGoodsAndServicesSold": "1010000000", "operatingIncome": "174000000", "sellingGeneralAndAdministrative": "558000000", "researchAndDevelopment": "None", "operatingExpenses": "279000000", "investmentIncomeNet": "1000000", "netInterestIncome": "-43000000", "interestIncome": "1000000", "interestExpense": "44000000", "nonInterestIncome": "1542000000", "otherNonOperatingIncome": "0", "depreciation": "35000000", "depreciationAndAmortization": "65000000", "incomeBeforeTax": "254000000", "incomeTaxExpense": "41000000", "interestAndDebtExpense": "44000000", "netIncomeFromContinuingOperations": "216000000", "comprehensiveIncomeNetOfTax": "213000000", "ebit": "298000000", "ebitda": "363000000", "netIncome": "213000000"}, {"fiscalDateEnding": "2018-06-30", "reportedCurrency": "USD", "grossProfit": "609000000", "totalRevenue": "1789000000", "costOfRevenue": "1180000000", "costofGoodsAndServicesSold": "1097000000", "operatingIncome": "322000000", "sellingGeneralAndAdministrative": "609000000", "researchAndDevelopment": "None", "operatingExpenses": "292000000", "investmentIncomeNet": "1000000", "netInterestIncome": "-45000000", "interestIncome": "1000000", "interestExpense": "46000000", "nonInterestIncome": "-24000000", "otherNonOperatingIncome": "-25000000", "depreciation": "37000000", "depreciationAndAmortization": "37000000", "incomeBeforeTax": "252000000", "incomeTaxExpense": "39000000", "interestAndDebtExpense": "70000000", "netIncomeFromContinuingOperations": "193000000", "comprehensiveIncomeNetOfTax": "295000000", "ebit": "298000000", "ebitda": "335000000", "netIncome": "213000000"}, {"fiscalDateEnding": "2018-03-31", "reportedCurrency": "USD", "grossProfit": "487000000", "totalRevenue": "1527000000", "costOfRevenue": "1040000000", "costofGoodsAndServicesSold": "1028000000", "operatingIncome": "256000000", "sellingGeneralAndAdministrative": "636000000", "researchAndDevelopment": "None", "operatingExpenses": "331000000", "investmentIncomeNet": "0", "netInterestIncome": "-41000000", "interestIncome": "None", "interestExpense": "41000000", "nonInterestIncome": "1562000000", "otherNonOperatingIncome": "None", "depreciation": "33000000", "depreciationAndAmortization": "33000000", "incomeBeforeTax": "206000000", "incomeTaxExpense": "10000000", "interestAndDebtExpense": "41000000", "netIncomeFromContinuingOperations": "203000000", "comprehensiveIncomeNetOfTax": "201000000", "ebit": "247000000", "ebitda": "280000000", "netIncome": "196000000"}, {"fiscalDateEnding": "2017-12-31", "reportedCurrency": "USD", "grossProfit": "459000000", "totalRevenue": "1494000000", "costOfRevenue": "1035000000", "costofGoodsAndServicesSold": "1022000000", "operatingIncome": "272000000", "sellingGeneralAndAdministrative": "555000000", "researchAndDevelopment": "None", "operatingExpenses": "291000000", "investmentIncomeNet": "1000000", "netInterestIncome": "-41000000", "interestIncome": "1000000", "interestExpense": "42000000", "nonInterestIncome": "1535000000", "otherNonOperatingIncome": "-1000000", "depreciation": "36000000", "depreciationAndAmortization": "35000000", "incomeBeforeTax": "225000000", "incomeTaxExpense": "94000000", "interestAndDebtExpense": "42000000", "netIncomeFromContinuingOperations": "139000000", "comprehensiveIncomeNetOfTax": "127000000", "ebit": "267000000", "ebitda": "302000000", "netIncome": "131000000"}, {"fiscalDateEnding": "2017-09-30", "reportedCurrency": "USD", "grossProfit": "434000000", "totalRevenue": "1372000000", "costOfRevenue": "938000000", "costofGoodsAndServicesSold": "919000000", "operatingIncome": "272000000", "sellingGeneralAndAdministrative": "511000000", "researchAndDevelopment": "None", "operatingExpenses": "268000000", "investmentIncomeNet": "None", "netInterestIncome": "-41000000", "interestIncome": "None", "interestExpense": "41000000", "nonInterestIncome": "1410000000", "otherNonOperatingIncome": "None", "depreciation": "37000000", "depreciationAndAmortization": "37000000", "incomeBeforeTax": "222000000", "incomeTaxExpense": "63000000", "interestAndDebtExpense": "41000000", "netIncomeFromContinuingOperations": "167000000", "comprehensiveIncomeNetOfTax": "185000000", "ebit": "263000000", "ebitda": "300000000", "netIncome": "159000000"}, {"fiscalDateEnding": "2017-06-30", "reportedCurrency": "USD", "grossProfit": "448000000", "totalRevenue": "1671000000", "costOfRevenue": "1379000000", "costofGoodsAndServicesSold": "1079000000", "operatingIncome": "275000000", "sellingGeneralAndAdministrative": "259000000", "researchAndDevelopment": "None", "operatingExpenses": "365000000", "investmentIncomeNet": "1000000", "netInterestIncome": "-41000000", "interestIncome": "None", "interestExpense": "42000000", "nonInterestIncome": "-37000000", "otherNonOperatingIncome": "1000000", "depreciation": "38000000", "depreciationAndAmortization": "20000000", "incomeBeforeTax": "193000000", "incomeTaxExpense": "62000000", "interestAndDebtExpense": "42000000", "netIncomeFromContinuingOperations": "166000000", "comprehensiveIncomeNetOfTax": "305000000", "ebit": "235000000", "ebitda": "255000000", "netIncome": "131000000"}, {"fiscalDateEnding": "2017-03-31", "reportedCurrency": "USD", "grossProfit": "474000000", "totalRevenue": "1447000000", "costOfRevenue": "973000000", "costofGoodsAndServicesSold": "958000000", "operatingIncome": "275000000", "sellingGeneralAndAdministrative": "-26000000", "researchAndDevelopment": "None", "operatingExpenses": "256000000", "investmentIncomeNet": "0", "netInterestIncome": "-42000000", "interestIncome": "None", "interestExpense": "42000000", "nonInterestIncome": "None", "otherNonOperatingIncome": "None", "depreciation": "35000000", "depreciationAndAmortization": "39000000", "incomeBeforeTax": "154000000", "incomeTaxExpense": "69000000", "interestAndDebtExpense": "42000000", "netIncomeFromContinuingOperations": "164000000", "comprehensiveIncomeNetOfTax": "96000000", "ebit": "196000000", "ebitda": "235000000", "netIncome": "85000000"}, {"fiscalDateEnding": "2016-12-31", "reportedCurrency": "USD", "grossProfit": "510000000", "totalRevenue": "1657000000", "costOfRevenue": "1147000000", "costofGoodsAndServicesSold": "920000000", "operatingIncome": "277000000", "sellingGeneralAndAdministrative": "-27000000", "researchAndDevelopment": "None", "operatingExpenses": "252000000", "investmentIncomeNet": "1000000", "netInterestIncome": "-43000000", "interestIncome": "None", "interestExpense": "44000000", "nonInterestIncome": "None", "otherNonOperatingIncome": "2000000", "depreciation": "36000000", "depreciationAndAmortization": "48000000", "incomeBeforeTax": "249000000", "incomeTaxExpense": "72000000", "interestAndDebtExpense": "44000000", "netIncomeFromContinuingOperations": "168000000", "comprehensiveIncomeNetOfTax": "151000000", "ebit": "293000000", "ebitda": "341000000", "netIncome": "177000000"}]}