{"symbol": "LKQ", "annualReports": [{"fiscalDateEnding": "2020-12-31", "reportedCurrency": "USD", "grossProfit": "4593271000", "totalRevenue": "11628830000", "costOfRevenue": "7035559000", "costofGoodsAndServicesSold": "7035559000", "operatingIncome": "985577000", "sellingGeneralAndAdministrative": "3266065000", "researchAndDevelopment": "None", "operatingExpenses": "3580011000", "investmentIncomeNet": "None", "netInterestIncome": "-103784000", "interestIncome": "15953000", "interestExpense": "103784000", "nonInterestIncome": "-8686000", "otherNonOperatingIncome": "15953000", "depreciation": "180000000", "depreciationAndAmortization": "272292000", "incomeBeforeTax": "887921000", "incomeTaxExpense": "249498000", "interestAndDebtExpense": "116535000", "netIncomeFromContinuingOperations": "638621000", "comprehensiveIncomeNetOfTax": "740299000", "ebit": "991705000", "ebitda": "1263997000", "netIncome": "638423000"}, {"fiscalDateEnding": "2019-12-31", "reportedCurrency": "USD", "grossProfit": "4851794000", "totalRevenue": "12506109000", "costOfRevenue": "7654315000", "costofGoodsAndServicesSold": "7654315000", "operatingIncome": "896643000", "sellingGeneralAndAdministrative": "3580300000", "researchAndDevelopment": "None", "operatingExpenses": "3919794000", "investmentIncomeNet": "None", "netInterestIncome": "-138504000", "interestIncome": "32755000", "interestExpense": "138504000", "nonInterestIncome": "128000", "otherNonOperatingIncome": "32755000", "depreciation": "174000000", "depreciationAndAmortization": "290770000", "incomeBeforeTax": "756590000", "incomeTaxExpense": "215330000", "interestAndDebtExpense": "138504000", "netIncomeFromContinuingOperations": "540615000", "comprehensiveIncomeNetOfTax": "515325000", "ebit": "895094000", "ebitda": "1185864000", "netIncome": "541260000"}, {"fiscalDateEnding": "2018-12-31", "reportedCurrency": "USD", "grossProfit": "4574857000", "totalRevenue": "11876674000", "costOfRevenue": "7301817000", "costofGoodsAndServicesSold": "7301817000", "operatingIncome": "882241000", "sellingGeneralAndAdministrative": "3352731000", "researchAndDevelopment": "None", "operatingExpenses": "3749157000", "investmentIncomeNet": "None", "netInterestIncome": "-146377000", "interestIncome": "6499000", "interestExpense": "146377000", "nonInterestIncome": "-1350000", "otherNonOperatingIncome": "8917000", "depreciation": "157000000", "depreciationAndAmortization": "274213000", "incomeBeforeTax": "671513000", "incomeTaxExpense": "191395000", "interestAndDebtExpense": "146377000", "netIncomeFromContinuingOperations": "484515000", "comprehensiveIncomeNetOfTax": "370299000", "ebit": "817890000", "ebitda": "1092103000", "netIncome": "480118000"}, {"fiscalDateEnding": "2017-12-31", "reportedCurrency": "USD", "grossProfit": "3799623000", "totalRevenue": "9736909000", "costOfRevenue": "5937286000", "costofGoodsAndServicesSold": "5937286000", "operatingIncome": "844998000", "sellingGeneralAndAdministrative": "2715407000", "researchAndDevelopment": "None", "operatingExpenses": "1350760000", "investmentIncomeNet": "None", "netInterestIncome": "-84105000", "interestIncome": "17535000", "interestExpense": "101640000", "nonInterestIncome": "-456000", "otherNonOperatingIncome": "23725000", "depreciation": "129000000", "depreciationAndAmortization": "219546000", "incomeBeforeTax": "769304000", "incomeTaxExpense": "235560000", "interestAndDebtExpense": "101640000", "netIncomeFromContinuingOperations": "540490000", "comprehensiveIncomeNetOfTax": "730443000", "ebit": "844998000", "ebitda": "1064544000", "netIncome": "533744000"}, {"fiscalDateEnding": "2016-12-31", "reportedCurrency": "USD", "grossProfit": "3351703000", "totalRevenue": "8594065000", "costOfRevenue": "6436818000", "costofGoodsAndServicesSold": "5232328000", "operatingIncome": "763398000", "sellingGeneralAndAdministrative": "2359110000", "researchAndDevelopment": "None", "operatingExpenses": "1204490000", "investmentIncomeNet": "None", "netInterestIncome": "-86016000", "interestIncome": "2247000", "interestExpense": "88263000", "nonInterestIncome": "10034000", "otherNonOperatingIncome": "2247000", "depreciation": "115000000", "depreciationAndAmortization": "191433000", "incomeBeforeTax": "684541000", "incomeTaxExpense": "220566000", "interestAndDebtExpense": "88263000", "netIncomeFromContinuingOperations": "456123000", "comprehensiveIncomeNetOfTax": "302270000", "ebit": "763398000", "ebitda": "954831000", "netIncome": "463975000"}], "quarterlyReports": [{"fiscalDateEnding": "2021-09-30", "reportedCurrency": "USD", "grossProfit": "1343392000", "totalRevenue": "3296611000", "costOfRevenue": "1953219000", "costofGoodsAndServicesSold": "1953219000", "operatingIncome": "378154000", "sellingGeneralAndAdministrative": "897896000", "researchAndDevelopment": "None", "operatingExpenses": "961891000", "investmentIncomeNet": "None", "netInterestIncome": "-15427000", "interestIncome": "None", "interestExpense": "15427000", "nonInterestIncome": "0", "otherNonOperatingIncome": "2888000", "depreciation": "5947000", "depreciationAndAmortization": "63995000", "incomeBeforeTax": "373395000", "incomeTaxExpense": "89340000", "interestAndDebtExpense": "0", "netIncomeFromContinuingOperations": "284055000", "comprehensiveIncomeNetOfTax": "236570000", "ebit": "378154000", "ebitda": "442149000", "netIncome": "284055000"}, {"fiscalDateEnding": "2021-06-30", "reportedCurrency": "USD", "grossProfit": "1415709000", "totalRevenue": "3435114000", "costOfRevenue": "2019405000", "costofGoodsAndServicesSold": "2019405000", "operatingIncome": "444674000", "sellingGeneralAndAdministrative": "901667000", "researchAndDevelopment": "None", "operatingExpenses": "967563000", "investmentIncomeNet": "None", "netInterestIncome": "-16172000", "interestIncome": "None", "interestExpense": "16172000", "nonInterestIncome": "-23564000", "otherNonOperatingIncome": "4311000", "depreciation": "5649000", "depreciationAndAmortization": "64896000", "incomeBeforeTax": "412343000", "incomeTaxExpense": "107719000", "interestAndDebtExpense": "23564000", "netIncomeFromContinuingOperations": "304624000", "comprehensiveIncomeNetOfTax": "329656000", "ebit": "444674000", "ebitda": "509570000", "netIncome": "304624000"}, {"fiscalDateEnding": "2021-03-31", "reportedCurrency": "USD", "grossProfit": "1293714000", "totalRevenue": "3170786000", "costOfRevenue": "1877072000", "costofGoodsAndServicesSold": "1877072000", "operatingIncome": "371448000", "sellingGeneralAndAdministrative": "848565000", "researchAndDevelopment": "None", "operatingExpenses": "916366000", "investmentIncomeNet": "None", "netInterestIncome": "-24179000", "interestIncome": "None", "interestExpense": "24179000", "nonInterestIncome": "0", "otherNonOperatingIncome": "6213000", "depreciation": "5615000", "depreciationAndAmortization": "65801000", "incomeBeforeTax": "358882000", "incomeTaxExpense": "92969000", "interestAndDebtExpense": "0", "netIncomeFromContinuingOperations": "265913000", "comprehensiveIncomeNetOfTax": "238800000", "ebit": "371448000", "ebitda": "437249000", "netIncome": "265913000"}, {"fiscalDateEnding": "2020-12-31", "reportedCurrency": "USD", "grossProfit": "1169849000", "totalRevenue": "2953888000", "costOfRevenue": "1784039000", "costofGoodsAndServicesSold": "1784039000", "operatingIncome": "267273000", "sellingGeneralAndAdministrative": "814992000", "researchAndDevelopment": "None", "operatingExpenses": "898041000", "investmentIncomeNet": "None", "netInterestIncome": "-20406000", "interestIncome": "5026000", "interestExpense": "20027000", "nonInterestIncome": "4065000", "otherNonOperatingIncome": "6649000", "depreciation": "163838000", "depreciationAndAmortization": "72395000", "incomeBeforeTax": "249720000", "incomeTaxExpense": "68708000", "interestAndDebtExpense": "103784000", "netIncomeFromContinuingOperations": "180469000", "comprehensiveIncomeNetOfTax": "291725000", "ebit": "267273000", "ebitda": "339668000", "netIncome": "181012000"}, {"fiscalDateEnding": "2020-09-30", "reportedCurrency": "USD", "grossProfit": "1198542000", "totalRevenue": "3047684000", "costOfRevenue": "1849142000", "costofGoodsAndServicesSold": "1849142000", "operatingIncome": "296002000", "sellingGeneralAndAdministrative": "813893000", "researchAndDevelopment": "None", "operatingExpenses": "890548000", "investmentIncomeNet": "None", "netInterestIncome": "-25182000", "interestIncome": "None", "interestExpense": "25182000", "nonInterestIncome": "0", "otherNonOperatingIncome": "-2492000", "depreciation": "7067000", "depreciationAndAmortization": "68655000", "incomeBeforeTax": "271993000", "incomeTaxExpense": "78510000", "interestAndDebtExpense": "0", "netIncomeFromContinuingOperations": "193483000", "comprehensiveIncomeNetOfTax": "263524000", "ebit": "296002000", "ebitda": "364657000", "netIncome": "193483000"}, {"fiscalDateEnding": "2020-06-30", "reportedCurrency": "USD", "grossProfit": "1011004000", "totalRevenue": "2626323000", "costOfRevenue": "1615319000", "costofGoodsAndServicesSold": "1615319000", "operatingIncome": "180453000", "sellingGeneralAndAdministrative": "737369000", "researchAndDevelopment": "None", "operatingExpenses": "803116000", "investmentIncomeNet": "None", "netInterestIncome": "-25616000", "interestIncome": "None", "interestExpense": "25616000", "nonInterestIncome": "0", "otherNonOperatingIncome": "8174000", "depreciation": "4010000", "depreciationAndAmortization": "65747000", "incomeBeforeTax": "160661000", "incomeTaxExpense": "41869000", "interestAndDebtExpense": "0", "netIncomeFromContinuingOperations": "118515000", "comprehensiveIncomeNetOfTax": "152932000", "ebit": "180453000", "ebitda": "246200000", "netIncome": "118792000"}, {"fiscalDateEnding": "2020-03-31", "reportedCurrency": "USD", "grossProfit": "1213876000", "totalRevenue": "3000935000", "costOfRevenue": "1787059000", "costofGoodsAndServicesSold": "1787059000", "operatingIncome": "241849000", "sellingGeneralAndAdministrative": "899811000", "researchAndDevelopment": "None", "operatingExpenses": "965306000", "investmentIncomeNet": "None", "netInterestIncome": "-25931000", "interestIncome": "-25931000", "interestExpense": "25931000", "nonInterestIncome": "-12751000", "otherNonOperatingIncome": "3622000", "depreciation": "5085000", "depreciationAndAmortization": "65495000", "incomeBeforeTax": "205547000", "incomeTaxExpense": "60411000", "interestAndDebtExpense": "12751000", "netIncomeFromContinuingOperations": "146154000", "comprehensiveIncomeNetOfTax": "32118000", "ebit": "241849000", "ebitda": "307344000", "netIncome": "145136000"}, {"fiscalDateEnding": "2019-12-31", "reportedCurrency": "USD", "grossProfit": "1196014000", "totalRevenue": "3009860000", "costOfRevenue": "1813846000", "costofGoodsAndServicesSold": "1813846000", "operatingIncome": "206768000", "sellingGeneralAndAdministrative": "893276000", "researchAndDevelopment": "None", "operatingExpenses": "2000000", "investmentIncomeNet": "None", "netInterestIncome": "-1800000", "interestIncome": "15845000", "interestExpense": "34555000", "nonInterestIncome": "0", "otherNonOperatingIncome": "17232000", "depreciation": "158252000", "depreciationAndAmortization": "77421000", "incomeBeforeTax": "190596000", "incomeTaxExpense": "50208000", "interestAndDebtExpense": "138632000", "netIncomeFromContinuingOperations": "140354000", "comprehensiveIncomeNetOfTax": "200249000", "ebit": "206768000", "ebitda": "284189000", "netIncome": "140388000"}, {"fiscalDateEnding": "2019-09-30", "reportedCurrency": "USD", "grossProfit": "1200329000", "totalRevenue": "3147773000", "costOfRevenue": "1947444000", "costofGoodsAndServicesSold": "1947444000", "operatingIncome": "231364000", "sellingGeneralAndAdministrative": "892124000", "researchAndDevelopment": "None", "operatingExpenses": "962036000", "investmentIncomeNet": "None", "netInterestIncome": "-31976000", "interestIncome": "-31976000", "interestExpense": "31976000", "nonInterestIncome": "128000", "otherNonOperatingIncome": "5939000", "depreciation": "5223000", "depreciationAndAmortization": "71513000", "incomeBeforeTax": "210010000", "incomeTaxExpense": "57747000", "interestAndDebtExpense": "-128000", "netIncomeFromContinuingOperations": "151858000", "comprehensiveIncomeNetOfTax": "80070000", "ebit": "231364000", "ebitda": "302877000", "netIncome": "152263000"}, {"fiscalDateEnding": "2019-06-30", "reportedCurrency": "USD", "grossProfit": "1247187000", "totalRevenue": "3248173000", "costOfRevenue": "2000986000", "costofGoodsAndServicesSold": "2000986000", "operatingIncome": "236111000", "sellingGeneralAndAdministrative": "898368000", "researchAndDevelopment": "None", "operatingExpenses": "1002699000", "investmentIncomeNet": "None", "netInterestIncome": "-35884000", "interestIncome": "-35884000", "interestExpense": "35884000", "nonInterestIncome": "0", "otherNonOperatingIncome": "5733000", "depreciation": "5320000", "depreciationAndAmortization": "70834000", "incomeBeforeTax": "206386000", "incomeTaxExpense": "55825000", "interestAndDebtExpense": "0", "netIncomeFromContinuingOperations": "150355000", "comprehensiveIncomeNetOfTax": "152862000", "ebit": "236111000", "ebitda": "306945000", "netIncome": "150561000"}, {"fiscalDateEnding": "2019-03-31", "reportedCurrency": "USD", "grossProfit": "1208264000", "totalRevenue": "3100303000", "costOfRevenue": "1892039000", "costofGoodsAndServicesSold": "1892039000", "operatingIncome": "222400000", "sellingGeneralAndAdministrative": "896532000", "researchAndDevelopment": "None", "operatingExpenses": "1022108000", "investmentIncomeNet": "None", "netInterestIncome": "-36089000", "interestIncome": "-36089000", "interestExpense": "36089000", "nonInterestIncome": "0", "otherNonOperatingIncome": "3851000", "depreciation": "5205000", "depreciationAndAmortization": "71002000", "incomeBeforeTax": "149598000", "incomeTaxExpense": "51550000", "interestAndDebtExpense": "0", "netIncomeFromContinuingOperations": "98048000", "comprehensiveIncomeNetOfTax": "82144000", "ebit": "222400000", "ebitda": "293402000", "netIncome": "98048000"}, {"fiscalDateEnding": "2018-12-31", "reportedCurrency": "USD", "grossProfit": "1161809000", "totalRevenue": "3002781000", "costOfRevenue": "1840972000", "costofGoodsAndServicesSold": "1840972000", "operatingIncome": "164146000", "sellingGeneralAndAdministrative": "880646000", "researchAndDevelopment": "None", "operatingExpenses": "33000000", "investmentIncomeNet": "None", "netInterestIncome": "None", "interestIncome": "None", "interestExpense": "38730000", "nonInterestIncome": "None", "otherNonOperatingIncome": "-497000", "depreciation": "42000000", "depreciationAndAmortization": "77891000", "incomeBeforeTax": "71017000", "incomeTaxExpense": "34968000", "interestAndDebtExpense": "38730000", "netIncomeFromContinuingOperations": "40446000", "comprehensiveIncomeNetOfTax": "-4110000", "ebit": "164146000", "ebitda": "242037000", "netIncome": "36049000"}, {"fiscalDateEnding": "2018-09-30", "reportedCurrency": "USD", "grossProfit": "1197198000", "totalRevenue": "3122378000", "costOfRevenue": "1925180000", "costofGoodsAndServicesSold": "1925180000", "operatingIncome": "234733000", "sellingGeneralAndAdministrative": "879150000", "researchAndDevelopment": "None", "operatingExpenses": "956851000", "investmentIncomeNet": "None", "netInterestIncome": "None", "interestIncome": "None", "interestExpense": "40860000", "nonInterestIncome": "None", "otherNonOperatingIncome": "6959000", "depreciation": "39000000", "depreciationAndAmortization": "76701000", "incomeBeforeTax": "180170000", "incomeTaxExpense": "46068000", "interestAndDebtExpense": "40860000", "netIncomeFromContinuingOperations": "134102000", "comprehensiveIncomeNetOfTax": "115372000", "ebit": "234733000", "ebitda": "311434000", "netIncome": "134102000"}, {"fiscalDateEnding": "2018-06-30", "reportedCurrency": "USD", "grossProfit": "1161879000", "totalRevenue": "3030751000", "costOfRevenue": "1868872000", "costofGoodsAndServicesSold": "1868872000", "operatingIncome": "256794000", "sellingGeneralAndAdministrative": "826044000", "researchAndDevelopment": "None", "operatingExpenses": "905645000", "investmentIncomeNet": "None", "netInterestIncome": "None", "interestIncome": "None", "interestExpense": "38272000", "nonInterestIncome": "None", "otherNonOperatingIncome": "-427000", "depreciation": "39000000", "depreciationAndAmortization": "63163000", "incomeBeforeTax": "217782000", "incomeTaxExpense": "60775000", "interestAndDebtExpense": "38272000", "netIncomeFromContinuingOperations": "157007000", "comprehensiveIncomeNetOfTax": "55564000", "ebit": "256794000", "ebitda": "319957000", "netIncome": "157007000"}, {"fiscalDateEnding": "2018-03-31", "reportedCurrency": "USD", "grossProfit": "1053971000", "totalRevenue": "2720764000", "costOfRevenue": "1666793000", "costofGoodsAndServicesSold": "1666793000", "operatingIncome": "226568000", "sellingGeneralAndAdministrative": "766891000", "researchAndDevelopment": "None", "operatingExpenses": "823349000", "investmentIncomeNet": "None", "netInterestIncome": "None", "interestIncome": "None", "interestExpense": "28515000", "nonInterestIncome": "None", "otherNonOperatingIncome": "2882000", "depreciation": "37000000", "depreciationAndAmortization": "56458000", "incomeBeforeTax": "202544000", "incomeTaxExpense": "49584000", "interestAndDebtExpense": "28515000", "netIncomeFromContinuingOperations": "152960000", "comprehensiveIncomeNetOfTax": "203473000", "ebit": "226568000", "ebitda": "283026000", "netIncome": "152960000"}, {"fiscalDateEnding": "2017-12-31", "reportedCurrency": "USD", "grossProfit": "947645000", "totalRevenue": "2469855000", "costOfRevenue": "1876988000", "costofGoodsAndServicesSold": "1522210000", "operatingIncome": "167954000", "sellingGeneralAndAdministrative": "712342000", "researchAndDevelopment": "None", "operatingExpenses": "354778000", "investmentIncomeNet": "None", "netInterestIncome": "None", "interestIncome": "None", "interestExpense": "27834000", "nonInterestIncome": "-456000", "otherNonOperatingIncome": "16841000", "depreciation": "36000000", "depreciationAndAmortization": "60368000", "incomeBeforeTax": "153525000", "incomeTaxExpense": "29354000", "interestAndDebtExpense": "27834000", "netIncomeFromContinuingOperations": "126386000", "comprehensiveIncomeNetOfTax": "151307000", "ebit": "167954000", "ebitda": "228322000", "netIncome": "124171000"}, {"fiscalDateEnding": "2017-09-30", "reportedCurrency": "USD", "grossProfit": "956876000", "totalRevenue": "2465800000", "costOfRevenue": "1856436000", "costofGoodsAndServicesSold": "1508924000", "operatingIncome": "199099000", "sellingGeneralAndAdministrative": "695978000", "researchAndDevelopment": "None", "operatingExpenses": "347512000", "investmentIncomeNet": "None", "netInterestIncome": "None", "interestIncome": "None", "interestExpense": "25222000", "nonInterestIncome": "0", "otherNonOperatingIncome": "3107000", "depreciation": "34000000", "depreciationAndAmortization": "56877000", "incomeBeforeTax": "180570000", "incomeTaxExpense": "58189000", "interestAndDebtExpense": "25222000", "netIncomeFromContinuingOperations": "122381000", "comprehensiveIncomeNetOfTax": "179039000", "ebit": "199099000", "ebitda": "255976000", "netIncome": "122381000"}, {"fiscalDateEnding": "2017-06-30", "reportedCurrency": "USD", "grossProfit": "965009000", "totalRevenue": "2458411000", "costOfRevenue": "1825989000", "costofGoodsAndServicesSold": "1493402000", "operatingIncome": "244573000", "sellingGeneralAndAdministrative": "664270000", "researchAndDevelopment": "None", "operatingExpenses": "332587000", "investmentIncomeNet": "None", "netInterestIncome": "None", "interestIncome": "None", "interestExpense": "24596000", "nonInterestIncome": "0", "otherNonOperatingIncome": "2731000", "depreciation": "32000000", "depreciationAndAmortization": "53645000", "incomeBeforeTax": "226776000", "incomeTaxExpense": "75862000", "interestAndDebtExpense": "24596000", "netIncomeFromContinuingOperations": "150914000", "comprehensiveIncomeNetOfTax": "242280000", "ebit": "244573000", "ebitda": "298218000", "netIncome": "150914000"}, {"fiscalDateEnding": "2017-03-31", "reportedCurrency": "USD", "grossProfit": "930093000", "totalRevenue": "2342843000", "costOfRevenue": "1728633000", "costofGoodsAndServicesSold": "1412750000", "operatingIncome": "235692000", "sellingGeneralAndAdministrative": "642817000", "researchAndDevelopment": "None", "operatingExpenses": "315883000", "investmentIncomeNet": "None", "netInterestIncome": "None", "interestIncome": "None", "interestExpense": "23988000", "nonInterestIncome": "0", "otherNonOperatingIncome": "1046000", "depreciation": "27000000", "depreciationAndAmortization": "48656000", "incomeBeforeTax": "208433000", "incomeTaxExpense": "72155000", "interestAndDebtExpense": "23988000", "netIncomeFromContinuingOperations": "140809000", "comprehensiveIncomeNetOfTax": "157817000", "ebit": "235692000", "ebitda": "284348000", "netIncome": "136278000"}, {"fiscalDateEnding": "2016-12-31", "reportedCurrency": "USD", "grossProfit": "830006000", "totalRevenue": "2150406000", "costOfRevenue": "1370539000", "costofGoodsAndServicesSold": "1320400000", "operatingIncome": "161880000", "sellingGeneralAndAdministrative": "1632374000", "researchAndDevelopment": "None", "operatingExpenses": "331414000", "investmentIncomeNet": "None", "netInterestIncome": "None", "interestIncome": "None", "interestExpense": "20231000", "nonInterestIncome": "0", "otherNonOperatingIncome": "-2114000", "depreciation": "31000000", "depreciationAndAmortization": "54265000", "incomeBeforeTax": "133672000", "incomeTaxExpense": "47341000", "interestAndDebtExpense": "24261000", "netIncomeFromContinuingOperations": "96298000", "comprehensiveIncomeNetOfTax": "9822000", "ebit": "161880000", "ebitda": "216145000", "netIncome": "86331000"}]}