{"symbol": "LLY", "annualReports": [{"fiscalDateEnding": "2020-12-31", "reportedCurrency": "USD", "grossProfit": "12627700000", "totalRevenue": "24539800000", "costOfRevenue": "11912100000", "costofGoodsAndServicesSold": "5483300000", "operatingIncome": "-138600000", "sellingGeneralAndAdministrative": "6121200000", "researchAndDevelopment": "6085700000", "operatingExpenses": "12766300000", "investmentIncomeNet": "33000000", "netInterestIncome": "-359600000", "interestIncome": "-326600000", "interestExpense": "359600000", "nonInterestIncome": "0", "otherNonOperatingIncome": "1246700000", "depreciation": "765200000", "depreciationAndAmortization": "428200000", "incomeBeforeTax": "7229900000", "incomeTaxExpense": "1036200000", "interestAndDebtExpense": "359600000", "netIncomeFromContinuingOperations": "6193700000", "comprehensiveIncomeNetOfTax": "6220900000", "ebit": "7589500000", "ebitda": "8017700000", "netIncome": "6193700000"}, {"fiscalDateEnding": "2019-12-31", "reportedCurrency": "USD", "grossProfit": "10793000000", "totalRevenue": "22319500000", "costOfRevenue": "11526500000", "costofGoodsAndServicesSold": "4721200000", "operatingIncome": "-1817200000", "sellingGeneralAndAdministrative": "6213800000", "researchAndDevelopment": "5595000000", "operatingExpenses": "11808800000", "investmentIncomeNet": "80400000", "netInterestIncome": "-400600000", "interestIncome": "80400000", "interestExpense": "400600000", "nonInterestIncome": "-252500000", "otherNonOperatingIncome": "344600000", "depreciation": "814700000", "depreciationAndAmortization": "225800000", "incomeBeforeTax": "8946400000", "incomeTaxExpense": "628000000", "interestAndDebtExpense": "653100000", "netIncomeFromContinuingOperations": "4637900000", "comprehensiveIncomeNetOfTax": "7535000000", "ebit": "9347000000", "ebitda": "9572800000", "netIncome": "8318400000"}, {"fiscalDateEnding": "2018-12-31", "reportedCurrency": "USD", "grossProfit": "10453200000", "totalRevenue": "21493300000", "costOfRevenue": "14102500000", "costofGoodsAndServicesSold": "4681700000", "operatingIncome": "-2526400000", "sellingGeneralAndAdministrative": "5975100000", "researchAndDevelopment": "5051200000", "operatingExpenses": "11026400000", "investmentIncomeNet": "161300000", "netInterestIncome": "-272100000", "interestIncome": "-29600000", "interestExpense": "242500000", "nonInterestIncome": "242100000", "otherNonOperatingIncome": "-11700000", "depreciation": "797100000", "depreciationAndAmortization": "558700000", "incomeBeforeTax": "3761500000", "incomeTaxExpense": "529500000", "interestAndDebtExpense": "30000000", "netIncomeFromContinuingOperations": "3232000000", "comprehensiveIncomeNetOfTax": "3304600000", "ebit": "4004000000", "ebitda": "4562700000", "netIncome": "3232000000"}, {"fiscalDateEnding": "2017-12-31", "reportedCurrency": "USD", "grossProfit": "7856000000", "totalRevenue": "19973800000", "costOfRevenue": "15015300000", "costofGoodsAndServicesSold": "4447700000", "operatingIncome": "-6370900000", "sellingGeneralAndAdministrative": "5982400000", "researchAndDevelopment": "5096200000", "operatingExpenses": "12037400000", "investmentIncomeNet": "167300000", "netInterestIncome": "-225000000", "interestIncome": "167300000", "interestExpense": "225000000", "nonInterestIncome": "0", "otherNonOperatingIncome": "111100000", "depreciation": "681700000", "depreciationAndAmortization": "683400000", "incomeBeforeTax": "2187100000", "incomeTaxExpense": "2391200000", "interestAndDebtExpense": "225000000", "netIncomeFromContinuingOperations": "-204100000", "comprehensiveIncomeNetOfTax": "-5100000", "ebit": "2412100000", "ebitda": "3095500000", "netIncome": "-204100000"}, {"fiscalDateEnding": "2016-12-31", "reportedCurrency": "USD", "grossProfit": "8044800000", "totalRevenue": "21222100000", "costOfRevenue": "13177300000", "costofGoodsAndServicesSold": "5710100000", "operatingIncome": "-4721500000", "sellingGeneralAndAdministrative": "6528000000", "researchAndDevelopment": "5310300000", "operatingExpenses": "11695900000", "investmentIncomeNet": "108700000", "netInterestIncome": "-185200000", "interestIncome": "108700000", "interestExpense": "185200000", "nonInterestIncome": "-203900000", "otherNonOperatingIncome": "195600000", "depreciation": "716200000", "depreciationAndAmortization": "687900000", "incomeBeforeTax": "3374000000", "incomeTaxExpense": "636400000", "interestAndDebtExpense": "185200000", "netIncomeFromContinuingOperations": "2737600000", "comprehensiveIncomeNetOfTax": "2092500000", "ebit": "3559200000", "ebitda": "4247100000", "netIncome": "2737600000"}], "quarterlyReports": [{"fiscalDateEnding": "2021-09-30", "reportedCurrency": "USD", "grossProfit": "3836700000", "totalRevenue": "6772800000", "costOfRevenue": "2936100000", "costofGoodsAndServicesSold": "1430800000", "operatingIncome": "549900000", "sellingGeneralAndAdministrative": "1577900000", "researchAndDevelopment": "1708900000", "operatingExpenses": "3286800000", "investmentIncomeNet": "7000000", "netInterestIncome": "-83600000", "interestIncome": "-76600000", "interestExpense": "83600000", "nonInterestIncome": "-405200000", "otherNonOperatingIncome": "20100000", "depreciation": "None", "depreciationAndAmortization": "382300000", "incomeBeforeTax": "1245300000", "incomeTaxExpense": "135200000", "interestAndDebtExpense": "488800000", "netIncomeFromContinuingOperations": "1110100000", "comprehensiveIncomeNetOfTax": "1224500000", "ebit": "1328900000", "ebitda": "1711200000", "netIncome": "1110100000"}, {"fiscalDateEnding": "2021-06-30", "reportedCurrency": "USD", "grossProfit": "3172300000", "totalRevenue": "6740100000", "costOfRevenue": "3567800000", "costofGoodsAndServicesSold": "1953200000", "operatingIncome": "-186200000", "sellingGeneralAndAdministrative": "1685700000", "researchAndDevelopment": "1672800000", "operatingExpenses": "3358500000", "investmentIncomeNet": "5400000", "netInterestIncome": "-86900000", "interestIncome": "5400000", "interestExpense": "86900000", "nonInterestIncome": "None", "otherNonOperatingIncome": "-14500000", "depreciation": "None", "depreciationAndAmortization": "369300000", "incomeBeforeTax": "1593900000", "incomeTaxExpense": "203700000", "interestAndDebtExpense": "86900000", "netIncomeFromContinuingOperations": "1390200000", "comprehensiveIncomeNetOfTax": "1498700000", "ebit": "1680800000", "ebitda": "2050100000", "netIncome": "1390200000"}, {"fiscalDateEnding": "2021-03-31", "reportedCurrency": "USD", "grossProfit": "3212800000", "totalRevenue": "6805600000", "costOfRevenue": "3592800000", "costofGoodsAndServicesSold": "1878600000", "operatingIncome": "-259600000", "sellingGeneralAndAdministrative": "1576000000", "researchAndDevelopment": "1684800000", "operatingExpenses": "3472400000", "investmentIncomeNet": "5500000", "netInterestIncome": "-87800000", "interestIncome": "5500000", "interestExpense": "87800000", "nonInterestIncome": "None", "otherNonOperatingIncome": "28500000", "depreciation": "None", "depreciationAndAmortization": "350300000", "incomeBeforeTax": "1476400000", "incomeTaxExpense": "121100000", "interestAndDebtExpense": "87800000", "netIncomeFromContinuingOperations": "1355300000", "comprehensiveIncomeNetOfTax": "1456100000", "ebit": "1564200000", "ebitda": "1914500000", "netIncome": "1355300000"}, {"fiscalDateEnding": "2020-12-31", "reportedCurrency": "USD", "grossProfit": "3825500000", "totalRevenue": "7440000000", "costOfRevenue": "3614500000", "costofGoodsAndServicesSold": "1719800000", "operatingIncome": "35500000", "sellingGeneralAndAdministrative": "1553900000", "researchAndDevelopment": "1838000000", "operatingExpenses": "3790000000", "investmentIncomeNet": "5800000", "netInterestIncome": "-89200000", "interestIncome": "-83400000", "interestExpense": "89200000", "nonInterestIncome": "0", "otherNonOperatingIncome": "503100000", "depreciation": "None", "depreciationAndAmortization": "367500000", "incomeBeforeTax": "2469100000", "incomeTaxExpense": "352300000", "interestAndDebtExpense": "89200000", "netIncomeFromContinuingOperations": "2116800000", "comprehensiveIncomeNetOfTax": "2175500000", "ebit": "2558300000", "ebitda": "2925800000", "netIncome": "2116800000"}, {"fiscalDateEnding": "2020-09-30", "reportedCurrency": "USD", "grossProfit": "2857700000", "totalRevenue": "5740600000", "costOfRevenue": "2882900000", "costofGoodsAndServicesSold": "1326400000", "operatingIncome": "-278200000", "sellingGeneralAndAdministrative": "1569100000", "researchAndDevelopment": "1465400000", "operatingExpenses": "3135900000", "investmentIncomeNet": "5800000", "netInterestIncome": "-89600000", "interestIncome": "-83800000", "interestExpense": "89600000", "nonInterestIncome": "0", "otherNonOperatingIncome": "-13000000", "depreciation": "None", "depreciationAndAmortization": "358400000", "incomeBeforeTax": "1437200000", "incomeTaxExpense": "228800000", "interestAndDebtExpense": "89600000", "netIncomeFromContinuingOperations": "1208400000", "comprehensiveIncomeNetOfTax": "1336200000", "ebit": "1526800000", "ebitda": "1885200000", "netIncome": "1208400000"}, {"fiscalDateEnding": "2020-06-30", "reportedCurrency": "USD", "grossProfit": "2864700000", "totalRevenue": "5499400000", "costOfRevenue": "2634700000", "costofGoodsAndServicesSold": "1222000000", "operatingIncome": "25900000", "sellingGeneralAndAdministrative": "1448600000", "researchAndDevelopment": "1390200000", "operatingExpenses": "2838800000", "investmentIncomeNet": "7100000", "netInterestIncome": "-88300000", "interestIncome": "7100000", "interestExpense": "88300000", "nonInterestIncome": "0", "otherNonOperatingIncome": "-84600000", "depreciation": "None", "depreciationAndAmortization": "324400000", "incomeBeforeTax": "1643700000", "incomeTaxExpense": "231700000", "interestAndDebtExpense": "88300000", "netIncomeFromContinuingOperations": "1412000000", "comprehensiveIncomeNetOfTax": "1615000000", "ebit": "1732000000", "ebitda": "2056400000", "netIncome": "1412000000"}, {"fiscalDateEnding": "2020-03-31", "reportedCurrency": "USD", "grossProfit": "3079800000", "totalRevenue": "5859800000", "costOfRevenue": "2780000000", "costofGoodsAndServicesSold": "1215100000", "operatingIncome": "78200000", "sellingGeneralAndAdministrative": "1549600000", "researchAndDevelopment": "1392100000", "operatingExpenses": "3001600000", "investmentIncomeNet": "14300000", "netInterestIncome": "-92500000", "interestIncome": "14300000", "interestExpense": "92500000", "nonInterestIncome": "0", "otherNonOperatingIncome": "-63900000", "depreciation": "None", "depreciationAndAmortization": "273600000", "incomeBeforeTax": "1679900000", "incomeTaxExpense": "223400000", "interestAndDebtExpense": "92500000", "netIncomeFromContinuingOperations": "1456500000", "comprehensiveIncomeNetOfTax": "1094200000", "ebit": "1772400000", "ebitda": "2046000000", "netIncome": "1456500000"}, {"fiscalDateEnding": "2019-12-31", "reportedCurrency": "USD", "grossProfit": "4679700000", "totalRevenue": "6114000000", "costOfRevenue": "1434300000", "costofGoodsAndServicesSold": "1282600000", "operatingIncome": "1400200000", "sellingGeneralAndAdministrative": "1698100000", "researchAndDevelopment": "1581400000", "operatingExpenses": "3279500000", "investmentIncomeNet": "13200000", "netInterestIncome": "-95900000", "interestIncome": "13200000", "interestExpense": "95900000", "nonInterestIncome": "-3933000000", "otherNonOperatingIncome": "236300000", "depreciation": "None", "depreciationAndAmortization": "340700000", "incomeBeforeTax": "1663100000", "incomeTaxExpense": "167400000", "interestAndDebtExpense": "348400000", "netIncomeFromContinuingOperations": "1495700000", "comprehensiveIncomeNetOfTax": "1495700000", "ebit": "1759000000", "ebitda": "2099700000", "netIncome": "1495700000"}, {"fiscalDateEnding": "2019-09-30", "reportedCurrency": "USD", "grossProfit": "2941500000", "totalRevenue": "5476600000", "costOfRevenue": "2535100000", "costofGoodsAndServicesSold": "1175000000", "operatingIncome": "148300000", "sellingGeneralAndAdministrative": "1412300000", "researchAndDevelopment": "1380900000", "operatingExpenses": "2793200000", "investmentIncomeNet": "17300000", "netInterestIncome": "-107400000", "interestIncome": "17300000", "interestExpense": "107400000", "nonInterestIncome": "0", "otherNonOperatingIncome": "13000000", "depreciation": "None", "depreciationAndAmortization": "288000000", "incomeBeforeTax": "1405800000", "incomeTaxExpense": "151900000", "interestAndDebtExpense": "107400000", "netIncomeFromContinuingOperations": "1253900000", "comprehensiveIncomeNetOfTax": "1119900000", "ebit": "1513200000", "ebitda": "1801200000", "netIncome": "1253900000"}, {"fiscalDateEnding": "2019-06-30", "reportedCurrency": "USD", "grossProfit": "2975300000", "totalRevenue": "5636700000", "costOfRevenue": "2661400000", "costofGoodsAndServicesSold": "1124900000", "operatingIncome": "-13200000", "sellingGeneralAndAdministrative": "1586300000", "researchAndDevelopment": "1402200000", "operatingExpenses": "2988500000", "investmentIncomeNet": "19400000", "netInterestIncome": "-110900000", "interestIncome": "19400000", "interestExpense": "110900000", "nonInterestIncome": "0", "otherNonOperatingIncome": "9300000", "depreciation": "None", "depreciationAndAmortization": "247400000", "incomeBeforeTax": "1465900000", "incomeTaxExpense": "138700000", "interestAndDebtExpense": "110900000", "netIncomeFromContinuingOperations": "1327200000", "comprehensiveIncomeNetOfTax": "1414200000", "ebit": "1576800000", "ebitda": "1824200000", "netIncome": "1327200000"}, {"fiscalDateEnding": "2019-03-31", "reportedCurrency": "USD", "grossProfit": "2068400000", "totalRevenue": "5092200000", "costOfRevenue": "3023800000", "costofGoodsAndServicesSold": "1138700000", "operatingIncome": "-1103100000", "sellingGeneralAndAdministrative": "1517100000", "researchAndDevelopment": "1230500000", "operatingExpenses": "2747600000", "investmentIncomeNet": "30600000", "netInterestIncome": "-86500000", "interestIncome": "-104800000", "interestExpense": "86500000", "nonInterestIncome": "3680500000", "otherNonOperatingIncome": "86000000", "depreciation": "None", "depreciationAndAmortization": "356500000", "incomeBeforeTax": "4411600000", "incomeTaxExpense": "170000000", "interestAndDebtExpense": "86500000", "netIncomeFromContinuingOperations": "561100000", "comprehensiveIncomeNetOfTax": "4294300000", "ebit": "4498100000", "ebitda": "4854600000", "netIncome": "4241600000"}, {"fiscalDateEnding": "2018-12-31", "reportedCurrency": "USD", "grossProfit": "4598900000", "totalRevenue": "5637600000", "costOfRevenue": "1839700000", "costofGoodsAndServicesSold": "1129900000", "operatingIncome": "1283600000", "sellingGeneralAndAdministrative": "1693600000", "researchAndDevelopment": "1391800000", "operatingExpenses": "3085500000", "investmentIncomeNet": "42500000", "netInterestIncome": "-78200000", "interestIncome": "-21000000", "interestExpense": "57200000", "nonInterestIncome": "242100000", "otherNonOperatingIncome": "-19100000", "depreciation": "None", "depreciationAndAmortization": "345500000", "incomeBeforeTax": "935200000", "incomeTaxExpense": "-189800000", "interestAndDebtExpense": "-163900000", "netIncomeFromContinuingOperations": "1125100000", "comprehensiveIncomeNetOfTax": "1125100000", "ebit": "992400000", "ebitda": "1362600000", "netIncome": "1125000000"}, {"fiscalDateEnding": "2018-09-30", "reportedCurrency": "USD", "grossProfit": "2862600000", "totalRevenue": "5306900000", "costOfRevenue": "3199300000", "costofGoodsAndServicesSold": "1152900000", "operatingIncome": "-180600000", "sellingGeneralAndAdministrative": "1457200000", "researchAndDevelopment": "1280900000", "operatingExpenses": "2738100000", "investmentIncomeNet": "32100000", "netInterestIncome": "-69400000", "interestIncome": "-8600000", "interestExpense": "60800000", "nonInterestIncome": "0", "otherNonOperatingIncome": "-35700000", "depreciation": "None", "depreciationAndAmortization": "415500000", "incomeBeforeTax": "1397000000", "incomeTaxExpense": "247500000", "interestAndDebtExpense": "69400000", "netIncomeFromContinuingOperations": "1149500000", "comprehensiveIncomeNetOfTax": "1809700000", "ebit": "1457800000", "ebitda": "1895900000", "netIncome": "1149500000"}, {"fiscalDateEnding": "2018-06-30", "reportedCurrency": "USD", "grossProfit": "2979300000", "totalRevenue": "5585000000", "costOfRevenue": "3375900000", "costofGoodsAndServicesSold": "1234300000", "operatingIncome": "-81900000", "sellingGeneralAndAdministrative": "1485600000", "researchAndDevelopment": "1271000000", "operatingExpenses": "2756600000", "investmentIncomeNet": "41200000", "netInterestIncome": "-63300000", "interestIncome": "None", "interestExpense": "63300000", "nonInterestIncome": "0", "otherNonOperatingIncome": "13900000", "depreciation": "None", "depreciationAndAmortization": "425200000", "incomeBeforeTax": "13400000", "incomeTaxExpense": "273300000", "interestAndDebtExpense": "63300000", "netIncomeFromContinuingOperations": "-259900000", "comprehensiveIncomeNetOfTax": "-931100000", "ebit": "76700000", "ebitda": "493300000", "netIncome": "-259900000"}, {"fiscalDateEnding": "2018-03-31", "reportedCurrency": "USD", "grossProfit": "2550400000", "totalRevenue": "4963800000", "costOfRevenue": "3149600000", "costofGoodsAndServicesSold": "1164600000", "operatingIncome": "-204800000", "sellingGeneralAndAdministrative": "1338700000", "researchAndDevelopment": "1107500000", "operatingExpenses": "2446200000", "investmentIncomeNet": "45500000", "netInterestIncome": "-61200000", "interestIncome": "None", "interestExpense": "61200000", "nonInterestIncome": "0", "otherNonOperatingIncome": "29200000", "depreciation": "None", "depreciationAndAmortization": "422800000", "incomeBeforeTax": "1415900000", "incomeTaxExpense": "198500000", "interestAndDebtExpense": "61200000", "netIncomeFromContinuingOperations": "1217400000", "comprehensiveIncomeNetOfTax": "1603700000", "ebit": "1477100000", "ebitda": "1925000000", "netIncome": "1217400000"}, {"fiscalDateEnding": "2017-12-31", "reportedCurrency": "USD", "grossProfit": "3532700000", "totalRevenue": "6160700000", "costOfRevenue": "2628000000", "costofGoodsAndServicesSold": "1644900000", "operatingIncome": "279000000", "sellingGeneralAndAdministrative": "1105800000", "researchAndDevelopment": "1225800000", "operatingExpenses": "3290400000", "investmentIncomeNet": "52700000", "netInterestIncome": "-62900000", "interestIncome": "None", "interestExpense": "62900000", "nonInterestIncome": "None", "otherNonOperatingIncome": "66300000", "depreciation": "None", "depreciationAndAmortization": "411900000", "incomeBeforeTax": "284100000", "incomeTaxExpense": "1941000000", "interestAndDebtExpense": "62900000", "netIncomeFromContinuingOperations": "-1656900000", "comprehensiveIncomeNetOfTax": "-1656900000", "ebit": "347000000", "ebitda": "758900000", "netIncome": "-1656900000"}, {"fiscalDateEnding": "2017-09-30", "reportedCurrency": "USD", "grossProfit": "2129900000", "totalRevenue": "5658000000", "costOfRevenue": "3528100000", "costofGoodsAndServicesSold": "1586300000", "operatingIncome": "-1151500000", "sellingGeneralAndAdministrative": "1578500000", "researchAndDevelopment": "1340000000", "operatingExpenses": "2918500000", "investmentIncomeNet": "45100000", "netInterestIncome": "-61900000", "interestIncome": "None", "interestExpense": "61900000", "nonInterestIncome": "None", "otherNonOperatingIncome": "2900000", "depreciation": "None", "depreciationAndAmortization": "372900000", "incomeBeforeTax": "591600000", "incomeTaxExpense": "36000000", "interestAndDebtExpense": "61900000", "netIncomeFromContinuingOperations": "555600000", "comprehensiveIncomeNetOfTax": "723300000", "ebit": "653500000", "ebitda": "1026400000", "netIncome": "555600000"}, {"fiscalDateEnding": "2017-06-30", "reportedCurrency": "USD", "grossProfit": "2515300000", "totalRevenue": "5824300000", "costOfRevenue": "3309000000", "costofGoodsAndServicesSold": "1571700000", "operatingIncome": "-493000000", "sellingGeneralAndAdministrative": "1730400000", "researchAndDevelopment": "1272100000", "operatingExpenses": "3002500000", "investmentIncomeNet": "36900000", "netInterestIncome": "-53600000", "interestIncome": "None", "interestExpense": "53600000", "nonInterestIncome": "None", "otherNonOperatingIncome": "12800000", "depreciation": "None", "depreciationAndAmortization": "395600000", "incomeBeforeTax": "1260500000", "incomeTaxExpense": "252500000", "interestAndDebtExpense": "53600000", "netIncomeFromContinuingOperations": "1008000000", "comprehensiveIncomeNetOfTax": "1292800000", "ebit": "1314100000", "ebitda": "1709700000", "netIncome": "1008000000"}, {"fiscalDateEnding": "2017-03-31", "reportedCurrency": "USD", "grossProfit": "2142000000", "totalRevenue": "5228300000", "costOfRevenue": "3086300000", "costofGoodsAndServicesSold": "1347900000", "operatingIncome": "-854900000", "sellingGeneralAndAdministrative": "1567700000", "researchAndDevelopment": "1258300000", "operatingExpenses": "2826000000", "investmentIncomeNet": "32600000", "netInterestIncome": "-46600000", "interestIncome": "None", "interestExpense": "46600000", "nonInterestIncome": "None", "otherNonOperatingIncome": "29100000", "depreciation": "None", "depreciationAndAmortization": "386900000", "incomeBeforeTax": "61200000", "incomeTaxExpense": "172000000", "interestAndDebtExpense": "46600000", "netIncomeFromContinuingOperations": "-110800000", "comprehensiveIncomeNetOfTax": "87900000", "ebit": "107800000", "ebitda": "494700000", "netIncome": "-110800000"}, {"fiscalDateEnding": "2016-12-31", "reportedCurrency": "USD", "grossProfit": "4146900000", "totalRevenue": "5760500000", "costOfRevenue": "1613600000", "costofGoodsAndServicesSold": "1521200000", "operatingIncome": "906200000", "sellingGeneralAndAdministrative": "1866100000", "researchAndDevelopment": "1517000000", "operatingExpenses": "3240700000", "investmentIncomeNet": "31900000", "netInterestIncome": "-51400000", "interestIncome": "None", "interestExpense": "51400000", "nonInterestIncome": "0", "otherNonOperatingIncome": "35300000", "depreciation": "None", "depreciationAndAmortization": "344600000", "incomeBeforeTax": "892000000", "incomeTaxExpense": "120200000", "interestAndDebtExpense": "51400000", "netIncomeFromContinuingOperations": "892000000", "comprehensiveIncomeNetOfTax": "-196300000", "ebit": "943400000", "ebitda": "1288000000", "netIncome": "771800000"}]}