{"symbol": "LMT", "annualReports": [{"fiscalDateEnding": "2020-12-31", "reportedCurrency": "USD", "grossProfit": "8654000000", "totalRevenue": "65398000000", "costOfRevenue": "56744000000", "costofGoodsAndServicesSold": "56744000000", "operatingIncome": "8644000000", "sellingGeneralAndAdministrative": "223000000", "researchAndDevelopment": "1300000000", "operatingExpenses": "3023000000", "investmentIncomeNet": "None", "netInterestIncome": "-591000000", "interestIncome": "-591000000", "interestExpense": "591000000", "nonInterestIncome": "-55000000", "otherNonOperatingIncome": "182000000", "depreciation": "853000000", "depreciationAndAmortization": "1290000000", "incomeBeforeTax": "8180000000", "incomeTaxExpense": "1347000000", "interestAndDebtExpense": "591000000", "netIncomeFromContinuingOperations": "6888000000", "comprehensiveIncomeNetOfTax": "6266000000", "ebit": "8771000000", "ebitda": "10061000000", "netIncome": "6833000000"}, {"fiscalDateEnding": "2019-12-31", "reportedCurrency": "USD", "grossProfit": "8367000000", "totalRevenue": "59812000000", "costOfRevenue": "51445000000", "costofGoodsAndServicesSold": "51445000000", "operatingIncome": "8545000000", "sellingGeneralAndAdministrative": "239000000", "researchAndDevelopment": "1300000000", "operatingExpenses": "2728000000", "investmentIncomeNet": "None", "netInterestIncome": "-653000000", "interestIncome": "-653000000", "interestExpense": "653000000", "nonInterestIncome": "59812000000", "otherNonOperatingIncome": "-651000000", "depreciation": "794000000", "depreciationAndAmortization": "1189000000", "incomeBeforeTax": "7241000000", "incomeTaxExpense": "1011000000", "interestAndDebtExpense": "653000000", "netIncomeFromContinuingOperations": "6230000000", "comprehensiveIncomeNetOfTax": "4997000000", "ebit": "7894000000", "ebitda": "9083000000", "netIncome": "6230000000"}, {"fiscalDateEnding": "2018-12-31", "reportedCurrency": "USD", "grossProfit": "7274000000", "totalRevenue": "53762000000", "costOfRevenue": "46488000000", "costofGoodsAndServicesSold": "46488000000", "operatingIncome": "7334000000", "sellingGeneralAndAdministrative": "247000000", "researchAndDevelopment": "1300000000", "operatingExpenses": "2708000000", "investmentIncomeNet": "None", "netInterestIncome": "-668000000", "interestIncome": "-668000000", "interestExpense": "668000000", "nonInterestIncome": "0", "otherNonOperatingIncome": "-828000000", "depreciation": "759000000", "depreciationAndAmortization": "1161000000", "incomeBeforeTax": "5838000000", "incomeTaxExpense": "792000000", "interestAndDebtExpense": "668000000", "netIncomeFromContinuingOperations": "5046000000", "comprehensiveIncomeNetOfTax": "5672000000", "ebit": "6506000000", "ebitda": "7667000000", "netIncome": "5046000000"}, {"fiscalDateEnding": "2017-12-31", "reportedCurrency": "USD", "grossProfit": "6371000000", "totalRevenue": "49960000000", "costOfRevenue": "43589000000", "costofGoodsAndServicesSold": "43589000000", "operatingIncome": "6744000000", "sellingGeneralAndAdministrative": "169000000", "researchAndDevelopment": "1200000000", "operatingExpenses": "1364000000", "investmentIncomeNet": "None", "netInterestIncome": "-651000000", "interestIncome": "-651000000", "interestExpense": "651000000", "nonInterestIncome": "73000000", "otherNonOperatingIncome": "-847000000", "depreciation": "760000000", "depreciationAndAmortization": "1195000000", "incomeBeforeTax": "5319000000", "incomeTaxExpense": "3356000000", "interestAndDebtExpense": "651000000", "netIncomeFromContinuingOperations": "1890000000", "comprehensiveIncomeNetOfTax": "1526000000", "ebit": "5970000000", "ebitda": "7165000000", "netIncome": "1963000000"}, {"fiscalDateEnding": "2016-12-31", "reportedCurrency": "USD", "grossProfit": "5401000000", "totalRevenue": "47290000000", "costOfRevenue": "41889000000", "costofGoodsAndServicesSold": "41889000000", "operatingIncome": "5888000000", "sellingGeneralAndAdministrative": "968000000", "researchAndDevelopment": "988000000", "operatingExpenses": "1961000000", "investmentIncomeNet": "None", "netInterestIncome": "-663000000", "interestIncome": "-663000000", "interestExpense": "663000000", "nonInterestIncome": "1242000000", "otherNonOperatingIncome": "-471000000", "depreciation": "747000000", "depreciationAndAmortization": "1167000000", "incomeBeforeTax": "6266000000", "incomeTaxExpense": "1093000000", "interestAndDebtExpense": "663000000", "netIncomeFromContinuingOperations": "3661000000", "comprehensiveIncomeNetOfTax": "4515000000", "ebit": "6929000000", "ebitda": "8096000000", "netIncome": "5173000000"}], "quarterlyReports": [{"fiscalDateEnding": "2021-09-30", "reportedCurrency": "USD", "grossProfit": "2302000000", "totalRevenue": "16028000000", "costOfRevenue": "13726000000", "costofGoodsAndServicesSold": "13726000000", "operatingIncome": "2294000000", "sellingGeneralAndAdministrative": "None", "researchAndDevelopment": "None", "operatingExpenses": "8000000", "investmentIncomeNet": "None", "netInterestIncome": "-141000000", "interestIncome": "-141000000", "interestExpense": "141000000", "nonInterestIncome": "98000000", "otherNonOperatingIncome": "98000000", "depreciation": "None", "depreciationAndAmortization": "329000000", "incomeBeforeTax": "679000000", "incomeTaxExpense": "65000000", "interestAndDebtExpense": "141000000", "netIncomeFromContinuingOperations": "614000000", "comprehensiveIncomeNetOfTax": "4234000000", "ebit": "820000000", "ebitda": "1149000000", "netIncome": "614000000"}, {"fiscalDateEnding": "2021-06-30", "reportedCurrency": "USD", "grossProfit": "2151000000", "totalRevenue": "17029000000", "costOfRevenue": "14878000000", "costofGoodsAndServicesSold": "14878000000", "operatingIncome": "2192000000", "sellingGeneralAndAdministrative": "None", "researchAndDevelopment": "None", "operatingExpenses": "-41000000", "investmentIncomeNet": "None", "netInterestIncome": "-142000000", "interestIncome": "-142000000", "interestExpense": "142000000", "nonInterestIncome": "14000000", "otherNonOperatingIncome": "120000000", "depreciation": "None", "depreciationAndAmortization": "334000000", "incomeBeforeTax": "2170000000", "incomeTaxExpense": "355000000", "interestAndDebtExpense": "142000000", "netIncomeFromContinuingOperations": "1815000000", "comprehensiveIncomeNetOfTax": "1986000000", "ebit": "2312000000", "ebitda": "2646000000", "netIncome": "1815000000"}, {"fiscalDateEnding": "2021-03-31", "reportedCurrency": "USD", "grossProfit": "2186000000", "totalRevenue": "16258000000", "costOfRevenue": "14072000000", "costofGoodsAndServicesSold": "14072000000", "operatingIncome": "2182000000", "sellingGeneralAndAdministrative": "None", "researchAndDevelopment": "None", "operatingExpenses": "4000000", "investmentIncomeNet": "None", "netInterestIncome": "-140000000", "interestIncome": "-140000000", "interestExpense": "140000000", "nonInterestIncome": "None", "otherNonOperatingIncome": "169000000", "depreciation": "None", "depreciationAndAmortization": "336000000", "incomeBeforeTax": "2211000000", "incomeTaxExpense": "374000000", "interestAndDebtExpense": "140000000", "netIncomeFromContinuingOperations": "1837000000", "comprehensiveIncomeNetOfTax": "1950000000", "ebit": "2351000000", "ebitda": "2687000000", "netIncome": "1837000000"}, {"fiscalDateEnding": "2020-12-31", "reportedCurrency": "USD", "grossProfit": "2214000000", "totalRevenue": "17032000000", "costOfRevenue": "14818000000", "costofGoodsAndServicesSold": "14818000000", "operatingIncome": "2289000000", "sellingGeneralAndAdministrative": "None", "researchAndDevelopment": "None", "operatingExpenses": "27000000", "investmentIncomeNet": "None", "netInterestIncome": "-149000000", "interestIncome": "-149000000", "interestExpense": "149000000", "nonInterestIncome": "0", "otherNonOperatingIncome": "47000000", "depreciation": "None", "depreciationAndAmortization": "363000000", "incomeBeforeTax": "2187000000", "incomeTaxExpense": "395000000", "interestAndDebtExpense": "149000000", "netIncomeFromContinuingOperations": "1792000000", "comprehensiveIncomeNetOfTax": "930000000", "ebit": "2336000000", "ebitda": "2699000000", "netIncome": "1792000000"}, {"fiscalDateEnding": "2020-09-30", "reportedCurrency": "USD", "grossProfit": "2136000000", "totalRevenue": "16495000000", "costOfRevenue": "14359000000", "costofGoodsAndServicesSold": "14359000000", "operatingIncome": "2147000000", "sellingGeneralAndAdministrative": "None", "researchAndDevelopment": "None", "operatingExpenses": "55000000", "investmentIncomeNet": "None", "netInterestIncome": "-145000000", "interestIncome": "-145000000", "interestExpense": "145000000", "nonInterestIncome": "None", "otherNonOperatingIncome": "0", "depreciation": "None", "depreciationAndAmortization": "319000000", "incomeBeforeTax": "2001000000", "incomeTaxExpense": "303000000", "interestAndDebtExpense": "145000000", "netIncomeFromContinuingOperations": "1753000000", "comprehensiveIncomeNetOfTax": "1842000000", "ebit": "2146000000", "ebitda": "2465000000", "netIncome": "1698000000"}, {"fiscalDateEnding": "2020-06-30", "reportedCurrency": "USD", "grossProfit": "2213000000", "totalRevenue": "16220000000", "costOfRevenue": "14007000000", "costofGoodsAndServicesSold": "14007000000", "operatingIncome": "2086000000", "sellingGeneralAndAdministrative": "None", "researchAndDevelopment": "None", "operatingExpenses": "128000000", "investmentIncomeNet": "None", "netInterestIncome": "-149000000", "interestIncome": "-149000000", "interestExpense": "149000000", "nonInterestIncome": "None", "otherNonOperatingIncome": "25000000", "depreciation": "None", "depreciationAndAmortization": "307000000", "incomeBeforeTax": "1962000000", "incomeTaxExpense": "336000000", "interestAndDebtExpense": "149000000", "netIncomeFromContinuingOperations": "1626000000", "comprehensiveIncomeNetOfTax": "1764000000", "ebit": "2111000000", "ebitda": "2418000000", "netIncome": "1626000000"}, {"fiscalDateEnding": "2020-03-31", "reportedCurrency": "USD", "grossProfit": "2091000000", "totalRevenue": "15651000000", "costOfRevenue": "13560000000", "costofGoodsAndServicesSold": "13560000000", "operatingIncome": "2122000000", "sellingGeneralAndAdministrative": "None", "researchAndDevelopment": "None", "operatingExpenses": "13529000000", "investmentIncomeNet": "None", "netInterestIncome": "-148000000", "interestIncome": "-148000000", "interestExpense": "148000000", "nonInterestIncome": "None", "otherNonOperatingIncome": "56000000", "depreciation": "None", "depreciationAndAmortization": "301000000", "incomeBeforeTax": "2030000000", "incomeTaxExpense": "313000000", "interestAndDebtExpense": "148000000", "netIncomeFromContinuingOperations": "1717000000", "comprehensiveIncomeNetOfTax": "1730000000", "ebit": "2178000000", "ebitda": "2479000000", "netIncome": "1717000000"}, {"fiscalDateEnding": "2019-12-31", "reportedCurrency": "USD", "grossProfit": "2123000000", "totalRevenue": "15878000000", "costOfRevenue": "13755000000", "costofGoodsAndServicesSold": "13755000000", "operatingIncome": "2149000000", "sellingGeneralAndAdministrative": "152000000", "researchAndDevelopment": "None", "operatingExpenses": "13729000000", "investmentIncomeNet": "None", "netInterestIncome": "-157000000", "interestIncome": "-157000000", "interestExpense": "157000000", "nonInterestIncome": "59812000000", "otherNonOperatingIncome": "-160000000", "depreciation": "None", "depreciationAndAmortization": "322000000", "incomeBeforeTax": "1832000000", "incomeTaxExpense": "334000000", "interestAndDebtExpense": "157000000", "netIncomeFromContinuingOperations": "1498000000", "comprehensiveIncomeNetOfTax": "-403000000", "ebit": "1989000000", "ebitda": "2311000000", "netIncome": "1498000000"}, {"fiscalDateEnding": "2019-09-30", "reportedCurrency": "USD", "grossProfit": "2063000000", "totalRevenue": "15171000000", "costOfRevenue": "13108000000", "costofGoodsAndServicesSold": "13108000000", "operatingIncome": "2105000000", "sellingGeneralAndAdministrative": "153000000", "researchAndDevelopment": "None", "operatingExpenses": "13066000000", "investmentIncomeNet": "None", "netInterestIncome": "-162000000", "interestIncome": "-162000000", "interestExpense": "162000000", "nonInterestIncome": "None", "otherNonOperatingIncome": "-162000000", "depreciation": "None", "depreciationAndAmortization": "302000000", "incomeBeforeTax": "1781000000", "incomeTaxExpense": "173000000", "interestAndDebtExpense": "162000000", "netIncomeFromContinuingOperations": "1608000000", "comprehensiveIncomeNetOfTax": "1794000000", "ebit": "1943000000", "ebitda": "2245000000", "netIncome": "1608000000"}, {"fiscalDateEnding": "2019-06-30", "reportedCurrency": "USD", "grossProfit": "1993000000", "totalRevenue": "14427000000", "costOfRevenue": "12434000000", "costofGoodsAndServicesSold": "12434000000", "operatingIncome": "2008000000", "sellingGeneralAndAdministrative": "152000000", "researchAndDevelopment": "None", "operatingExpenses": "12419000000", "investmentIncomeNet": "None", "netInterestIncome": "-163000000", "interestIncome": "-163000000", "interestExpense": "163000000", "nonInterestIncome": "None", "otherNonOperatingIncome": "-162000000", "depreciation": "None", "depreciationAndAmortization": "288000000", "incomeBeforeTax": "1683000000", "incomeTaxExpense": "263000000", "interestAndDebtExpense": "163000000", "netIncomeFromContinuingOperations": "1420000000", "comprehensiveIncomeNetOfTax": "1675000000", "ebit": "1846000000", "ebitda": "2134000000", "netIncome": "1420000000"}, {"fiscalDateEnding": "2019-03-31", "reportedCurrency": "USD", "grossProfit": "2188000000", "totalRevenue": "14336000000", "costOfRevenue": "12148000000", "costofGoodsAndServicesSold": "12148000000", "operatingIncome": "2283000000", "sellingGeneralAndAdministrative": "151000000", "researchAndDevelopment": "None", "operatingExpenses": "12053000000", "investmentIncomeNet": "None", "netInterestIncome": "-171000000", "interestIncome": "None", "interestExpense": "171000000", "nonInterestIncome": "None", "otherNonOperatingIncome": "-167000000", "depreciation": "None", "depreciationAndAmortization": "277000000", "incomeBeforeTax": "1945000000", "incomeTaxExpense": "241000000", "interestAndDebtExpense": "171000000", "netIncomeFromContinuingOperations": "1704000000", "comprehensiveIncomeNetOfTax": "1931000000", "ebit": "2116000000", "ebitda": "2393000000", "netIncome": "1704000000"}, {"fiscalDateEnding": "2018-12-31", "reportedCurrency": "USD", "grossProfit": "1942000000", "totalRevenue": "14411000000", "costOfRevenue": "12469000000", "costofGoodsAndServicesSold": "12469000000", "operatingIncome": "1851000000", "sellingGeneralAndAdministrative": "18000000", "researchAndDevelopment": "1300000000", "operatingExpenses": "2612000000", "investmentIncomeNet": "None", "netInterestIncome": "-171000000", "interestIncome": "None", "interestExpense": "171000000", "nonInterestIncome": "None", "otherNonOperatingIncome": "-197000000", "depreciation": "None", "depreciationAndAmortization": "304000000", "incomeBeforeTax": "1483000000", "incomeTaxExpense": "230000000", "interestAndDebtExpense": "171000000", "netIncomeFromContinuingOperations": "1253000000", "comprehensiveIncomeNetOfTax": "1009000000", "ebit": "1654000000", "ebitda": "1958000000", "netIncome": "1253000000"}, {"fiscalDateEnding": "2018-09-30", "reportedCurrency": "USD", "grossProfit": "1921000000", "totalRevenue": "14318000000", "costOfRevenue": "12397000000", "costofGoodsAndServicesSold": "12397000000", "operatingIncome": "1963000000", "sellingGeneralAndAdministrative": "16000000", "researchAndDevelopment": "None", "operatingExpenses": "0", "investmentIncomeNet": "None", "netInterestIncome": "-177000000", "interestIncome": "None", "interestExpense": "177000000", "nonInterestIncome": "None", "otherNonOperatingIncome": "-211000000", "depreciation": "None", "depreciationAndAmortization": "291000000", "incomeBeforeTax": "1575000000", "incomeTaxExpense": "102000000", "interestAndDebtExpense": "177000000", "netIncomeFromContinuingOperations": "1473000000", "comprehensiveIncomeNetOfTax": "1791000000", "ebit": "1752000000", "ebitda": "2043000000", "netIncome": "1473000000"}, {"fiscalDateEnding": "2018-06-30", "reportedCurrency": "USD", "grossProfit": "1753000000", "totalRevenue": "13398000000", "costOfRevenue": "11645000000", "costofGoodsAndServicesSold": "11645000000", "operatingIncome": "1795000000", "sellingGeneralAndAdministrative": "15000000", "researchAndDevelopment": "None", "operatingExpenses": "96000000", "investmentIncomeNet": "None", "netInterestIncome": "-165000000", "interestIncome": "None", "interestExpense": "165000000", "nonInterestIncome": "None", "otherNonOperatingIncome": "-210000000", "depreciation": "None", "depreciationAndAmortization": "287000000", "incomeBeforeTax": "1420000000", "incomeTaxExpense": "257000000", "interestAndDebtExpense": "165000000", "netIncomeFromContinuingOperations": "1163000000", "comprehensiveIncomeNetOfTax": "1357000000", "ebit": "1585000000", "ebitda": "1872000000", "netIncome": "1163000000"}, {"fiscalDateEnding": "2018-03-31", "reportedCurrency": "USD", "grossProfit": "1658000000", "totalRevenue": "11635000000", "costOfRevenue": "9977000000", "costofGoodsAndServicesSold": "9977000000", "operatingIncome": "1725000000", "sellingGeneralAndAdministrative": "15000000", "researchAndDevelopment": "None", "operatingExpenses": "9910000000", "investmentIncomeNet": "None", "netInterestIncome": "-155000000", "interestIncome": "None", "interestExpense": "155000000", "nonInterestIncome": "None", "otherNonOperatingIncome": "-210000000", "depreciation": "None", "depreciationAndAmortization": "279000000", "incomeBeforeTax": "1360000000", "incomeTaxExpense": "203000000", "interestAndDebtExpense": "155000000", "netIncomeFromContinuingOperations": "1157000000", "comprehensiveIncomeNetOfTax": "1515000000", "ebit": "1515000000", "ebitda": "1794000000", "netIncome": "1157000000"}, {"fiscalDateEnding": "2017-12-31", "reportedCurrency": "USD", "grossProfit": "1709000000", "totalRevenue": "13844000000", "costOfRevenue": "12135000000", "costofGoodsAndServicesSold": "12135000000", "operatingIncome": "1949000000", "sellingGeneralAndAdministrative": "109000000", "researchAndDevelopment": "1200000000", "operatingExpenses": "1300000000", "investmentIncomeNet": "None", "netInterestIncome": "-174000000", "interestIncome": "None", "interestExpense": "174000000", "nonInterestIncome": "73000000", "otherNonOperatingIncome": "-203000000", "depreciation": "None", "depreciationAndAmortization": "315000000", "incomeBeforeTax": "1645000000", "incomeTaxExpense": "2389000000", "interestAndDebtExpense": "174000000", "netIncomeFromContinuingOperations": "-817000000", "comprehensiveIncomeNetOfTax": "-1923000000", "ebit": "1819000000", "ebitda": "2254000000", "netIncome": "-744000000"}, {"fiscalDateEnding": "2017-09-30", "reportedCurrency": "USD", "grossProfit": "1600000000", "totalRevenue": "12341000000", "costOfRevenue": "10741000000", "costofGoodsAndServicesSold": "10741000000", "operatingIncome": "1677000000", "sellingGeneralAndAdministrative": "None", "researchAndDevelopment": "None", "operatingExpenses": "10664000000", "investmentIncomeNet": "None", "netInterestIncome": "-162000000", "interestIncome": "None", "interestExpense": "162000000", "nonInterestIncome": "None", "otherNonOperatingIncome": "-218000000", "depreciation": "None", "depreciationAndAmortization": "299000000", "incomeBeforeTax": "1297000000", "incomeTaxExpense": "334000000", "interestAndDebtExpense": "162000000", "netIncomeFromContinuingOperations": "963000000", "comprehensiveIncomeNetOfTax": "1200000000", "ebit": "1459000000", "ebitda": "1758000000", "netIncome": "963000000"}, {"fiscalDateEnding": "2017-06-30", "reportedCurrency": "USD", "grossProfit": "1656000000", "totalRevenue": "12563000000", "costOfRevenue": "10907000000", "costofGoodsAndServicesSold": "10907000000", "operatingIncome": "1716000000", "sellingGeneralAndAdministrative": "57000000", "researchAndDevelopment": "None", "operatingExpenses": "10847000000", "investmentIncomeNet": "None", "netInterestIncome": "-160000000", "interestIncome": "None", "interestExpense": "160000000", "nonInterestIncome": "None", "otherNonOperatingIncome": "-214000000", "depreciation": "None", "depreciationAndAmortization": "296000000", "incomeBeforeTax": "1342000000", "incomeTaxExpense": "387000000", "interestAndDebtExpense": "160000000", "netIncomeFromContinuingOperations": "955000000", "comprehensiveIncomeNetOfTax": "1210000000", "ebit": "1502000000", "ebitda": "1798000000", "netIncome": "955000000"}, {"fiscalDateEnding": "2017-03-31", "reportedCurrency": "USD", "grossProfit": "1406000000", "totalRevenue": "11212000000", "costOfRevenue": "9806000000", "costofGoodsAndServicesSold": "9806000000", "operatingIncome": "1402000000", "sellingGeneralAndAdministrative": "44000000", "researchAndDevelopment": "None", "operatingExpenses": "4000000", "investmentIncomeNet": "None", "netInterestIncome": "-155000000", "interestIncome": "None", "interestExpense": "155000000", "nonInterestIncome": "None", "otherNonOperatingIncome": "-212000000", "depreciation": "None", "depreciationAndAmortization": "285000000", "incomeBeforeTax": "1035000000", "incomeTaxExpense": "246000000", "interestAndDebtExpense": "155000000", "netIncomeFromContinuingOperations": "789000000", "comprehensiveIncomeNetOfTax": "999000000", "ebit": "1190000000", "ebitda": "1475000000", "netIncome": "789000000"}, {"fiscalDateEnding": "2016-12-31", "reportedCurrency": "USD", "grossProfit": "1692000000", "totalRevenue": "13052000000", "costOfRevenue": "13522000000", "costofGoodsAndServicesSold": "12102000000", "operatingIncome": "1428000000", "sellingGeneralAndAdministrative": "844000000", "researchAndDevelopment": "988000000", "operatingExpenses": "2103000000", "investmentIncomeNet": "None", "netInterestIncome": "-171000000", "interestIncome": "None", "interestExpense": "171000000", "nonInterestIncome": "8000000", "otherNonOperatingIncome": "-473000000", "depreciation": "None", "depreciationAndAmortization": "279000000", "incomeBeforeTax": "1244000000", "incomeTaxExpense": "256000000", "interestAndDebtExpense": "171000000", "netIncomeFromContinuingOperations": "959000000", "comprehensiveIncomeNetOfTax": "-252000000", "ebit": "1415000000", "ebitda": "1694000000", "netIncome": "988000000"}]}