{"symbol": "LNT", "annualReports": [{"fiscalDateEnding": "2020-12-31", "reportedCurrency": "USD", "grossProfit": "2221000000", "totalRevenue": "3416000000", "costOfRevenue": "1195000000", "costofGoodsAndServicesSold": "449000000", "operatingIncome": "740000000", "sellingGeneralAndAdministrative": "124000000", "researchAndDevelopment": "None", "operatingExpenses": "1416000000", "investmentIncomeNet": "None", "netInterestIncome": "-275000000", "interestIncome": "None", "interestExpense": "275000000", "nonInterestIncome": "3416000000", "otherNonOperatingIncome": "-14000000", "depreciation": "None", "depreciationAndAmortization": "615000000", "incomeBeforeTax": "567000000", "incomeTaxExpense": "-57000000", "interestAndDebtExpense": "275000000", "netIncomeFromContinuingOperations": "624000000", "comprehensiveIncomeNetOfTax": "622000000", "ebit": "842000000", "ebitda": "1457000000", "netIncome": "624000000"}, {"fiscalDateEnding": "2019-12-31", "reportedCurrency": "USD", "grossProfit": "2455400000", "totalRevenue": "3648000000", "costOfRevenue": "1192300000", "costofGoodsAndServicesSold": "481000000", "operatingIncome": "778000000", "sellingGeneralAndAdministrative": "136800000", "researchAndDevelopment": "None", "operatingExpenses": "1423100000", "investmentIncomeNet": "None", "netInterestIncome": "-272900000", "interestIncome": "100000", "interestExpense": "273000000", "nonInterestIncome": "3647700000", "otherNonOperatingIncome": "-15000000", "depreciation": "None", "depreciationAndAmortization": "567000000", "incomeBeforeTax": "636000000", "incomeTaxExpense": "69000000", "interestAndDebtExpense": "272900000", "netIncomeFromContinuingOperations": "557200000", "comprehensiveIncomeNetOfTax": "567000000", "ebit": "909000000", "ebitda": "1476000000", "netIncome": "567000000"}, {"fiscalDateEnding": "2018-12-31", "reportedCurrency": "USD", "grossProfit": "1549300000", "totalRevenue": "3534000000", "costOfRevenue": "1985200000", "costofGoodsAndServicesSold": "496000000", "operatingIncome": "694000000", "sellingGeneralAndAdministrative": "121400000", "researchAndDevelopment": "None", "operatingExpenses": "1280300000", "investmentIncomeNet": "None", "netInterestIncome": "-247000000", "interestIncome": "-116800000", "interestExpense": "247000000", "nonInterestIncome": "3534500000", "otherNonOperatingIncome": "-8000000", "depreciation": "None", "depreciationAndAmortization": "507000000", "incomeBeforeTax": "570000000", "incomeTaxExpense": "48000000", "interestAndDebtExpense": "247000000", "netIncomeFromContinuingOperations": "512100000", "comprehensiveIncomeNetOfTax": "524500000", "ebit": "817000000", "ebitda": "1324000000", "netIncome": "522000000"}, {"fiscalDateEnding": "2017-12-31", "reportedCurrency": "USD", "grossProfit": "1469900000", "totalRevenue": "3382200000", "costOfRevenue": "1912300000", "costofGoodsAndServicesSold": "480900000", "operatingIncome": "671200000", "sellingGeneralAndAdministrative": "145500000", "researchAndDevelopment": "None", "operatingExpenses": "1264300000", "investmentIncomeNet": "None", "netInterestIncome": "-215600000", "interestIncome": "500000", "interestExpense": "215600000", "nonInterestIncome": "3382200000", "otherNonOperatingIncome": "-17300000", "depreciation": "None", "depreciationAndAmortization": "461800000", "incomeBeforeTax": "534200000", "incomeTaxExpense": "66700000", "interestAndDebtExpense": "215600000", "netIncomeFromContinuingOperations": "455900000", "comprehensiveIncomeNetOfTax": "467400000", "ebit": "749800000", "ebitda": "1211600000", "netIncome": "467500000"}, {"fiscalDateEnding": "2016-12-31", "reportedCurrency": "USD", "grossProfit": "1289800000", "totalRevenue": "3320000000", "costOfRevenue": "2030200000", "costofGoodsAndServicesSold": "1381900000", "operatingIncome": "554100000", "sellingGeneralAndAdministrative": "143900000", "researchAndDevelopment": "None", "operatingExpenses": "1254800000", "investmentIncomeNet": "None", "netInterestIncome": "-196200000", "interestIncome": "500000", "interestExpense": "196200000", "nonInterestIncome": "3320000000", "otherNonOperatingIncome": "-16600000", "depreciation": "None", "depreciationAndAmortization": "411600000", "incomeBeforeTax": "441100000", "incomeTaxExpense": "59400000", "interestAndDebtExpense": "196200000", "netIncomeFromContinuingOperations": "373800000", "comprehensiveIncomeNetOfTax": "381700000", "ebit": "637300000", "ebitda": "1048900000", "netIncome": "381700000"}], "quarterlyReports": [{"fiscalDateEnding": "2021-09-30", "reportedCurrency": "USD", "grossProfit": "613000000", "totalRevenue": "956000000", "costOfRevenue": "343000000", "costofGoodsAndServicesSold": "148000000", "operatingIncome": "289000000", "sellingGeneralAndAdministrative": "30000000", "researchAndDevelopment": "None", "operatingExpenses": "366000000", "investmentIncomeNet": "None", "netInterestIncome": "-68000000", "interestIncome": "None", "interestExpense": "68000000", "nonInterestIncome": "1024000000", "otherNonOperatingIncome": "-3000000", "depreciation": "None", "depreciationAndAmortization": "165000000", "incomeBeforeTax": "238000000", "incomeTaxExpense": "-21000000", "interestAndDebtExpense": "68000000", "netIncomeFromContinuingOperations": "259000000", "comprehensiveIncomeNetOfTax": "259000000", "ebit": "306000000", "ebitda": "471000000", "netIncome": "259000000"}, {"fiscalDateEnding": "2021-06-30", "reportedCurrency": "USD", "grossProfit": "434000000", "totalRevenue": "748000000", "costOfRevenue": "314000000", "costofGoodsAndServicesSold": "121000000", "operatingIncome": "176000000", "sellingGeneralAndAdministrative": "28000000", "researchAndDevelopment": "None", "operatingExpenses": "353000000", "investmentIncomeNet": "None", "netInterestIncome": "-69000000", "interestIncome": "None", "interestExpense": "69000000", "nonInterestIncome": "817000000", "otherNonOperatingIncome": "-2000000", "depreciation": "None", "depreciationAndAmortization": "165000000", "incomeBeforeTax": "129000000", "incomeTaxExpense": "-17000000", "interestAndDebtExpense": "69000000", "netIncomeFromContinuingOperations": "146000000", "comprehensiveIncomeNetOfTax": "146000000", "ebit": "198000000", "ebitda": "363000000", "netIncome": "146000000"}, {"fiscalDateEnding": "2021-03-31", "reportedCurrency": "USD", "grossProfit": "505000000", "totalRevenue": "832000000", "costOfRevenue": "327000000", "costofGoodsAndServicesSold": "134000000", "operatingIncome": "198000000", "sellingGeneralAndAdministrative": "29000000", "researchAndDevelopment": "None", "operatingExpenses": "339000000", "investmentIncomeNet": "None", "netInterestIncome": "-69000000", "interestIncome": "None", "interestExpense": "69000000", "nonInterestIncome": "901000000", "otherNonOperatingIncome": "-2000000", "depreciation": "None", "depreciationAndAmortization": "164000000", "incomeBeforeTax": "146000000", "incomeTaxExpense": "-28000000", "interestAndDebtExpense": "69000000", "netIncomeFromContinuingOperations": "174000000", "comprehensiveIncomeNetOfTax": "174000000", "ebit": "215000000", "ebitda": "379000000", "netIncome": "174000000"}, {"fiscalDateEnding": "2020-12-31", "reportedCurrency": "USD", "grossProfit": "706000000", "totalRevenue": "1024000000", "costOfRevenue": "318000000", "costofGoodsAndServicesSold": "123000000", "operatingIncome": "112000000", "sellingGeneralAndAdministrative": "32000000", "researchAndDevelopment": "None", "operatingExpenses": "400000000", "investmentIncomeNet": "None", "netInterestIncome": "-68000000", "interestIncome": "None", "interestExpense": "68000000", "nonInterestIncome": "817000000", "otherNonOperatingIncome": "-7000000", "depreciation": "None", "depreciationAndAmortization": "161000000", "incomeBeforeTax": "56000000", "incomeTaxExpense": "-10000000", "interestAndDebtExpense": "68000000", "netIncomeFromContinuingOperations": "66000000", "comprehensiveIncomeNetOfTax": "66000000", "ebit": "124000000", "ebitda": "285000000", "netIncome": "66000000"}, {"fiscalDateEnding": "2020-09-30", "reportedCurrency": "USD", "grossProfit": "532000000", "totalRevenue": "852000000", "costOfRevenue": "320000000", "costofGoodsAndServicesSold": "132000000", "operatingIncome": "272000000", "sellingGeneralAndAdministrative": "32000000", "researchAndDevelopment": "None", "operatingExpenses": "331000000", "investmentIncomeNet": "None", "netInterestIncome": "-68000000", "interestIncome": "None", "interestExpense": "68000000", "nonInterestIncome": "920000000", "otherNonOperatingIncome": "-3000000", "depreciation": "None", "depreciationAndAmortization": "156000000", "incomeBeforeTax": "229000000", "incomeTaxExpense": "-20000000", "interestAndDebtExpense": "68000000", "netIncomeFromContinuingOperations": "249000000", "comprehensiveIncomeNetOfTax": "249000000", "ebit": "297000000", "ebitda": "453000000", "netIncome": "249000000"}, {"fiscalDateEnding": "2020-06-30", "reportedCurrency": "USD", "grossProfit": "440000000", "totalRevenue": "693500000", "costOfRevenue": "253500000", "costofGoodsAndServicesSold": "72000000", "operatingIncome": "168000000", "sellingGeneralAndAdministrative": "29800000", "researchAndDevelopment": "None", "operatingExpenses": "341700000", "investmentIncomeNet": "None", "netInterestIncome": "-69600000", "interestIncome": "400000", "interestExpense": "70000000", "nonInterestIncome": "763100000", "otherNonOperatingIncome": "-3000000", "depreciation": "None", "depreciationAndAmortization": "152000000", "incomeBeforeTax": "128600000", "incomeTaxExpense": "-8000000", "interestAndDebtExpense": "69600000", "netIncomeFromContinuingOperations": "136900000", "comprehensiveIncomeNetOfTax": "134300000", "ebit": "198200000", "ebitda": "350300000", "netIncome": "136000000"}, {"fiscalDateEnding": "2020-03-31", "reportedCurrency": "USD", "grossProfit": "546300000", "totalRevenue": "846800000", "costOfRevenue": "300500000", "costofGoodsAndServicesSold": "122000000", "operatingIncome": "188000000", "sellingGeneralAndAdministrative": "30300000", "researchAndDevelopment": "None", "operatingExpenses": "340500000", "investmentIncomeNet": "None", "netInterestIncome": "-68900000", "interestIncome": "100000", "interestExpense": "69000000", "nonInterestIncome": "915700000", "otherNonOperatingIncome": "-1000000", "depreciation": "None", "depreciationAndAmortization": "146000000", "incomeBeforeTax": "154000000", "incomeTaxExpense": "-19000000", "interestAndDebtExpense": "68900000", "netIncomeFromContinuingOperations": "172600000", "comprehensiveIncomeNetOfTax": "173300000", "ebit": "223000000", "ebitda": "369000000", "netIncome": "173000000"}, {"fiscalDateEnding": "2019-12-31", "reportedCurrency": "USD", "grossProfit": "880100000", "totalRevenue": "880100000", "costOfRevenue": "300600000", "costofGoodsAndServicesSold": "118000000", "operatingIncome": "160900000", "sellingGeneralAndAdministrative": "36900000", "researchAndDevelopment": "None", "operatingExpenses": "367100000", "investmentIncomeNet": "None", "netInterestIncome": "-69100000", "interestIncome": "-100000", "interestExpense": "69000000", "nonInterestIncome": "880100000", "otherNonOperatingIncome": "-4000000", "depreciation": "None", "depreciationAndAmortization": "143000000", "incomeBeforeTax": "133000000", "incomeTaxExpense": "20000000", "interestAndDebtExpense": "69100000", "netIncomeFromContinuingOperations": "103800000", "comprehensiveIncomeNetOfTax": "160900000", "ebit": "202000000", "ebitda": "345000000", "netIncome": "113000000"}, {"fiscalDateEnding": "2019-09-30", "reportedCurrency": "USD", "grossProfit": "615700000", "totalRevenue": "990200000", "costOfRevenue": "306200000", "costofGoodsAndServicesSold": "127000000", "operatingIncome": "290000000", "sellingGeneralAndAdministrative": "34900000", "researchAndDevelopment": "None", "operatingExpenses": "352400000", "investmentIncomeNet": "None", "netInterestIncome": "-68300000", "interestIncome": "-300000", "interestExpense": "68000000", "nonInterestIncome": "990200000", "otherNonOperatingIncome": "-4000000", "depreciation": "None", "depreciationAndAmortization": "144000000", "incomeBeforeTax": "252000000", "incomeTaxExpense": "23000000", "interestAndDebtExpense": "68300000", "netIncomeFromContinuingOperations": "228600000", "comprehensiveIncomeNetOfTax": "228600000", "ebit": "320000000", "ebitda": "464000000", "netIncome": "229000000"}, {"fiscalDateEnding": "2019-06-30", "reportedCurrency": "USD", "grossProfit": "434700000", "totalRevenue": "790200000", "costOfRevenue": "286300000", "costofGoodsAndServicesSold": "112400000", "operatingIncome": "149800000", "sellingGeneralAndAdministrative": "31000000", "researchAndDevelopment": "None", "operatingExpenses": "346200000", "investmentIncomeNet": "None", "netInterestIncome": "-69200000", "interestIncome": "-38200000", "interestExpense": "69200000", "nonInterestIncome": "790200000", "otherNonOperatingIncome": "-3300000", "depreciation": "None", "depreciationAndAmortization": "142900000", "incomeBeforeTax": "108300000", "incomeTaxExpense": "11200000", "interestAndDebtExpense": "69200000", "netIncomeFromContinuingOperations": "97100000", "comprehensiveIncomeNetOfTax": "95700000", "ebit": "177500000", "ebitda": "320400000", "netIncome": "97100000"}, {"fiscalDateEnding": "2019-03-31", "reportedCurrency": "USD", "grossProfit": "407000000", "totalRevenue": "987200000", "costOfRevenue": "513900000", "costofGoodsAndServicesSold": "123000000", "operatingIncome": "176800000", "sellingGeneralAndAdministrative": "34000000", "researchAndDevelopment": "None", "operatingExpenses": "353700000", "investmentIncomeNet": "None", "netInterestIncome": "-66300000", "interestIncome": "-30000000", "interestExpense": "66300000", "nonInterestIncome": "987200000", "otherNonOperatingIncome": "-4000000", "depreciation": "None", "depreciationAndAmortization": "136900000", "incomeBeforeTax": "142800000", "incomeTaxExpense": "15100000", "interestAndDebtExpense": "66300000", "netIncomeFromContinuingOperations": "127700000", "comprehensiveIncomeNetOfTax": "128400000", "ebit": "209100000", "ebitda": "346000000", "netIncome": "127700000"}, {"fiscalDateEnding": "2018-12-31", "reportedCurrency": "USD", "grossProfit": "873500000", "totalRevenue": "873500000", "costOfRevenue": "503400000", "costofGoodsAndServicesSold": "120800000", "operatingIncome": "121400000", "sellingGeneralAndAdministrative": "30700000", "researchAndDevelopment": "None", "operatingExpenses": "344400000", "investmentIncomeNet": "None", "netInterestIncome": "-63200000", "interestIncome": "None", "interestExpense": "63200000", "nonInterestIncome": "873500000", "otherNonOperatingIncome": "-2000000", "depreciation": "None", "depreciationAndAmortization": "130600000", "incomeBeforeTax": "93400000", "incomeTaxExpense": "5900000", "interestAndDebtExpense": "63200000", "netIncomeFromContinuingOperations": "85300000", "comprehensiveIncomeNetOfTax": "121400000", "ebit": "156600000", "ebitda": "287200000", "netIncome": "87500000"}, {"fiscalDateEnding": "2018-09-30", "reportedCurrency": "USD", "grossProfit": "348300000", "totalRevenue": "928600000", "costOfRevenue": "517000000", "costofGoodsAndServicesSold": "129100000", "operatingIncome": "256100000", "sellingGeneralAndAdministrative": "31100000", "researchAndDevelopment": "None", "operatingExpenses": "308500000", "investmentIncomeNet": "None", "netInterestIncome": "-63300000", "interestIncome": "None", "interestExpense": "63300000", "nonInterestIncome": "928600000", "otherNonOperatingIncome": "-1600000", "depreciation": "None", "depreciationAndAmortization": "129000000", "incomeBeforeTax": "219800000", "incomeTaxExpense": "11700000", "interestAndDebtExpense": "63300000", "netIncomeFromContinuingOperations": "205500000", "comprehensiveIncomeNetOfTax": "208100000", "ebit": "283100000", "ebitda": "412100000", "netIncome": "208100000"}, {"fiscalDateEnding": "2018-06-30", "reportedCurrency": "USD", "grossProfit": "331600000", "totalRevenue": "816100000", "costOfRevenue": "484500000", "costofGoodsAndServicesSold": "119700000", "operatingIncome": "151200000", "sellingGeneralAndAdministrative": "29300000", "researchAndDevelopment": "None", "operatingExpenses": "314300000", "investmentIncomeNet": "None", "netInterestIncome": "-61300000", "interestIncome": "None", "interestExpense": "61300000", "nonInterestIncome": "816100000", "otherNonOperatingIncome": "-2000000", "depreciation": "None", "depreciationAndAmortization": "127000000", "incomeBeforeTax": "116500000", "incomeTaxExpense": "13600000", "interestAndDebtExpense": "61300000", "netIncomeFromContinuingOperations": "100400000", "comprehensiveIncomeNetOfTax": "102900000", "ebit": "177800000", "ebitda": "304800000", "netIncome": "102900000"}, {"fiscalDateEnding": "2018-03-31", "reportedCurrency": "USD", "grossProfit": "436000000", "totalRevenue": "916300000", "costOfRevenue": "480300000", "costofGoodsAndServicesSold": "126400000", "operatingIncome": "165700000", "sellingGeneralAndAdministrative": "30300000", "researchAndDevelopment": "None", "operatingExpenses": "313100000", "investmentIncomeNet": "None", "netInterestIncome": "-59200000", "interestIncome": "None", "interestExpense": "59200000", "nonInterestIncome": "916300000", "otherNonOperatingIncome": "-2400000", "depreciation": "None", "depreciationAndAmortization": "120400000", "incomeBeforeTax": "140300000", "incomeTaxExpense": "16800000", "interestAndDebtExpense": "59200000", "netIncomeFromContinuingOperations": "120900000", "comprehensiveIncomeNetOfTax": "123500000", "ebit": "199500000", "ebitda": "319900000", "netIncome": "123500000"}, {"fiscalDateEnding": "2017-12-31", "reportedCurrency": "USD", "grossProfit": "856100000", "totalRevenue": "856100000", "costOfRevenue": "502600000", "costofGoodsAndServicesSold": "-497100000", "operatingIncome": "134000000", "sellingGeneralAndAdministrative": "56500000", "researchAndDevelopment": "None", "operatingExpenses": "365500000", "investmentIncomeNet": "None", "netInterestIncome": "-56600000", "interestIncome": "None", "interestExpense": "56600000", "nonInterestIncome": "856100000", "otherNonOperatingIncome": "-4200000", "depreciation": "None", "depreciationAndAmortization": "119100000", "incomeBeforeTax": "98100000", "incomeTaxExpense": "1800000", "interestAndDebtExpense": "56600000", "netIncomeFromContinuingOperations": "93800000", "comprehensiveIncomeNetOfTax": "129700000", "ebit": "154700000", "ebitda": "273800000", "netIncome": "96300000"}, {"fiscalDateEnding": "2017-09-30", "reportedCurrency": "USD", "grossProfit": "410500000", "totalRevenue": "906900000", "costOfRevenue": "496400000", "costofGoodsAndServicesSold": "343600000", "operatingIncome": "236300000", "sellingGeneralAndAdministrative": "32100000", "researchAndDevelopment": "None", "operatingExpenses": "321900000", "investmentIncomeNet": "None", "netInterestIncome": "-53900000", "interestIncome": "None", "interestExpense": "53900000", "nonInterestIncome": "906900000", "otherNonOperatingIncome": "-4600000", "depreciation": "None", "depreciationAndAmortization": "120700000", "incomeBeforeTax": "197500000", "incomeTaxExpense": "26100000", "interestAndDebtExpense": "53900000", "netIncomeFromContinuingOperations": "168800000", "comprehensiveIncomeNetOfTax": "171400000", "ebit": "251400000", "ebitda": "372100000", "netIncome": "171400000"}, {"fiscalDateEnding": "2017-06-30", "reportedCurrency": "USD", "grossProfit": "315100000", "totalRevenue": "765300000", "costOfRevenue": "450200000", "costofGoodsAndServicesSold": "301900000", "operatingIncome": "153700000", "sellingGeneralAndAdministrative": "33300000", "researchAndDevelopment": "None", "operatingExpenses": "293400000", "investmentIncomeNet": "None", "netInterestIncome": "-52800000", "interestIncome": "None", "interestExpense": "52800000", "nonInterestIncome": "765300000", "otherNonOperatingIncome": "-4300000", "depreciation": "None", "depreciationAndAmortization": "115000000", "incomeBeforeTax": "118000000", "incomeTaxExpense": "21200000", "interestAndDebtExpense": "52800000", "netIncomeFromContinuingOperations": "94300000", "comprehensiveIncomeNetOfTax": "96800000", "ebit": "170800000", "ebitda": "285800000", "netIncome": "96800000"}, {"fiscalDateEnding": "2017-03-31", "reportedCurrency": "USD", "grossProfit": "378300000", "totalRevenue": "853900000", "costOfRevenue": "475600000", "costofGoodsAndServicesSold": "332500000", "operatingIncome": "147200000", "sellingGeneralAndAdministrative": "36100000", "researchAndDevelopment": "None", "operatingExpenses": "296000000", "investmentIncomeNet": "None", "netInterestIncome": "-52300000", "interestIncome": "None", "interestExpense": "52300000", "nonInterestIncome": "853900000", "otherNonOperatingIncome": "-4200000", "depreciation": "None", "depreciationAndAmortization": "107000000", "incomeBeforeTax": "120600000", "incomeTaxExpense": "17600000", "interestAndDebtExpense": "52300000", "netIncomeFromContinuingOperations": "99000000", "comprehensiveIncomeNetOfTax": "103000000", "ebit": "172900000", "ebitda": "279900000", "netIncome": "103000000"}, {"fiscalDateEnding": "2016-12-31", "reportedCurrency": "USD", "grossProfit": "797000000", "totalRevenue": "797000000", "costOfRevenue": "475700000", "costofGoodsAndServicesSold": "338800000", "operatingIncome": "99900000", "sellingGeneralAndAdministrative": "32400000", "researchAndDevelopment": "None", "operatingExpenses": "305200000", "investmentIncomeNet": "None", "netInterestIncome": "-51400000", "interestIncome": "None", "interestExpense": "51400000", "nonInterestIncome": "None", "otherNonOperatingIncome": "-16900000", "depreciation": "None", "depreciationAndAmortization": "102900000", "incomeBeforeTax": "77400000", "incomeTaxExpense": "12200000", "interestAndDebtExpense": "51400000", "netIncomeFromContinuingOperations": "63000000", "comprehensiveIncomeNetOfTax": "99900000", "ebit": "128800000", "ebitda": "231700000", "netIncome": "65200000"}]}