{"symbol": "LUMN", "annualReports": [{"fiscalDateEnding": "2020-12-31", "reportedCurrency": "USD", "grossProfit": "-1879000000", "totalRevenue": "20712000000", "costOfRevenue": "22591000000", "costofGoodsAndServicesSold": "8934000000", "operatingIncome": "962000000", "sellingGeneralAndAdministrative": "3464000000", "researchAndDevelopment": "None", "operatingExpenses": "13657000000", "investmentIncomeNet": "None", "netInterestIncome": "-1668000000", "interestIncome": "-1668000000", "interestExpense": "1668000000", "nonInterestIncome": "18797000000", "otherNonOperatingIncome": "-76000000", "depreciation": "3000000000", "depreciationAndAmortization": "4710000000", "incomeBeforeTax": "-782000000", "incomeTaxExpense": "450000000", "interestAndDebtExpense": "1668000000", "netIncomeFromContinuingOperations": "-1232000000", "comprehensiveIncomeNetOfTax": "-1365000000", "ebit": "886000000", "ebitda": "5596000000", "netIncome": "-1232000000"}, {"fiscalDateEnding": "2019-12-31", "reportedCurrency": "USD", "grossProfit": "-9243000000", "totalRevenue": "21458000000", "costOfRevenue": "31644000000", "costofGoodsAndServicesSold": "9134000000", "operatingIncome": "-2726000000", "sellingGeneralAndAdministrative": "3715000000", "researchAndDevelopment": "None", "operatingExpenses": "21783000000", "investmentIncomeNet": "None", "netInterestIncome": "-2021000000", "interestIncome": "-2021000000", "interestExpense": "2021000000", "nonInterestIncome": "20448000000", "otherNonOperatingIncome": "-19000000", "depreciation": "3100000000", "depreciationAndAmortization": "4829000000", "incomeBeforeTax": "-4766000000", "incomeTaxExpense": "503000000", "interestAndDebtExpense": "2021000000", "netIncomeFromContinuingOperations": "-5269000000", "comprehensiveIncomeNetOfTax": "-5488000000", "ebit": "-2745000000", "ebitda": "2084000000", "netIncome": "-5269000000"}, {"fiscalDateEnding": "2018-12-31", "reportedCurrency": "USD", "grossProfit": "-2186000000", "totalRevenue": "22580000000", "costOfRevenue": "25629000000", "costofGoodsAndServicesSold": "9999000000", "operatingIncome": "570000000", "sellingGeneralAndAdministrative": "4165000000", "researchAndDevelopment": "None", "operatingExpenses": "22873000000", "investmentIncomeNet": "None", "netInterestIncome": "-2177000000", "interestIncome": "-2177000000", "interestExpense": "2177000000", "nonInterestIncome": "21926000000", "otherNonOperatingIncome": "44000000", "depreciation": "3300000000", "depreciationAndAmortization": "5120000000", "incomeBeforeTax": "-1563000000", "incomeTaxExpense": "170000000", "interestAndDebtExpense": "2177000000", "netIncomeFromContinuingOperations": "-1733000000", "comprehensiveIncomeNetOfTax": "-1792000000", "ebit": "614000000", "ebitda": "5734000000", "netIncome": "-1733000000"}, {"fiscalDateEnding": "2017-12-31", "reportedCurrency": "USD", "grossProfit": "2003000000", "totalRevenue": "17656000000", "costOfRevenue": "15653000000", "costofGoodsAndServicesSold": "8203000000", "operatingIncome": "2009000000", "sellingGeneralAndAdministrative": "3508000000", "researchAndDevelopment": "None", "operatingExpenses": "15647000000", "investmentIncomeNet": "None", "netInterestIncome": "-1481000000", "interestIncome": "-1481000000", "interestExpense": "1481000000", "nonInterestIncome": "-5000000", "otherNonOperatingIncome": "12000000", "depreciation": "2700000000", "depreciationAndAmortization": "3936000000", "incomeBeforeTax": "540000000", "incomeTaxExpense": "-849000000", "interestAndDebtExpense": "1486000000", "netIncomeFromContinuingOperations": "1389000000", "comprehensiveIncomeNetOfTax": "1511000000", "ebit": "2021000000", "ebitda": "5957000000", "netIncome": "1389000000"}, {"fiscalDateEnding": "2016-12-31", "reportedCurrency": "USD", "grossProfit": "2312000000", "totalRevenue": "17470000000", "costOfRevenue": "15158000000", "costofGoodsAndServicesSold": "7774000000", "operatingIncome": "2333000000", "sellingGeneralAndAdministrative": "3447000000", "researchAndDevelopment": "None", "operatingExpenses": "15137000000", "investmentIncomeNet": "None", "netInterestIncome": "-1318000000", "interestIncome": "-1318000000", "interestExpense": "1318000000", "nonInterestIncome": "-27000000", "otherNonOperatingIncome": "5000000", "depreciation": "2700000000", "depreciationAndAmortization": "3916000000", "incomeBeforeTax": "1020000000", "incomeTaxExpense": "394000000", "interestAndDebtExpense": "1345000000", "netIncomeFromContinuingOperations": "626000000", "comprehensiveIncomeNetOfTax": "443000000", "ebit": "2338000000", "ebitda": "6254000000", "netIncome": "626000000"}], "quarterlyReports": [{"fiscalDateEnding": "2021-09-30", "reportedCurrency": "USD", "grossProfit": "1131000000", "totalRevenue": "4887000000", "costOfRevenue": "3756000000", "costofGoodsAndServicesSold": "2151000000", "operatingIncome": "1131000000", "sellingGeneralAndAdministrative": "654000000", "researchAndDevelopment": "None", "operatingExpenses": "1605000000", "investmentIncomeNet": "None", "netInterestIncome": "-377000000", "interestIncome": "None", "interestExpense": "377000000", "nonInterestIncome": "4415000000", "otherNonOperatingIncome": "-38000000", "depreciation": "645000000", "depreciationAndAmortization": "951000000", "incomeBeforeTax": "716000000", "incomeTaxExpense": "172000000", "interestAndDebtExpense": "377000000", "netIncomeFromContinuingOperations": "544000000", "comprehensiveIncomeNetOfTax": "677000000", "ebit": "1093000000", "ebitda": "2044000000", "netIncome": "544000000"}, {"fiscalDateEnding": "2021-06-30", "reportedCurrency": "USD", "grossProfit": "1006000000", "totalRevenue": "4924000000", "costOfRevenue": "3918000000", "costofGoodsAndServicesSold": "2115000000", "operatingIncome": "1006000000", "sellingGeneralAndAdministrative": "762000000", "researchAndDevelopment": "None", "operatingExpenses": "1803000000", "investmentIncomeNet": "None", "netInterestIncome": "-384000000", "interestIncome": "None", "interestExpense": "384000000", "nonInterestIncome": "4453000000", "otherNonOperatingIncome": "52000000", "depreciation": "None", "depreciationAndAmortization": "1041000000", "incomeBeforeTax": "674000000", "incomeTaxExpense": "168000000", "interestAndDebtExpense": "384000000", "netIncomeFromContinuingOperations": "506000000", "comprehensiveIncomeNetOfTax": "641000000", "ebit": "1058000000", "ebitda": "2099000000", "netIncome": "506000000"}, {"fiscalDateEnding": "2021-03-31", "reportedCurrency": "USD", "grossProfit": "960000000", "totalRevenue": "5029000000", "costOfRevenue": "4069000000", "costofGoodsAndServicesSold": "2136000000", "operatingIncome": "987000000", "sellingGeneralAndAdministrative": "756000000", "researchAndDevelopment": "None", "operatingExpenses": "1933000000", "investmentIncomeNet": "None", "netInterestIncome": "-389000000", "interestIncome": "-389000000", "interestExpense": "389000000", "nonInterestIncome": "4563000000", "otherNonOperatingIncome": "34000000", "depreciation": "None", "depreciationAndAmortization": "1150000000", "incomeBeforeTax": "632000000", "incomeTaxExpense": "157000000", "interestAndDebtExpense": "381000000", "netIncomeFromContinuingOperations": "475000000", "comprehensiveIncomeNetOfTax": "443000000", "ebit": "1021000000", "ebitda": "2171000000", "netIncome": "475000000"}, {"fiscalDateEnding": "2020-12-31", "reportedCurrency": "USD", "grossProfit": "-4513000000", "totalRevenue": "5125000000", "costOfRevenue": "9638000000", "costofGoodsAndServicesSold": "2231000000", "operatingIncome": "-1809000000", "sellingGeneralAndAdministrative": "866000000", "researchAndDevelopment": "None", "operatingExpenses": "7407000000", "investmentIncomeNet": "None", "netInterestIncome": "-396000000", "interestIncome": "-396000000", "interestExpense": "396000000", "nonInterestIncome": "4653000000", "otherNonOperatingIncome": "-3000000", "depreciation": "800000000", "depreciationAndAmortization": "1195000000", "incomeBeforeTax": "-2208000000", "incomeTaxExpense": "81000000", "interestAndDebtExpense": "396000000", "netIncomeFromContinuingOperations": "-2289000000", "comprehensiveIncomeNetOfTax": "-2307000000", "ebit": "-1812000000", "ebitda": "-617000000", "netIncome": "-2289000000"}, {"fiscalDateEnding": "2020-09-30", "reportedCurrency": "USD", "grossProfit": "888000000", "totalRevenue": "5167000000", "costOfRevenue": "4279000000", "costofGoodsAndServicesSold": "2236000000", "operatingIncome": "888000000", "sellingGeneralAndAdministrative": "850000000", "researchAndDevelopment": "None", "operatingExpenses": "2043000000", "investmentIncomeNet": "None", "netInterestIncome": "-409000000", "interestIncome": "-409000000", "interestExpense": "409000000", "nonInterestIncome": "4686000000", "otherNonOperatingIncome": "1000000", "depreciation": "750000000", "depreciationAndAmortization": "1193000000", "incomeBeforeTax": "480000000", "incomeTaxExpense": "114000000", "interestAndDebtExpense": "409000000", "netIncomeFromContinuingOperations": "366000000", "comprehensiveIncomeNetOfTax": "473000000", "ebit": "889000000", "ebitda": "2082000000", "netIncome": "366000000"}, {"fiscalDateEnding": "2020-06-30", "reportedCurrency": "USD", "grossProfit": "903000000", "totalRevenue": "5192000000", "costOfRevenue": "4289000000", "costofGoodsAndServicesSold": "2232000000", "operatingIncome": "903000000", "sellingGeneralAndAdministrative": "895000000", "researchAndDevelopment": "None", "operatingExpenses": "2057000000", "investmentIncomeNet": "None", "netInterestIncome": "-414000000", "interestIncome": "-414000000", "interestExpense": "414000000", "nonInterestIncome": "4711000000", "otherNonOperatingIncome": "24000000", "depreciation": "None", "depreciationAndAmortization": "1162000000", "incomeBeforeTax": "513000000", "incomeTaxExpense": "136000000", "interestAndDebtExpense": "414000000", "netIncomeFromContinuingOperations": "377000000", "comprehensiveIncomeNetOfTax": "430000000", "ebit": "927000000", "ebitda": "2089000000", "netIncome": "377000000"}, {"fiscalDateEnding": "2020-03-31", "reportedCurrency": "USD", "grossProfit": "943000000", "totalRevenue": "5228000000", "costOfRevenue": "4285000000", "costofGoodsAndServicesSold": "2235000000", "operatingIncome": "980000000", "sellingGeneralAndAdministrative": "853000000", "researchAndDevelopment": "None", "operatingExpenses": "2050000000", "investmentIncomeNet": "None", "netInterestIncome": "-449000000", "interestIncome": "-449000000", "interestExpense": "449000000", "nonInterestIncome": "4747000000", "otherNonOperatingIncome": "-98000000", "depreciation": "None", "depreciationAndAmortization": "1160000000", "incomeBeforeTax": "433000000", "incomeTaxExpense": "119000000", "interestAndDebtExpense": "449000000", "netIncomeFromContinuingOperations": "314000000", "comprehensiveIncomeNetOfTax": "39000000", "ebit": "882000000", "ebitda": "2042000000", "netIncome": "314000000"}, {"fiscalDateEnding": "2019-12-31", "reportedCurrency": "USD", "grossProfit": "5447000000", "totalRevenue": "5570000000", "costOfRevenue": "123000000", "costofGoodsAndServicesSold": "2257000000", "operatingIncome": "847000000", "sellingGeneralAndAdministrative": "992000000", "researchAndDevelopment": "None", "operatingExpenses": "123000000", "investmentIncomeNet": "None", "netInterestIncome": "-484000000", "interestIncome": "-484000000", "interestExpense": "484000000", "nonInterestIncome": "4616000000", "otherNonOperatingIncome": "-14000000", "depreciation": "None", "depreciationAndAmortization": "1210000000", "incomeBeforeTax": "349000000", "incomeTaxExpense": "126000000", "interestAndDebtExpense": "554000000", "netIncomeFromContinuingOperations": "847000000", "comprehensiveIncomeNetOfTax": "42000000", "ebit": "833000000", "ebitda": "2043000000", "netIncome": "223000000"}, {"fiscalDateEnding": "2019-09-30", "reportedCurrency": "USD", "grossProfit": "950000000", "totalRevenue": "5350000000", "costOfRevenue": "4656000000", "costofGoodsAndServicesSold": "2334000000", "operatingIncome": "950000000", "sellingGeneralAndAdministrative": "831000000", "researchAndDevelopment": "None", "operatingExpenses": "4656000000", "investmentIncomeNet": "None", "netInterestIncome": "-496000000", "interestIncome": "-496000000", "interestExpense": "496000000", "nonInterestIncome": "5251000000", "otherNonOperatingIncome": "-44000000", "depreciation": "None", "depreciationAndAmortization": "1235000000", "incomeBeforeTax": "410000000", "incomeTaxExpense": "108000000", "interestAndDebtExpense": "496000000", "netIncomeFromContinuingOperations": "302000000", "comprehensiveIncomeNetOfTax": "222000000", "ebit": "906000000", "ebitda": "2141000000", "netIncome": "302000000"}, {"fiscalDateEnding": "2019-06-30", "reportedCurrency": "USD", "grossProfit": "976000000", "totalRevenue": "5375000000", "costOfRevenue": "4602000000", "costofGoodsAndServicesSold": "2243000000", "operatingIncome": "976000000", "sellingGeneralAndAdministrative": "960000000", "researchAndDevelopment": "None", "operatingExpenses": "4602000000", "investmentIncomeNet": "None", "netInterestIncome": "-518000000", "interestIncome": "-518000000", "interestExpense": "518000000", "nonInterestIncome": "5222000000", "otherNonOperatingIncome": "44000000", "depreciation": "None", "depreciationAndAmortization": "1196000000", "incomeBeforeTax": "502000000", "incomeTaxExpense": "131000000", "interestAndDebtExpense": "518000000", "netIncomeFromContinuingOperations": "371000000", "comprehensiveIncomeNetOfTax": "381000000", "ebit": "1020000000", "ebitda": "2216000000", "netIncome": "371000000"}, {"fiscalDateEnding": "2019-03-31", "reportedCurrency": "USD", "grossProfit": "-12007000000", "totalRevenue": "5427000000", "costOfRevenue": "17654000000", "costofGoodsAndServicesSold": "2300000000", "operatingIncome": "-5499000000", "sellingGeneralAndAdministrative": "932000000", "researchAndDevelopment": "None", "operatingExpenses": "11146000000", "investmentIncomeNet": "None", "netInterestIncome": "-523000000", "interestIncome": "-523000000", "interestExpense": "523000000", "nonInterestIncome": "5289000000", "otherNonOperatingIncome": "-5000000", "depreciation": "None", "depreciationAndAmortization": "1188000000", "incomeBeforeTax": "-6027000000", "incomeTaxExpense": "138000000", "interestAndDebtExpense": "523000000", "netIncomeFromContinuingOperations": "-6165000000", "comprehensiveIncomeNetOfTax": "-6133000000", "ebit": "-5504000000", "ebitda": "-4316000000", "netIncome": "-6165000000"}, {"fiscalDateEnding": "2018-12-31", "reportedCurrency": "USD", "grossProfit": "5661000000", "totalRevenue": "5778000000", "costOfRevenue": "117000000", "costofGoodsAndServicesSold": "1794000000", "operatingIncome": "-1841000000", "sellingGeneralAndAdministrative": "974000000", "researchAndDevelopment": "None", "operatingExpenses": "7619000000", "investmentIncomeNet": "None", "netInterestIncome": "-539000000", "interestIncome": "None", "interestExpense": "539000000", "nonInterestIncome": "5242000000", "otherNonOperatingIncome": "15000000", "depreciation": "None", "depreciationAndAmortization": "1262000000", "incomeBeforeTax": "-2365000000", "incomeTaxExpense": "47000000", "interestAndDebtExpense": "505000000", "netIncomeFromContinuingOperations": "-1841000000", "comprehensiveIncomeNetOfTax": "-2418000000", "ebit": "-1826000000", "ebitda": "-564000000", "netIncome": "-2412000000"}, {"fiscalDateEnding": "2018-09-30", "reportedCurrency": "USD", "grossProfit": "894000000", "totalRevenue": "5818000000", "costOfRevenue": "4924000000", "costofGoodsAndServicesSold": "2672000000", "operatingIncome": "894000000", "sellingGeneralAndAdministrative": "967000000", "researchAndDevelopment": "None", "operatingExpenses": "4924000000", "investmentIncomeNet": "None", "netInterestIncome": "-557000000", "interestIncome": "None", "interestExpense": "557000000", "nonInterestIncome": "5473000000", "otherNonOperatingIncome": "-8000000", "depreciation": "None", "depreciationAndAmortization": "1285000000", "incomeBeforeTax": "329000000", "incomeTaxExpense": "57000000", "interestAndDebtExpense": "590000000", "netIncomeFromContinuingOperations": "272000000", "comprehensiveIncomeNetOfTax": "308000000", "ebit": "886000000", "ebitda": "2171000000", "netIncome": "272000000"}, {"fiscalDateEnding": "2018-06-30", "reportedCurrency": "USD", "grossProfit": "767000000", "totalRevenue": "5902000000", "costOfRevenue": "5135000000", "costofGoodsAndServicesSold": "2730000000", "operatingIncome": "767000000", "sellingGeneralAndAdministrative": "1115000000", "researchAndDevelopment": "None", "operatingExpenses": "5135000000", "investmentIncomeNet": "None", "netInterestIncome": "-546000000", "interestIncome": "None", "interestExpense": "546000000", "nonInterestIncome": "5577000000", "otherNonOperatingIncome": "16000000", "depreciation": "None", "depreciationAndAmortization": "1290000000", "incomeBeforeTax": "237000000", "incomeTaxExpense": "-55000000", "interestAndDebtExpense": "546000000", "netIncomeFromContinuingOperations": "292000000", "comprehensiveIncomeNetOfTax": "89000000", "ebit": "783000000", "ebitda": "2073000000", "netIncome": "292000000"}, {"fiscalDateEnding": "2018-03-31", "reportedCurrency": "USD", "grossProfit": "723000000", "totalRevenue": "5945000000", "costOfRevenue": "5222000000", "costofGoodsAndServicesSold": "2803000000", "operatingIncome": "750000000", "sellingGeneralAndAdministrative": "1109000000", "researchAndDevelopment": "None", "operatingExpenses": "5195000000", "investmentIncomeNet": "None", "netInterestIncome": "-535000000", "interestIncome": "None", "interestExpense": "535000000", "nonInterestIncome": "5633000000", "otherNonOperatingIncome": "21000000", "depreciation": "None", "depreciationAndAmortization": "1283000000", "incomeBeforeTax": "236000000", "incomeTaxExpense": "121000000", "interestAndDebtExpense": "535000000", "netIncomeFromContinuingOperations": "115000000", "comprehensiveIncomeNetOfTax": "229000000", "ebit": "771000000", "ebitda": "2054000000", "netIncome": "115000000"}, {"fiscalDateEnding": "2017-12-31", "reportedCurrency": "USD", "grossProfit": "5323000000", "totalRevenue": "5323000000", "costOfRevenue": "206000000", "costofGoodsAndServicesSold": "2498000000", "operatingIncome": "524000000", "sellingGeneralAndAdministrative": "1104000000", "researchAndDevelopment": "None", "operatingExpenses": "4799000000", "investmentIncomeNet": "None", "netInterestIncome": "-481000000", "interestIncome": "None", "interestExpense": "481000000", "nonInterestIncome": "0", "otherNonOperatingIncome": "6000000", "depreciation": "None", "depreciationAndAmortization": "1197000000", "incomeBeforeTax": "54000000", "incomeTaxExpense": "-1063000000", "interestAndDebtExpense": "481000000", "netIncomeFromContinuingOperations": "524000000", "comprehensiveIncomeNetOfTax": "1116000000", "ebit": "535000000", "ebitda": "1732000000", "netIncome": "1117000000"}, {"fiscalDateEnding": "2017-09-30", "reportedCurrency": "USD", "grossProfit": "487000000", "totalRevenue": "4034000000", "costOfRevenue": "3547000000", "costofGoodsAndServicesSold": "1927000000", "operatingIncome": "487000000", "sellingGeneralAndAdministrative": "710000000", "researchAndDevelopment": "None", "operatingExpenses": "3547000000", "investmentIncomeNet": "None", "netInterestIncome": "-362000000", "interestIncome": "None", "interestExpense": "362000000", "nonInterestIncome": "0", "otherNonOperatingIncome": "14000000", "depreciation": "None", "depreciationAndAmortization": "910000000", "incomeBeforeTax": "139000000", "incomeTaxExpense": "47000000", "interestAndDebtExpense": "362000000", "netIncomeFromContinuingOperations": "92000000", "comprehensiveIncomeNetOfTax": "148000000", "ebit": "501000000", "ebitda": "1411000000", "netIncome": "92000000"}, {"fiscalDateEnding": "2017-06-30", "reportedCurrency": "USD", "grossProfit": "367000000", "totalRevenue": "4090000000", "costOfRevenue": "3723000000", "costofGoodsAndServicesSold": "1890000000", "operatingIncome": "367000000", "sellingGeneralAndAdministrative": "884000000", "researchAndDevelopment": "None", "operatingExpenses": "3723000000", "investmentIncomeNet": "None", "netInterestIncome": "-320000000", "interestIncome": "None", "interestExpense": "320000000", "nonInterestIncome": "None", "otherNonOperatingIncome": "-7000000", "depreciation": "None", "depreciationAndAmortization": "949000000", "incomeBeforeTax": "40000000", "incomeTaxExpense": "23000000", "interestAndDebtExpense": "320000000", "netIncomeFromContinuingOperations": "17000000", "comprehensiveIncomeNetOfTax": "53000000", "ebit": "360000000", "ebitda": "1309000000", "netIncome": "17000000"}, {"fiscalDateEnding": "2017-03-31", "reportedCurrency": "USD", "grossProfit": "631000000", "totalRevenue": "4209000000", "costOfRevenue": "3578000000", "costofGoodsAndServicesSold": "1888000000", "operatingIncome": "631000000", "sellingGeneralAndAdministrative": "810000000", "researchAndDevelopment": "None", "operatingExpenses": "3578000000", "investmentIncomeNet": "None", "netInterestIncome": "-318000000", "interestIncome": "None", "interestExpense": "318000000", "nonInterestIncome": "None", "otherNonOperatingIncome": "-6000000", "depreciation": "None", "depreciationAndAmortization": "880000000", "incomeBeforeTax": "307000000", "incomeTaxExpense": "144000000", "interestAndDebtExpense": "318000000", "netIncomeFromContinuingOperations": "163000000", "comprehensiveIncomeNetOfTax": "194000000", "ebit": "625000000", "ebitda": "1505000000", "netIncome": "163000000"}, {"fiscalDateEnding": "2016-12-31", "reportedCurrency": "USD", "grossProfit": "4109000000", "totalRevenue": "4289000000", "costOfRevenue": "180000000", "costofGoodsAndServicesSold": "1929000000", "operatingIncome": "405000000", "sellingGeneralAndAdministrative": "997000000", "researchAndDevelopment": "None", "operatingExpenses": "3884000000", "investmentIncomeNet": "None", "netInterestIncome": "-320000000", "interestIncome": "None", "interestExpense": "320000000", "nonInterestIncome": "0", "otherNonOperatingIncome": "-11000000", "depreciation": "None", "depreciationAndAmortization": "958000000", "incomeBeforeTax": "74000000", "incomeTaxExpense": "32000000", "interestAndDebtExpense": "320000000", "netIncomeFromContinuingOperations": "392000000", "comprehensiveIncomeNetOfTax": "-220000000", "ebit": "394000000", "ebitda": "1352000000", "netIncome": "42000000"}]}