{"symbol": "LUV", "annualReports": [{"fiscalDateEnding": "2020-12-31", "reportedCurrency": "USD", "grossProfit": "-2538000000", "totalRevenue": "9048000000", "costOfRevenue": "11328000000", "costofGoodsAndServicesSold": "3089000000", "operatingIncome": "-3816000000", "sellingGeneralAndAdministrative": "173000000", "researchAndDevelopment": "None", "operatingExpenses": "13259000000", "investmentIncomeNet": "32000000", "netInterestIncome": "-336000000", "interestIncome": "32000000", "interestExpense": "336000000", "nonInterestIncome": "9048000000", "otherNonOperatingIncome": "-158000000", "depreciation": "None", "depreciationAndAmortization": "1255000000", "incomeBeforeTax": "-4256000000", "incomeTaxExpense": "-1182000000", "interestAndDebtExpense": "336000000", "netIncomeFromContinuingOperations": "-3074000000", "comprehensiveIncomeNetOfTax": "-3118000000", "ebit": "-3816000000", "ebitda": "-2665000000", "netIncome": "-3074000000"}, {"fiscalDateEnding": "2019-12-31", "reportedCurrency": "USD", "grossProfit": "6920000000", "totalRevenue": "22426000000", "costOfRevenue": "15487000000", "costofGoodsAndServicesSold": "5710000000", "operatingIncome": "2957000000", "sellingGeneralAndAdministrative": "267000000", "researchAndDevelopment": "None", "operatingExpenses": "19471000000", "investmentIncomeNet": "90000000", "netInterestIncome": "-118000000", "interestIncome": "90000000", "interestExpense": "118000000", "nonInterestIncome": "22428000000", "otherNonOperatingIncome": "-8000000", "depreciation": "None", "depreciationAndAmortization": "1219000000", "incomeBeforeTax": "2957000000", "incomeTaxExpense": "657000000", "interestAndDebtExpense": "118000000", "netIncomeFromContinuingOperations": "2300000000", "comprehensiveIncomeNetOfTax": "2219000000", "ebit": "3075000000", "ebitda": "4294000000", "netIncome": "2300000000"}, {"fiscalDateEnding": "2018-12-31", "reportedCurrency": "USD", "grossProfit": "5677000000", "totalRevenue": "21965000000", "costOfRevenue": "16157000000", "costofGoodsAndServicesSold": "6111000000", "operatingIncome": "3206000000", "sellingGeneralAndAdministrative": "1196000000", "researchAndDevelopment": "None", "operatingExpenses": "18759000000", "investmentIncomeNet": "69000000", "netInterestIncome": "-131000000", "interestIncome": "69000000", "interestExpense": "131000000", "nonInterestIncome": "21965000000", "otherNonOperatingIncome": "-18000000", "depreciation": "None", "depreciationAndAmortization": "1201000000", "incomeBeforeTax": "3164000000", "incomeTaxExpense": "699000000", "interestAndDebtExpense": "131000000", "netIncomeFromContinuingOperations": "2465000000", "comprehensiveIncomeNetOfTax": "2491000000", "ebit": "3295000000", "ebitda": "4496000000", "netIncome": "2465000000"}, {"fiscalDateEnding": "2017-12-31", "reportedCurrency": "USD", "grossProfit": "6041000000", "totalRevenue": "21171000000", "costOfRevenue": "15130000000", "costofGoodsAndServicesSold": "5430000000", "operatingIncome": "3407000000", "sellingGeneralAndAdministrative": "8482000000", "researchAndDevelopment": "None", "operatingExpenses": "17739000000", "investmentIncomeNet": "35000000", "netInterestIncome": "-114000000", "interestIncome": "35000000", "interestExpense": "114000000", "nonInterestIncome": "21146000000", "otherNonOperatingIncome": "-112000000", "depreciation": "None", "depreciationAndAmortization": "1218000000", "incomeBeforeTax": "3265000000", "incomeTaxExpense": "-92000000", "interestAndDebtExpense": "114000000", "netIncomeFromContinuingOperations": "3488000000", "comprehensiveIncomeNetOfTax": "3692000000", "ebit": "3379000000", "ebitda": "4597000000", "netIncome": "3357000000"}, {"fiscalDateEnding": "2016-12-31", "reportedCurrency": "USD", "grossProfit": "6134000000", "totalRevenue": "20425000000", "costOfRevenue": "14291000000", "costofGoodsAndServicesSold": "5087000000", "operatingIncome": "3522000000", "sellingGeneralAndAdministrative": "7962000000", "researchAndDevelopment": "None", "operatingExpenses": "16767000000", "investmentIncomeNet": "24000000", "netInterestIncome": "-122000000", "interestIncome": "24000000", "interestExpense": "122000000", "nonInterestIncome": "20289000000", "otherNonOperatingIncome": "-21000000", "depreciation": "None", "depreciationAndAmortization": "1221000000", "incomeBeforeTax": "3450000000", "incomeTaxExpense": "1267000000", "interestAndDebtExpense": "122000000", "netIncomeFromContinuingOperations": "2244000000", "comprehensiveIncomeNetOfTax": "2911000000", "ebit": "3572000000", "ebitda": "4793000000", "netIncome": "2183000000"}], "quarterlyReports": [{"fiscalDateEnding": "2021-09-30", "reportedCurrency": "USD", "grossProfit": "763000000", "totalRevenue": "4573000000", "costOfRevenue": "3810000000", "costofGoodsAndServicesSold": "1366000000", "operatingIncome": "733000000", "sellingGeneralAndAdministrative": "2372000000", "researchAndDevelopment": "None", "operatingExpenses": "3946000000", "investmentIncomeNet": "2000000", "netInterestIncome": "-106000000", "interestIncome": "2000000", "interestExpense": "106000000", "nonInterestIncome": "4679000000", "otherNonOperatingIncome": "-29000000", "depreciation": "None", "depreciationAndAmortization": "322000000", "incomeBeforeTax": "600000000", "incomeTaxExpense": "154000000", "interestAndDebtExpense": "118000000", "netIncomeFromContinuingOperations": "446000000", "comprehensiveIncomeNetOfTax": "577000000", "ebit": "733000000", "ebitda": "1028000000", "netIncome": "446000000"}, {"fiscalDateEnding": "2021-06-30", "reportedCurrency": "USD", "grossProfit": "554000000", "totalRevenue": "3900000000", "costOfRevenue": "3346000000", "costofGoodsAndServicesSold": "1206000000", "operatingIncome": "594000000", "sellingGeneralAndAdministrative": "2047000000", "researchAndDevelopment": "None", "operatingExpenses": "3414000000", "investmentIncomeNet": "2000000", "netInterestIncome": "-108000000", "interestIncome": "2000000", "interestExpense": "108000000", "nonInterestIncome": "4008000000", "otherNonOperatingIncome": "14000000", "depreciation": "None", "depreciationAndAmortization": "315000000", "incomeBeforeTax": "502000000", "incomeTaxExpense": "154000000", "interestAndDebtExpense": "108000000", "netIncomeFromContinuingOperations": "348000000", "comprehensiveIncomeNetOfTax": "544000000", "ebit": "594000000", "ebitda": "925000000", "netIncome": "348000000"}, {"fiscalDateEnding": "2021-03-31", "reportedCurrency": "USD", "grossProfit": "-716000000", "totalRevenue": "1949000000", "costOfRevenue": "2665000000", "costofGoodsAndServicesSold": "782000000", "operatingIncome": "199000000", "sellingGeneralAndAdministrative": "1744000000", "researchAndDevelopment": "None", "operatingExpenses": "1853000000", "investmentIncomeNet": "2000000", "netInterestIncome": "-103000000", "interestIncome": "2000000", "interestExpense": "103000000", "nonInterestIncome": "2052000000", "otherNonOperatingIncome": "48000000", "depreciation": "None", "depreciationAndAmortization": "312000000", "incomeBeforeTax": "146000000", "incomeTaxExpense": "30000000", "interestAndDebtExpense": "103000000", "netIncomeFromContinuingOperations": "116000000", "comprehensiveIncomeNetOfTax": "180000000", "ebit": "199000000", "ebitda": "561000000", "netIncome": "116000000"}, {"fiscalDateEnding": "2020-12-31", "reportedCurrency": "USD", "grossProfit": "2013000000", "totalRevenue": "2013000000", "costOfRevenue": "2714000000", "costofGoodsAndServicesSold": "660000000", "operatingIncome": "-1169000000", "sellingGeneralAndAdministrative": "1719000000", "researchAndDevelopment": "None", "operatingExpenses": "3354000000", "investmentIncomeNet": "2000000", "netInterestIncome": "-124000000", "interestIncome": "2000000", "interestExpense": "124000000", "nonInterestIncome": "2013000000", "otherNonOperatingIncome": "-63000000", "depreciation": "None", "depreciationAndAmortization": "315000000", "incomeBeforeTax": "-1331000000", "incomeTaxExpense": "-423000000", "interestAndDebtExpense": "124000000", "netIncomeFromContinuingOperations": "-1331000000", "comprehensiveIncomeNetOfTax": "-911000000", "ebit": "-1169000000", "ebitda": "-892000000", "netIncome": "-908000000"}, {"fiscalDateEnding": "2020-09-30", "reportedCurrency": "USD", "grossProfit": "-987000000", "totalRevenue": "1793000000", "costOfRevenue": "2680000000", "costofGoodsAndServicesSold": "687000000", "operatingIncome": "-1411000000", "sellingGeneralAndAdministrative": "1863000000", "researchAndDevelopment": "None", "operatingExpenses": "3204000000", "investmentIncomeNet": "4000000", "netInterestIncome": "-100000000", "interestIncome": "-96000000", "interestExpense": "100000000", "nonInterestIncome": "1793000000", "otherNonOperatingIncome": "-35000000", "depreciation": "None", "depreciationAndAmortization": "315000000", "incomeBeforeTax": "-1542000000", "incomeTaxExpense": "-385000000", "interestAndDebtExpense": "100000000", "netIncomeFromContinuingOperations": "-1157000000", "comprehensiveIncomeNetOfTax": "-1129000000", "ebit": "-1411000000", "ebitda": "-1127000000", "netIncome": "-1157000000"}, {"fiscalDateEnding": "2020-06-30", "reportedCurrency": "USD", "grossProfit": "-1640000000", "totalRevenue": "1008000000", "costOfRevenue": "2559000000", "costofGoodsAndServicesSold": "532000000", "operatingIncome": "-1127000000", "sellingGeneralAndAdministrative": "1934000000", "researchAndDevelopment": "None", "operatingExpenses": "2357000000", "investmentIncomeNet": "9000000", "netInterestIncome": "-89000000", "interestIncome": "9000000", "interestExpense": "89000000", "nonInterestIncome": "1008000000", "otherNonOperatingIncome": "-32000000", "depreciation": "None", "depreciationAndAmortization": "313000000", "incomeBeforeTax": "-1239000000", "incomeTaxExpense": "-324000000", "interestAndDebtExpense": "89000000", "netIncomeFromContinuingOperations": "-915000000", "comprehensiveIncomeNetOfTax": "-859000000", "ebit": "-1127000000", "ebitda": "-837000000", "netIncome": "-915000000"}, {"fiscalDateEnding": "2020-03-31", "reportedCurrency": "USD", "grossProfit": "837000000", "totalRevenue": "4234000000", "costOfRevenue": "3374000000", "costofGoodsAndServicesSold": "1209000000", "operatingIncome": "-110000000", "sellingGeneralAndAdministrative": "2126000000", "researchAndDevelopment": "None", "operatingExpenses": "4344000000", "investmentIncomeNet": "17000000", "netInterestIncome": "-23000000", "interestIncome": "17000000", "interestExpense": "23000000", "nonInterestIncome": "4234000000", "otherNonOperatingIncome": "-28000000", "depreciation": "None", "depreciationAndAmortization": "311000000", "incomeBeforeTax": "-144000000", "incomeTaxExpense": "-50000000", "interestAndDebtExpense": "23000000", "netIncomeFromContinuingOperations": "-94000000", "comprehensiveIncomeNetOfTax": "-219000000", "ebit": "-110000000", "ebitda": "190000000", "netIncome": "-94000000"}, {"fiscalDateEnding": "2019-12-31", "reportedCurrency": "USD", "grossProfit": "5729000000", "totalRevenue": "5729000000", "costOfRevenue": "4257000000", "costofGoodsAndServicesSold": "1432000000", "operatingIncome": "665000000", "sellingGeneralAndAdministrative": "3013000000", "researchAndDevelopment": "None", "operatingExpenses": "5065000000", "investmentIncomeNet": "20000000", "netInterestIncome": "-28000000", "interestIncome": "20000000", "interestExpense": "28000000", "nonInterestIncome": "5730000000", "otherNonOperatingIncome": "0", "depreciation": "None", "depreciationAndAmortization": "313000000", "incomeBeforeTax": "667000000", "incomeTaxExpense": "153000000", "interestAndDebtExpense": "28000000", "netIncomeFromContinuingOperations": "666000000", "comprehensiveIncomeNetOfTax": "515000000", "ebit": "695000000", "ebitda": "1008000000", "netIncome": "514000000"}, {"fiscalDateEnding": "2019-09-30", "reportedCurrency": "USD", "grossProfit": "1889000000", "totalRevenue": "5639000000", "costOfRevenue": "3745000000", "costofGoodsAndServicesSold": "1435000000", "operatingIncome": "819000000", "sellingGeneralAndAdministrative": "2764000000", "researchAndDevelopment": "None", "operatingExpenses": "4820000000", "investmentIncomeNet": "23000000", "netInterestIncome": "-30000000", "interestIncome": "23000000", "interestExpense": "30000000", "nonInterestIncome": "5639000000", "otherNonOperatingIncome": "-3000000", "depreciation": "None", "depreciationAndAmortization": "308000000", "incomeBeforeTax": "819000000", "incomeTaxExpense": "160000000", "interestAndDebtExpense": "30000000", "netIncomeFromContinuingOperations": "659000000", "comprehensiveIncomeNetOfTax": "566000000", "ebit": "849000000", "ebitda": "1157000000", "netIncome": "659000000"}, {"fiscalDateEnding": "2019-06-30", "reportedCurrency": "USD", "grossProfit": "2015000000", "totalRevenue": "5909000000", "costOfRevenue": "3863000000", "costofGoodsAndServicesSold": "1493000000", "operatingIncome": "968000000", "sellingGeneralAndAdministrative": "2836000000", "researchAndDevelopment": "None", "operatingExpenses": "4941000000", "investmentIncomeNet": "24000000", "netInterestIncome": "-31000000", "interestIncome": "24000000", "interestExpense": "31000000", "nonInterestIncome": "5909000000", "otherNonOperatingIncome": "-2000000", "depreciation": "None", "depreciationAndAmortization": "302000000", "incomeBeforeTax": "968000000", "incomeTaxExpense": "227000000", "interestAndDebtExpense": "31000000", "netIncomeFromContinuingOperations": "741000000", "comprehensiveIncomeNetOfTax": "675000000", "ebit": "999000000", "ebitda": "1301000000", "netIncome": "741000000"}, {"fiscalDateEnding": "2019-03-31", "reportedCurrency": "USD", "grossProfit": "1454000000", "totalRevenue": "5149000000", "costOfRevenue": "3664000000", "costofGoodsAndServicesSold": "1391000000", "operatingIncome": "505000000", "sellingGeneralAndAdministrative": "2706000000", "researchAndDevelopment": "None", "operatingExpenses": "4644000000", "investmentIncomeNet": "23000000", "netInterestIncome": "-31000000", "interestIncome": "23000000", "interestExpense": "31000000", "nonInterestIncome": "5149000000", "otherNonOperatingIncome": "-2000000", "depreciation": "None", "depreciationAndAmortization": "297000000", "incomeBeforeTax": "504000000", "incomeTaxExpense": "117000000", "interestAndDebtExpense": "31000000", "netIncomeFromContinuingOperations": "387000000", "comprehensiveIncomeNetOfTax": "463000000", "ebit": "535000000", "ebitda": "832000000", "netIncome": "387000000"}, {"fiscalDateEnding": "2018-12-31", "reportedCurrency": "USD", "grossProfit": "5704000000", "totalRevenue": "5704000000", "costOfRevenue": "5071000000", "costofGoodsAndServicesSold": "1554000000", "operatingIncome": "820000000", "sellingGeneralAndAdministrative": "2746000000", "researchAndDevelopment": "None", "operatingExpenses": "4884000000", "investmentIncomeNet": "22000000", "netInterestIncome": "-32000000", "interestIncome": "None", "interestExpense": "32000000", "nonInterestIncome": "5704000000", "otherNonOperatingIncome": "-2000000", "depreciation": "None", "depreciationAndAmortization": "331000000", "incomeBeforeTax": "817000000", "incomeTaxExpense": "163000000", "interestAndDebtExpense": "32000000", "netIncomeFromContinuingOperations": "817000000", "comprehensiveIncomeNetOfTax": "262000000", "ebit": "849000000", "ebitda": "1180000000", "netIncome": "654000000"}, {"fiscalDateEnding": "2018-09-30", "reportedCurrency": "USD", "grossProfit": "1746000000", "totalRevenue": "5575000000", "costOfRevenue": "3796000000", "costofGoodsAndServicesSold": "1583000000", "operatingIncome": "798000000", "sellingGeneralAndAdministrative": "2651000000", "researchAndDevelopment": "None", "operatingExpenses": "4777000000", "investmentIncomeNet": "20000000", "netInterestIncome": "-33000000", "interestIncome": "None", "interestExpense": "33000000", "nonInterestIncome": "5575000000", "otherNonOperatingIncome": "-8000000", "depreciation": "None", "depreciationAndAmortization": "301000000", "incomeBeforeTax": "786000000", "incomeTaxExpense": "171000000", "interestAndDebtExpense": "33000000", "netIncomeFromContinuingOperations": "615000000", "comprehensiveIncomeNetOfTax": "729000000", "ebit": "819000000", "ebitda": "1120000000", "netIncome": "615000000"}, {"fiscalDateEnding": "2018-06-30", "reportedCurrency": "USD", "grossProfit": "1937000000", "totalRevenue": "5742000000", "costOfRevenue": "3805000000", "costofGoodsAndServicesSold": "1586000000", "operatingIncome": "972000000", "sellingGeneralAndAdministrative": "1927000000", "researchAndDevelopment": "None", "operatingExpenses": "4770000000", "investmentIncomeNet": "15000000", "netInterestIncome": "-33000000", "interestIncome": "None", "interestExpense": "33000000", "nonInterestIncome": "5742000000", "otherNonOperatingIncome": "4000000", "depreciation": "None", "depreciationAndAmortization": "292000000", "incomeBeforeTax": "960000000", "incomeTaxExpense": "227000000", "interestAndDebtExpense": "33000000", "netIncomeFromContinuingOperations": "733000000", "comprehensiveIncomeNetOfTax": "953000000", "ebit": "993000000", "ebitda": "1285000000", "netIncome": "733000000"}, {"fiscalDateEnding": "2018-03-31", "reportedCurrency": "USD", "grossProfit": "1458000000", "totalRevenue": "4944000000", "costOfRevenue": "3486000000", "costofGoodsAndServicesSold": "1388000000", "operatingIncome": "616000000", "sellingGeneralAndAdministrative": "1821000000", "researchAndDevelopment": "None", "operatingExpenses": "4328000000", "investmentIncomeNet": "12000000", "netInterestIncome": "-32000000", "interestIncome": "None", "interestExpense": "32000000", "nonInterestIncome": "4944000000", "otherNonOperatingIncome": "4000000", "depreciation": "None", "depreciationAndAmortization": "277000000", "incomeBeforeTax": "602000000", "incomeTaxExpense": "139000000", "interestAndDebtExpense": "32000000", "netIncomeFromContinuingOperations": "463000000", "comprehensiveIncomeNetOfTax": "547000000", "ebit": "634000000", "ebitda": "911000000", "netIncome": "463000000"}, {"fiscalDateEnding": "2017-12-31", "reportedCurrency": "USD", "grossProfit": "5274000000", "totalRevenue": "5258000000", "costOfRevenue": "4754000000", "costofGoodsAndServicesSold": "1388000000", "operatingIncome": "741000000", "sellingGeneralAndAdministrative": "3087000000", "researchAndDevelopment": "None", "operatingExpenses": "4518000000", "investmentIncomeNet": "11000000", "netInterestIncome": "-30000000", "interestIncome": "None", "interestExpense": "30000000", "nonInterestIncome": "5258000000", "otherNonOperatingIncome": "3000000", "depreciation": "None", "depreciationAndAmortization": "279000000", "incomeBeforeTax": "735000000", "incomeTaxExpense": "-1012000000", "interestAndDebtExpense": "30000000", "netIncomeFromContinuingOperations": "737000000", "comprehensiveIncomeNetOfTax": "1895000000", "ebit": "765000000", "ebitda": "1044000000", "netIncome": "1747000000"}, {"fiscalDateEnding": "2017-09-30", "reportedCurrency": "USD", "grossProfit": "1796000000", "totalRevenue": "5303000000", "costOfRevenue": "3475000000", "costofGoodsAndServicesSold": "1378000000", "operatingIncome": "845000000", "sellingGeneralAndAdministrative": "1795000000", "researchAndDevelopment": "None", "operatingExpenses": "4458000000", "investmentIncomeNet": "9000000", "netInterestIncome": "-28000000", "interestIncome": "None", "interestExpense": "28000000", "nonInterestIncome": "5303000000", "otherNonOperatingIncome": "-9000000", "depreciation": "None", "depreciationAndAmortization": "302000000", "incomeBeforeTax": "832000000", "incomeTaxExpense": "304000000", "interestAndDebtExpense": "28000000", "netIncomeFromContinuingOperations": "503000000", "comprehensiveIncomeNetOfTax": "655000000", "ebit": "860000000", "ebitda": "1162000000", "netIncome": "528000000"}, {"fiscalDateEnding": "2017-06-30", "reportedCurrency": "USD", "grossProfit": "2183000000", "totalRevenue": "5731000000", "costOfRevenue": "3561000000", "costofGoodsAndServicesSold": "1375000000", "operatingIncome": "1215000000", "sellingGeneralAndAdministrative": "1867000000", "researchAndDevelopment": "None", "operatingExpenses": "4516000000", "investmentIncomeNet": "8000000", "netInterestIncome": "-27000000", "interestIncome": "None", "interestExpense": "27000000", "nonInterestIncome": "None", "otherNonOperatingIncome": "-44000000", "depreciation": "None", "depreciationAndAmortization": "319000000", "incomeBeforeTax": "1165000000", "incomeTaxExpense": "422000000", "interestAndDebtExpense": "27000000", "netIncomeFromContinuingOperations": "746000000", "comprehensiveIncomeNetOfTax": "792000000", "ebit": "1192000000", "ebitda": "1511000000", "netIncome": "743000000"}, {"fiscalDateEnding": "2017-03-31", "reportedCurrency": "USD", "grossProfit": "1543000000", "totalRevenue": "4854000000", "costOfRevenue": "3340000000", "costofGoodsAndServicesSold": "1289000000", "operatingIncome": "606000000", "sellingGeneralAndAdministrative": "1733000000", "researchAndDevelopment": "None", "operatingExpenses": "4248000000", "investmentIncomeNet": "7000000", "netInterestIncome": "-29000000", "interestIncome": "None", "interestExpense": "29000000", "nonInterestIncome": "None", "otherNonOperatingIncome": "63000000", "depreciation": "None", "depreciationAndAmortization": "318000000", "incomeBeforeTax": "532000000", "incomeTaxExpense": "193000000", "interestAndDebtExpense": "29000000", "netIncomeFromContinuingOperations": "351000000", "comprehensiveIncomeNetOfTax": "350000000", "ebit": "561000000", "ebitda": "879000000", "netIncome": "339000000"}, {"fiscalDateEnding": "2016-12-31", "reportedCurrency": "USD", "grossProfit": "5076000000", "totalRevenue": "5076000000", "costOfRevenue": "4490000000", "costofGoodsAndServicesSold": "1299000000", "operatingIncome": "846000000", "sellingGeneralAndAdministrative": "2873000000", "researchAndDevelopment": "None", "operatingExpenses": "4332000000", "investmentIncomeNet": "7000000", "netInterestIncome": "-29000000", "interestIncome": "None", "interestExpense": "29000000", "nonInterestIncome": "None", "otherNonOperatingIncome": "114000000", "depreciation": "None", "depreciationAndAmortization": "318000000", "incomeBeforeTax": "773000000", "incomeTaxExpense": "251000000", "interestAndDebtExpense": "29000000", "netIncomeFromContinuingOperations": "809000000", "comprehensiveIncomeNetOfTax": "637000000", "ebit": "802000000", "ebitda": "1120000000", "netIncome": "522000000"}]}