{"symbol": "LVS", "annualReports": [{"fiscalDateEnding": "2020-12-31", "reportedCurrency": "USD", "grossProfit": "1340000000", "totalRevenue": "3612000000", "costOfRevenue": "2272000000", "costofGoodsAndServicesSold": "2608000000", "operatingIncome": "-1688000000", "sellingGeneralAndAdministrative": "1093000000", "researchAndDevelopment": "18000000", "operatingExpenses": "2389000000", "investmentIncomeNet": "None", "netInterestIncome": "-536000000", "interestIncome": "21000000", "interestExpense": "536000000", "nonInterestIncome": "20000000", "otherNonOperatingIncome": "22000000", "depreciation": "1140000000", "depreciationAndAmortization": "1160000000", "incomeBeforeTax": "-1723000000", "incomeTaxExpense": "-38000000", "interestAndDebtExpense": "536000000", "netIncomeFromContinuingOperations": "-2143000000", "comprehensiveIncomeNetOfTax": "-1653000000", "ebit": "-1187000000", "ebitda": "-27000000", "netIncome": "-1685000000"}, {"fiscalDateEnding": "2019-12-31", "reportedCurrency": "USD", "grossProfit": "11038000000", "totalRevenue": "13739000000", "costOfRevenue": "2701000000", "costofGoodsAndServicesSold": "6832000000", "operatingIncome": "3698000000", "sellingGeneralAndAdministrative": "1502000000", "researchAndDevelopment": "24000000", "operatingExpenses": "2755000000", "investmentIncomeNet": "None", "netInterestIncome": "-555000000", "interestIncome": "74000000", "interestExpense": "555000000", "nonInterestIncome": "21000000", "otherNonOperatingIncome": "23000000", "depreciation": "1150000000", "depreciationAndAmortization": "1165000000", "incomeBeforeTax": "3166000000", "incomeTaxExpense": "468000000", "interestAndDebtExpense": "555000000", "netIncomeFromContinuingOperations": "3304000000", "comprehensiveIncomeNetOfTax": "2735000000", "ebit": "3721000000", "ebitda": "4886000000", "netIncome": "2698000000"}, {"fiscalDateEnding": "2018-12-31", "reportedCurrency": "USD", "grossProfit": "11129000000", "totalRevenue": "13729000000", "costOfRevenue": "2600000000", "costofGoodsAndServicesSold": "6974000000", "operatingIncome": "3751000000", "sellingGeneralAndAdministrative": "1483000000", "researchAndDevelopment": "12000000", "operatingExpenses": "2617000000", "investmentIncomeNet": "None", "netInterestIncome": "-446000000", "interestIncome": "59000000", "interestExpense": "446000000", "nonInterestIncome": "114000000", "otherNonOperatingIncome": "26000000", "depreciation": "1100000000", "depreciationAndAmortization": "1111000000", "incomeBeforeTax": "2788000000", "incomeTaxExpense": "375000000", "interestAndDebtExpense": "446000000", "netIncomeFromContinuingOperations": "2951000000", "comprehensiveIncomeNetOfTax": "2359000000", "ebit": "3234000000", "ebitda": "4345000000", "netIncome": "2413000000"}, {"fiscalDateEnding": "2017-12-31", "reportedCurrency": "USD", "grossProfit": "3814000000", "totalRevenue": "12728000000", "costOfRevenue": "8731000000", "costofGoodsAndServicesSold": "6136000000", "operatingIncome": "3464000000", "sellingGeneralAndAdministrative": "1417000000", "researchAndDevelopment": "13000000", "operatingExpenses": "2704000000", "investmentIncomeNet": "None", "netInterestIncome": "-327000000", "interestIncome": "16000000", "interestExpense": "327000000", "nonInterestIncome": "-10000000", "otherNonOperatingIncome": "-94000000", "depreciation": "1150000000", "depreciationAndAmortization": "1171000000", "incomeBeforeTax": "2599000000", "incomeTaxExpense": "-209000000", "interestAndDebtExpense": "332000000", "netIncomeFromContinuingOperations": "3261000000", "comprehensiveIncomeNetOfTax": "2941000000", "ebit": "2926000000", "ebitda": "4097000000", "netIncome": "2808000000"}, {"fiscalDateEnding": "2016-12-31", "reportedCurrency": "USD", "grossProfit": "3068000000", "totalRevenue": "11271000000", "costOfRevenue": "8046000000", "costofGoodsAndServicesSold": "5521000000", "operatingIncome": "2502000000", "sellingGeneralAndAdministrative": "1287000000", "researchAndDevelopment": "9000000", "operatingExpenses": "2786000000", "investmentIncomeNet": "None", "netInterestIncome": "-274000000", "interestIncome": "10000000", "interestExpense": "274000000", "nonInterestIncome": "-22000000", "otherNonOperatingIncome": "31000000", "depreciation": "None", "depreciationAndAmortization": "1111000000", "incomeBeforeTax": "1918000000", "incomeTaxExpense": "239000000", "interestAndDebtExpense": "274000000", "netIncomeFromContinuingOperations": "2016000000", "comprehensiveIncomeNetOfTax": "1626000000", "ebit": "2192000000", "ebitda": "3303000000", "netIncome": "1679000000"}], "quarterlyReports": [{"fiscalDateEnding": "2021-09-30", "reportedCurrency": "USD", "grossProfit": "366000000", "totalRevenue": "857000000", "costOfRevenue": "491000000", "costofGoodsAndServicesSold": "584000000", "operatingIncome": "-316000000", "sellingGeneralAndAdministrative": "223000000", "researchAndDevelopment": "13000000", "operatingExpenses": "507000000", "investmentIncomeNet": "None", "netInterestIncome": "-157000000", "interestIncome": "1000000", "interestExpense": "157000000", "nonInterestIncome": "-16000000", "otherNonOperatingIncome": "-12000000", "depreciation": "None", "depreciationAndAmortization": "262000000", "incomeBeforeTax": "-395000000", "incomeTaxExpense": "-27000000", "interestAndDebtExpense": "157000000", "netIncomeFromContinuingOperations": "-594000000", "comprehensiveIncomeNetOfTax": "-394000000", "ebit": "-238000000", "ebitda": "24000000", "netIncome": "-368000000"}, {"fiscalDateEnding": "2021-06-30", "reportedCurrency": "USD", "grossProfit": "692000000", "totalRevenue": "1173000000", "costOfRevenue": "481000000", "costofGoodsAndServicesSold": "711000000", "operatingIncome": "-139000000", "sellingGeneralAndAdministrative": "219000000", "researchAndDevelopment": "37000000", "operatingExpenses": "520000000", "investmentIncomeNet": "None", "netInterestIncome": "-158000000", "interestIncome": "-157000000", "interestExpense": "158000000", "nonInterestIncome": "10000000", "otherNonOperatingIncome": "10000000", "depreciation": "None", "depreciationAndAmortization": "258000000", "incomeBeforeTax": "-198000000", "incomeTaxExpense": "-6000000", "interestAndDebtExpense": "158000000", "netIncomeFromContinuingOperations": "-280000000", "comprehensiveIncomeNetOfTax": "-187000000", "ebit": "-40000000", "ebitda": "218000000", "netIncome": "-192000000"}, {"fiscalDateEnding": "2021-03-31", "reportedCurrency": "USD", "grossProfit": "711000000", "totalRevenue": "1196000000", "costOfRevenue": "485000000", "costofGoodsAndServicesSold": "728000000", "operatingIncome": "-96000000", "sellingGeneralAndAdministrative": "225000000", "researchAndDevelopment": "9000000", "operatingExpenses": "498000000", "investmentIncomeNet": "None", "netInterestIncome": "-154000000", "interestIncome": "-153000000", "interestExpense": "154000000", "nonInterestIncome": "-16000000", "otherNonOperatingIncome": "-17000000", "depreciation": "None", "depreciationAndAmortization": "255000000", "incomeBeforeTax": "-264000000", "incomeTaxExpense": "14000000", "interestAndDebtExpense": "154000000", "netIncomeFromContinuingOperations": "-280000000", "comprehensiveIncomeNetOfTax": "-318000000", "ebit": "-110000000", "ebitda": "145000000", "netIncome": "-278000000"}, {"fiscalDateEnding": "2020-12-31", "reportedCurrency": "USD", "grossProfit": "1146000000", "totalRevenue": "1146000000", "costOfRevenue": "547000000", "costofGoodsAndServicesSold": "722000000", "operatingIncome": "-211000000", "sellingGeneralAndAdministrative": "249000000", "researchAndDevelopment": "0", "operatingExpenses": "586000000", "investmentIncomeNet": "None", "netInterestIncome": "-150000000", "interestIncome": "10000000", "interestExpense": "150000000", "nonInterestIncome": "-9000000", "otherNonOperatingIncome": "-8000000", "depreciation": "None", "depreciationAndAmortization": "293000000", "incomeBeforeTax": "-291000000", "incomeTaxExpense": "8000000", "interestAndDebtExpense": "150000000", "netIncomeFromContinuingOperations": "-211000000", "comprehensiveIncomeNetOfTax": "-232000000", "ebit": "-141000000", "ebitda": "152000000", "netIncome": "-299000000"}, {"fiscalDateEnding": "2020-09-30", "reportedCurrency": "USD", "grossProfit": "26000000", "totalRevenue": "446000000", "costOfRevenue": "560000000", "costofGoodsAndServicesSold": "503000000", "operatingIncome": "-523000000", "sellingGeneralAndAdministrative": "196000000", "researchAndDevelopment": "3000000", "operatingExpenses": "588000000", "investmentIncomeNet": "None", "netInterestIncome": "-137000000", "interestIncome": "-3000000", "interestExpense": "134000000", "nonInterestIncome": "-5000000", "otherNonOperatingIncome": "-5000000", "depreciation": "None", "depreciationAndAmortization": "248000000", "incomeBeforeTax": "-582000000", "incomeTaxExpense": "5000000", "interestAndDebtExpense": "137000000", "netIncomeFromContinuingOperations": "-731000000", "comprehensiveIncomeNetOfTax": "-529000000", "ebit": "-445000000", "ebitda": "-153000000", "netIncome": "-565000000"}, {"fiscalDateEnding": "2020-06-30", "reportedCurrency": "USD", "grossProfit": "-453000000", "totalRevenue": "62000000", "costOfRevenue": "551000000", "costofGoodsAndServicesSold": "372000000", "operatingIncome": "-757000000", "sellingGeneralAndAdministrative": "190000000", "researchAndDevelopment": "9000000", "operatingExpenses": "577000000", "investmentIncomeNet": "None", "netInterestIncome": "-118000000", "interestIncome": "-4000000", "interestExpense": "114000000", "nonInterestIncome": "-5000000", "otherNonOperatingIncome": "-5000000", "depreciation": "None", "depreciationAndAmortization": "244000000", "incomeBeforeTax": "-874000000", "incomeTaxExpense": "-31000000", "interestAndDebtExpense": "118000000", "netIncomeFromContinuingOperations": "-985000000", "comprehensiveIncomeNetOfTax": "-775000000", "ebit": "-756000000", "ebitda": "-471000000", "netIncome": "-820000000"}, {"fiscalDateEnding": "2020-03-31", "reportedCurrency": "USD", "grossProfit": "1168000000", "totalRevenue": "1417000000", "costOfRevenue": "614000000", "costofGoodsAndServicesSold": "1011000000", "operatingIncome": "6000000", "sellingGeneralAndAdministrative": "229000000", "researchAndDevelopment": "6000000", "operatingExpenses": "638000000", "investmentIncomeNet": "None", "netInterestIncome": "-131000000", "interestIncome": "-3000000", "interestExpense": "128000000", "nonInterestIncome": "39000000", "otherNonOperatingIncome": "39000000", "depreciation": "None", "depreciationAndAmortization": "253000000", "incomeBeforeTax": "21000000", "incomeTaxExpense": "22000000", "interestAndDebtExpense": "131000000", "netIncomeFromContinuingOperations": "-51000000", "comprehensiveIncomeNetOfTax": "-117000000", "ebit": "149000000", "ebitda": "402000000", "netIncome": "-1000000"}, {"fiscalDateEnding": "2019-12-31", "reportedCurrency": "USD", "grossProfit": "3509000000", "totalRevenue": "3509000000", "costOfRevenue": "695000000", "costofGoodsAndServicesSold": "1717000000", "operatingIncome": "934000000", "sellingGeneralAndAdministrative": "393000000", "researchAndDevelopment": "11000000", "operatingExpenses": "721000000", "investmentIncomeNet": "None", "netInterestIncome": "-134000000", "interestIncome": "17000000", "interestExpense": "134000000", "nonInterestIncome": "30000000", "otherNonOperatingIncome": "31000000", "depreciation": "None", "depreciationAndAmortization": "291000000", "incomeBeforeTax": "694000000", "incomeTaxExpense": "65000000", "interestAndDebtExpense": "134000000", "netIncomeFromContinuingOperations": "934000000", "comprehensiveIncomeNetOfTax": "700000000", "ebit": "828000000", "ebitda": "1119000000", "netIncome": "629000000"}, {"fiscalDateEnding": "2019-09-30", "reportedCurrency": "USD", "grossProfit": "2593000000", "totalRevenue": "3250000000", "costOfRevenue": "657000000", "costofGoodsAndServicesSold": "1602000000", "operatingIncome": "899000000", "sellingGeneralAndAdministrative": "364000000", "researchAndDevelopment": "4000000", "operatingExpenses": "665000000", "investmentIncomeNet": "None", "netInterestIncome": "-137000000", "interestIncome": "20000000", "interestExpense": "137000000", "nonInterestIncome": "-11000000", "otherNonOperatingIncome": "-7000000", "depreciation": "None", "depreciationAndAmortization": "284000000", "incomeBeforeTax": "615000000", "incomeTaxExpense": "82000000", "interestAndDebtExpense": "137000000", "netIncomeFromContinuingOperations": "669000000", "comprehensiveIncomeNetOfTax": "478000000", "ebit": "752000000", "ebitda": "1036000000", "netIncome": "533000000"}, {"fiscalDateEnding": "2019-06-30", "reportedCurrency": "USD", "grossProfit": "2659000000", "totalRevenue": "3334000000", "costOfRevenue": "675000000", "costofGoodsAndServicesSold": "1689000000", "operatingIncome": "894000000", "sellingGeneralAndAdministrative": "376000000", "researchAndDevelopment": "4000000", "operatingExpenses": "686000000", "investmentIncomeNet": "None", "netInterestIncome": "-143000000", "interestIncome": "17000000", "interestExpense": "143000000", "nonInterestIncome": "24000000", "otherNonOperatingIncome": "20000000", "depreciation": "None", "depreciationAndAmortization": "289000000", "incomeBeforeTax": "1190000000", "incomeTaxExpense": "236000000", "interestAndDebtExpense": "143000000", "netIncomeFromContinuingOperations": "1108000000", "comprehensiveIncomeNetOfTax": "967000000", "ebit": "1333000000", "ebitda": "1622000000", "netIncome": "954000000"}, {"fiscalDateEnding": "2019-03-31", "reportedCurrency": "USD", "grossProfit": "2972000000", "totalRevenue": "3646000000", "costOfRevenue": "674000000", "costofGoodsAndServicesSold": "1824000000", "operatingIncome": "971000000", "sellingGeneralAndAdministrative": "369000000", "researchAndDevelopment": "5000000", "operatingExpenses": "683000000", "investmentIncomeNet": "None", "netInterestIncome": "-141000000", "interestIncome": "20000000", "interestExpense": "141000000", "nonInterestIncome": "-22000000", "otherNonOperatingIncome": "-21000000", "depreciation": "None", "depreciationAndAmortization": "301000000", "incomeBeforeTax": "667000000", "incomeTaxExpense": "85000000", "interestAndDebtExpense": "141000000", "netIncomeFromContinuingOperations": "744000000", "comprehensiveIncomeNetOfTax": "590000000", "ebit": "808000000", "ebitda": "1109000000", "netIncome": "582000000"}, {"fiscalDateEnding": "2018-12-31", "reportedCurrency": "USD", "grossProfit": "3475000000", "totalRevenue": "3475000000", "costOfRevenue": "694000000", "costofGoodsAndServicesSold": "1792000000", "operatingIncome": "874000000", "sellingGeneralAndAdministrative": "404000000", "researchAndDevelopment": "3000000", "operatingExpenses": "706000000", "investmentIncomeNet": "None", "netInterestIncome": "-138000000", "interestIncome": "None", "interestExpense": "138000000", "nonInterestIncome": "77000000", "otherNonOperatingIncome": "-8000000", "depreciation": "None", "depreciationAndAmortization": "289000000", "incomeBeforeTax": "612000000", "incomeTaxExpense": "782000000", "interestAndDebtExpense": "138000000", "netIncomeFromContinuingOperations": "874000000", "comprehensiveIncomeNetOfTax": "-174000000", "ebit": "750000000", "ebitda": "1039000000", "netIncome": "-170000000"}, {"fiscalDateEnding": "2018-09-30", "reportedCurrency": "USD", "grossProfit": "2720000000", "totalRevenue": "3372000000", "costOfRevenue": "652000000", "costofGoodsAndServicesSold": "1722000000", "operatingIncome": "922000000", "sellingGeneralAndAdministrative": "366000000", "researchAndDevelopment": "4000000", "operatingExpenses": "661000000", "investmentIncomeNet": "None", "netInterestIncome": "-126000000", "interestIncome": "None", "interestExpense": "126000000", "nonInterestIncome": "1000000", "otherNonOperatingIncome": "16000000", "depreciation": "None", "depreciationAndAmortization": "284000000", "incomeBeforeTax": "654000000", "incomeTaxExpense": "83000000", "interestAndDebtExpense": "126000000", "netIncomeFromContinuingOperations": "699000000", "comprehensiveIncomeNetOfTax": "579000000", "ebit": "780000000", "ebitda": "1064000000", "netIncome": "571000000"}, {"fiscalDateEnding": "2018-06-30", "reportedCurrency": "USD", "grossProfit": "2659000000", "totalRevenue": "3303000000", "costOfRevenue": "644000000", "costofGoodsAndServicesSold": "1706000000", "operatingIncome": "797000000", "sellingGeneralAndAdministrative": "368000000", "researchAndDevelopment": "2000000", "operatingExpenses": "653000000", "investmentIncomeNet": "None", "netInterestIncome": "-93000000", "interestIncome": "None", "interestExpense": "93000000", "nonInterestIncome": "51000000", "otherNonOperatingIncome": "44000000", "depreciation": "None", "depreciationAndAmortization": "274000000", "incomeBeforeTax": "637000000", "incomeTaxExpense": "81000000", "interestAndDebtExpense": "93000000", "netIncomeFromContinuingOperations": "676000000", "comprehensiveIncomeNetOfTax": "465000000", "ebit": "730000000", "ebitda": "1004000000", "netIncome": "556000000"}, {"fiscalDateEnding": "2018-03-31", "reportedCurrency": "USD", "grossProfit": "1212000000", "totalRevenue": "3579000000", "costOfRevenue": "2263000000", "costofGoodsAndServicesSold": "1653000000", "operatingIncome": "1158000000", "sellingGeneralAndAdministrative": "345000000", "researchAndDevelopment": "3000000", "operatingExpenses": "597000000", "investmentIncomeNet": "None", "netInterestIncome": "-89000000", "interestIncome": "None", "interestExpense": "89000000", "nonInterestIncome": "-15000000", "otherNonOperatingIncome": "-26000000", "depreciation": "None", "depreciationAndAmortization": "264000000", "incomeBeforeTax": "885000000", "incomeTaxExpense": "-571000000", "interestAndDebtExpense": "92000000", "netIncomeFromContinuingOperations": "1616000000", "comprehensiveIncomeNetOfTax": "1489000000", "ebit": "974000000", "ebitda": "1238000000", "netIncome": "1456000000"}, {"fiscalDateEnding": "2017-12-31", "reportedCurrency": "USD", "grossProfit": "3436000000", "totalRevenue": "3391000000", "costOfRevenue": "2248000000", "costofGoodsAndServicesSold": "1623000000", "operatingIncome": "1028000000", "sellingGeneralAndAdministrative": "365000000", "researchAndDevelopment": "5000000", "operatingExpenses": "649000000", "investmentIncomeNet": "None", "netInterestIncome": "-87000000", "interestIncome": "None", "interestExpense": "87000000", "nonInterestIncome": "33000000", "otherNonOperatingIncome": "-14000000", "depreciation": "None", "depreciationAndAmortization": "258000000", "incomeBeforeTax": "783000000", "incomeTaxExpense": "-429000000", "interestAndDebtExpense": "87000000", "netIncomeFromContinuingOperations": "1027000000", "comprehensiveIncomeNetOfTax": "1239000000", "ebit": "870000000", "ebitda": "1128000000", "netIncome": "1212000000"}, {"fiscalDateEnding": "2017-09-30", "reportedCurrency": "USD", "grossProfit": "967000000", "totalRevenue": "3161000000", "costOfRevenue": "2149000000", "costofGoodsAndServicesSold": "1525000000", "operatingIncome": "855000000", "sellingGeneralAndAdministrative": "359000000", "researchAndDevelopment": "3000000", "operatingExpenses": "650000000", "investmentIncomeNet": "None", "netInterestIncome": "-83000000", "interestIncome": "None", "interestExpense": "83000000", "nonInterestIncome": "0", "otherNonOperatingIncome": "-19000000", "depreciation": "None", "depreciationAndAmortization": "265000000", "incomeBeforeTax": "642000000", "incomeTaxExpense": "73000000", "interestAndDebtExpense": "83000000", "netIncomeFromContinuingOperations": "685000000", "comprehensiveIncomeNetOfTax": "602000000", "ebit": "725000000", "ebitda": "990000000", "netIncome": "569000000"}, {"fiscalDateEnding": "2017-06-30", "reportedCurrency": "USD", "grossProfit": "898000000", "totalRevenue": "3109000000", "costOfRevenue": "2164000000", "costofGoodsAndServicesSold": "1479000000", "operatingIncome": "817000000", "sellingGeneralAndAdministrative": "354000000", "researchAndDevelopment": "2000000", "operatingExpenses": "709000000", "investmentIncomeNet": "None", "netInterestIncome": "-79000000", "interestIncome": "None", "interestExpense": "79000000", "nonInterestIncome": "0", "otherNonOperatingIncome": "-25000000", "depreciation": "None", "depreciationAndAmortization": "327000000", "incomeBeforeTax": "624000000", "incomeTaxExpense": "78000000", "interestAndDebtExpense": "79000000", "netIncomeFromContinuingOperations": "638000000", "comprehensiveIncomeNetOfTax": "561000000", "ebit": "703000000", "ebitda": "1030000000", "netIncome": "546000000"}, {"fiscalDateEnding": "2017-03-31", "reportedCurrency": "USD", "grossProfit": "837000000", "totalRevenue": "3067000000", "costOfRevenue": "2170000000", "costofGoodsAndServicesSold": "1509000000", "operatingIncome": "764000000", "sellingGeneralAndAdministrative": "339000000", "researchAndDevelopment": "3000000", "operatingExpenses": "699000000", "investmentIncomeNet": "None", "netInterestIncome": "-78000000", "interestIncome": "None", "interestExpense": "78000000", "nonInterestIncome": "-21000000", "otherNonOperatingIncome": "-36000000", "depreciation": "None", "depreciationAndAmortization": "321000000", "incomeBeforeTax": "550000000", "incomeTaxExpense": "69000000", "interestAndDebtExpense": "78000000", "netIncomeFromContinuingOperations": "578000000", "comprehensiveIncomeNetOfTax": "539000000", "ebit": "628000000", "ebitda": "949000000", "netIncome": "481000000"}, {"fiscalDateEnding": "2016-12-31", "reportedCurrency": "USD", "grossProfit": "3075000000", "totalRevenue": "3169836000", "costOfRevenue": "2160764000", "costofGoodsAndServicesSold": "1486648000", "operatingIncome": "669000000", "sellingGeneralAndAdministrative": "356000000", "researchAndDevelopment": "2242000", "operatingExpenses": "774313000", "investmentIncomeNet": "None", "netInterestIncome": "-76126000", "interestIncome": "-126000", "interestExpense": "76000000", "nonInterestIncome": "13825000", "otherNonOperatingIncome": "64000000", "depreciation": "None", "depreciationAndAmortization": "319000000", "incomeBeforeTax": "561000000", "incomeTaxExpense": "52000000", "interestAndDebtExpense": "76126000", "netIncomeFromContinuingOperations": "669000000", "comprehensiveIncomeNetOfTax": "402000000", "ebit": "637000000", "ebitda": "956000000", "netIncome": "509000000"}]}