{"symbol": "MA", "annualReports": [{"fiscalDateEnding": "2020-12-31", "reportedCurrency": "USD", "grossProfit": "8154000000", "totalRevenue": "15301000000", "costOfRevenue": "7147000000", "costofGoodsAndServicesSold": "3787000000", "operatingIncome": "8081000000", "sellingGeneralAndAdministrative": "6567000000", "researchAndDevelopment": "None", "operatingExpenses": "7220000000", "investmentIncomeNet": "24000000", "netInterestIncome": "-380000000", "interestIncome": "-326000000", "interestExpense": "380000000", "nonInterestIncome": "23646000000", "otherNonOperatingIncome": "5000000", "depreciation": "None", "depreciationAndAmortization": "580000000", "incomeBeforeTax": "7833000000", "incomeTaxExpense": "1349000000", "interestAndDebtExpense": "380000000", "netIncomeFromContinuingOperations": "6441000000", "comprehensiveIncomeNetOfTax": "6477000000", "ebit": "8081000000", "ebitda": "8793000000", "netIncome": "6484000000"}, {"fiscalDateEnding": "2019-12-31", "reportedCurrency": "USD", "grossProfit": "9664000000", "totalRevenue": "16883000000", "costOfRevenue": "7219000000", "costofGoodsAndServicesSold": "3537000000", "operatingIncome": "9664000000", "sellingGeneralAndAdministrative": "6697000000", "researchAndDevelopment": "None", "operatingExpenses": "7219000000", "investmentIncomeNet": "97000000", "netInterestIncome": "-224000000", "interestIncome": "40000000", "interestExpense": "224000000", "nonInterestIncome": "25147000000", "otherNonOperatingIncome": "27000000", "depreciation": "None", "depreciationAndAmortization": "522000000", "incomeBeforeTax": "9732000000", "incomeTaxExpense": "1613000000", "interestAndDebtExpense": "224000000", "netIncomeFromContinuingOperations": "8285000000", "comprehensiveIncomeNetOfTax": "8164000000", "ebit": "9664000000", "ebitda": "10478000000", "netIncome": "8119000000"}, {"fiscalDateEnding": "2018-12-31", "reportedCurrency": "USD", "grossProfit": "8410000000", "totalRevenue": "14950000000", "costOfRevenue": "6540000000", "costofGoodsAndServicesSold": "3214000000", "operatingIncome": "7282000000", "sellingGeneralAndAdministrative": "6081000000", "researchAndDevelopment": "None", "operatingExpenses": "7668000000", "investmentIncomeNet": "122000000", "netInterestIncome": "-186000000", "interestIncome": "-64000000", "interestExpense": "186000000", "nonInterestIncome": "21831000000", "otherNonOperatingIncome": "-14000000", "depreciation": "None", "depreciationAndAmortization": "459000000", "incomeBeforeTax": "7198000000", "incomeTaxExpense": "1345000000", "interestAndDebtExpense": "186000000", "netIncomeFromContinuingOperations": "5859000000", "comprehensiveIncomeNetOfTax": "5632000000", "ebit": "7282000000", "ebitda": "7843000000", "netIncome": "5853000000"}, {"fiscalDateEnding": "2017-12-31", "reportedCurrency": "USD", "grossProfit": "6483000000", "totalRevenue": "12497000000", "costOfRevenue": "5860000000", "costofGoodsAndServicesSold": "2687000000", "operatingIncome": "6622000000", "sellingGeneralAndAdministrative": "5424000000", "researchAndDevelopment": "None", "operatingExpenses": "5875000000", "investmentIncomeNet": "56000000", "netInterestIncome": "-154000000", "interestIncome": "-98000000", "interestExpense": "154000000", "nonInterestIncome": "None", "otherNonOperatingIncome": "-2000000", "depreciation": "None", "depreciationAndAmortization": "436000000", "incomeBeforeTax": "6523000000", "incomeTaxExpense": "2607000000", "interestAndDebtExpense": "154000000", "netIncomeFromContinuingOperations": "3915000000", "comprehensiveIncomeNetOfTax": "4343000000", "ebit": "6622000000", "ebitda": "7113000000", "netIncome": "3916000000"}, {"fiscalDateEnding": "2016-12-31", "reportedCurrency": "USD", "grossProfit": "5783000000", "totalRevenue": "10776000000", "costOfRevenue": "4898000000", "costofGoodsAndServicesSold": "2225000000", "operatingIncome": "5761000000", "sellingGeneralAndAdministrative": "4525000000", "researchAndDevelopment": "None", "operatingExpenses": "5015000000", "investmentIncomeNet": "43000000", "netInterestIncome": "-95000000", "interestIncome": "-52000000", "interestExpense": "95000000", "nonInterestIncome": "None", "otherNonOperatingIncome": "-63000000", "depreciation": "None", "depreciationAndAmortization": "373000000", "incomeBeforeTax": "5640000000", "incomeTaxExpense": "1587000000", "interestAndDebtExpense": "95000000", "netIncomeFromContinuingOperations": "4059000000", "comprehensiveIncomeNetOfTax": "3805000000", "ebit": "5761000000", "ebitda": "6108000000", "netIncome": "4053000000"}], "quarterlyReports": [{"fiscalDateEnding": "2021-09-30", "reportedCurrency": "USD", "grossProfit": "2744000000", "totalRevenue": "4985000000", "costOfRevenue": "2241000000", "costofGoodsAndServicesSold": "1166000000", "operatingIncome": "2717000000", "sellingGeneralAndAdministrative": "2053000000", "researchAndDevelopment": "None", "operatingExpenses": "2268000000", "investmentIncomeNet": "5000000", "netInterestIncome": "-110000000", "interestIncome": "92000000", "interestExpense": "110000000", "nonInterestIncome": "7826000000", "otherNonOperatingIncome": "7000000", "depreciation": "None", "depreciationAndAmortization": "188000000", "incomeBeforeTax": "2805000000", "incomeTaxExpense": "402000000", "interestAndDebtExpense": "110000000", "netIncomeFromContinuingOperations": "2414000000", "comprehensiveIncomeNetOfTax": "2265000000", "ebit": "2717000000", "ebitda": "3103000000", "netIncome": "2403000000"}, {"fiscalDateEnding": "2021-06-30", "reportedCurrency": "USD", "grossProfit": "2408000000", "totalRevenue": "4528000000", "costOfRevenue": "2120000000", "costofGoodsAndServicesSold": "1130000000", "operatingIncome": "2341000000", "sellingGeneralAndAdministrative": "1934000000", "researchAndDevelopment": "None", "operatingExpenses": "2187000000", "investmentIncomeNet": "3000000", "netInterestIncome": "-106000000", "interestIncome": "140000000", "interestExpense": "106000000", "nonInterestIncome": "7219000000", "otherNonOperatingIncome": "-3000000", "depreciation": "None", "depreciationAndAmortization": "186000000", "incomeBeforeTax": "2478000000", "incomeTaxExpense": "412000000", "interestAndDebtExpense": "106000000", "netIncomeFromContinuingOperations": "2066000000", "comprehensiveIncomeNetOfTax": "2151000000", "ebit": "2341000000", "ebitda": "2770000000", "netIncome": "2066000000"}, {"fiscalDateEnding": "2021-03-31", "reportedCurrency": "USD", "grossProfit": "2197000000", "totalRevenue": "4155000000", "costOfRevenue": "1958000000", "costofGoodsAndServicesSold": "1104000000", "operatingIncome": "2197000000", "sellingGeneralAndAdministrative": "1795000000", "researchAndDevelopment": "None", "operatingExpenses": "1958000000", "investmentIncomeNet": "1000000", "netInterestIncome": "-107000000", "interestIncome": "-12000000", "interestExpense": "107000000", "nonInterestIncome": "6522000000", "otherNonOperatingIncome": "5000000", "depreciation": "None", "depreciationAndAmortization": "163000000", "incomeBeforeTax": "2191000000", "incomeTaxExpense": "362000000", "interestAndDebtExpense": "107000000", "netIncomeFromContinuingOperations": "1922000000", "comprehensiveIncomeNetOfTax": "1771000000", "ebit": "2197000000", "ebitda": "2461000000", "netIncome": "1829000000"}, {"fiscalDateEnding": "2020-12-31", "reportedCurrency": "USD", "grossProfit": "2103000000", "totalRevenue": "4120000000", "costOfRevenue": "2017000000", "costofGoodsAndServicesSold": "970000000", "operatingIncome": "2058000000", "sellingGeneralAndAdministrative": "1867000000", "researchAndDevelopment": "None", "operatingExpenses": "2062000000", "investmentIncomeNet": "-3000000", "netInterestIncome": "-105000000", "interestIncome": "112000000", "interestExpense": "105000000", "nonInterestIncome": "6646000000", "otherNonOperatingIncome": "-2000000", "depreciation": "None", "depreciationAndAmortization": "150000000", "incomeBeforeTax": "2205000000", "incomeTaxExpense": "383000000", "interestAndDebtExpense": "105000000", "netIncomeFromContinuingOperations": "2005000000", "comprehensiveIncomeNetOfTax": "2022000000", "ebit": "2058000000", "ebitda": "2460000000", "netIncome": "1822000000"}, {"fiscalDateEnding": "2020-09-30", "reportedCurrency": "USD", "grossProfit": "2105000000", "totalRevenue": "3837000000", "costOfRevenue": "1732000000", "costofGoodsAndServicesSold": "940000000", "operatingIncome": "2105000000", "sellingGeneralAndAdministrative": "1591000000", "researchAndDevelopment": "None", "operatingExpenses": "1732000000", "investmentIncomeNet": "3000000", "netInterestIncome": "-105000000", "interestIncome": "-193000000", "interestExpense": "105000000", "nonInterestIncome": "5935000000", "otherNonOperatingIncome": "3000000", "depreciation": "None", "depreciationAndAmortization": "141000000", "incomeBeforeTax": "1947000000", "incomeTaxExpense": "402000000", "interestAndDebtExpense": "105000000", "netIncomeFromContinuingOperations": "1513000000", "comprehensiveIncomeNetOfTax": "1711000000", "ebit": "2105000000", "ebitda": "2193000000", "netIncome": "1545000000"}, {"fiscalDateEnding": "2020-06-30", "reportedCurrency": "USD", "grossProfit": "1729000000", "totalRevenue": "3335000000", "costOfRevenue": "1606000000", "costofGoodsAndServicesSold": "915000000", "operatingIncome": "1707000000", "sellingGeneralAndAdministrative": "1461000000", "researchAndDevelopment": "None", "operatingExpenses": "1628000000", "investmentIncomeNet": "8000000", "netInterestIncome": "-101000000", "interestIncome": "-18000000", "interestExpense": "101000000", "nonInterestIncome": "5093000000", "otherNonOperatingIncome": "1000000", "depreciation": "None", "depreciationAndAmortization": "145000000", "incomeBeforeTax": "1693000000", "incomeTaxExpense": "270000000", "interestAndDebtExpense": "101000000", "netIncomeFromContinuingOperations": "1420000000", "comprehensiveIncomeNetOfTax": "1456000000", "ebit": "1707000000", "ebitda": "1939000000", "netIncome": "1423000000"}, {"fiscalDateEnding": "2020-03-31", "reportedCurrency": "USD", "grossProfit": "2217000000", "totalRevenue": "4009000000", "costOfRevenue": "1792000000", "costofGoodsAndServicesSold": "962000000", "operatingIncome": "2211000000", "sellingGeneralAndAdministrative": "1648000000", "researchAndDevelopment": "None", "operatingExpenses": "1798000000", "investmentIncomeNet": "16000000", "netInterestIncome": "-69000000", "interestIncome": "-227000000", "interestExpense": "69000000", "nonInterestIncome": "5988000000", "otherNonOperatingIncome": "3000000", "depreciation": "None", "depreciationAndAmortization": "144000000", "incomeBeforeTax": "1988000000", "incomeTaxExpense": "294000000", "interestAndDebtExpense": "69000000", "netIncomeFromContinuingOperations": "1519000000", "comprehensiveIncomeNetOfTax": "1288000000", "ebit": "2211000000", "ebitda": "2201000000", "netIncome": "1694000000"}, {"fiscalDateEnding": "2019-12-31", "reportedCurrency": "USD", "grossProfit": "4414000000", "totalRevenue": "4414000000", "costOfRevenue": "2015000000", "costofGoodsAndServicesSold": "936000000", "operatingIncome": "2399000000", "sellingGeneralAndAdministrative": "1869000000", "researchAndDevelopment": "None", "operatingExpenses": "2015000000", "investmentIncomeNet": "20000000", "netInterestIncome": "-64000000", "interestIncome": "75000000", "interestExpense": "64000000", "nonInterestIncome": "6889000000", "otherNonOperatingIncome": "1000000", "depreciation": "None", "depreciationAndAmortization": "146000000", "incomeBeforeTax": "2475000000", "incomeTaxExpense": "375000000", "interestAndDebtExpense": "64000000", "netIncomeFromContinuingOperations": "2399000000", "comprehensiveIncomeNetOfTax": "2100000000", "ebit": "2399000000", "ebitda": "2685000000", "netIncome": "2100000000"}, {"fiscalDateEnding": "2019-09-30", "reportedCurrency": "USD", "grossProfit": "2655000000", "totalRevenue": "4467000000", "costOfRevenue": "1812000000", "costofGoodsAndServicesSold": "937000000", "operatingIncome": "2655000000", "sellingGeneralAndAdministrative": "1675000000", "researchAndDevelopment": "None", "operatingExpenses": "1812000000", "investmentIncomeNet": "26000000", "netInterestIncome": "-63000000", "interestIncome": "-137000000", "interestExpense": "63000000", "nonInterestIncome": "6557000000", "otherNonOperatingIncome": "16000000", "depreciation": "None", "depreciationAndAmortization": "137000000", "incomeBeforeTax": "2533000000", "incomeTaxExpense": "426000000", "interestAndDebtExpense": "63000000", "netIncomeFromContinuingOperations": "2108000000", "comprehensiveIncomeNetOfTax": "1979000000", "ebit": "2655000000", "ebitda": "2733000000", "netIncome": "2107000000"}, {"fiscalDateEnding": "2019-06-30", "reportedCurrency": "USD", "grossProfit": "2397000000", "totalRevenue": "4113000000", "costOfRevenue": "1716000000", "costofGoodsAndServicesSold": "853000000", "operatingIncome": "2397000000", "sellingGeneralAndAdministrative": "1594000000", "researchAndDevelopment": "None", "operatingExpenses": "1716000000", "investmentIncomeNet": "24000000", "netInterestIncome": "-51000000", "interestIncome": "116000000", "interestExpense": "51000000", "nonInterestIncome": "6069000000", "otherNonOperatingIncome": "6000000", "depreciation": "None", "depreciationAndAmortization": "122000000", "incomeBeforeTax": "2524000000", "incomeTaxExpense": "471000000", "interestAndDebtExpense": "51000000", "netIncomeFromContinuingOperations": "2048000000", "comprehensiveIncomeNetOfTax": "1996000000", "ebit": "2397000000", "ebitda": "2697000000", "netIncome": "2053000000"}, {"fiscalDateEnding": "2019-03-31", "reportedCurrency": "USD", "grossProfit": "2213000000", "totalRevenue": "3889000000", "costOfRevenue": "1676000000", "costofGoodsAndServicesSold": "811000000", "operatingIncome": "2213000000", "sellingGeneralAndAdministrative": "1559000000", "researchAndDevelopment": "None", "operatingExpenses": "1676000000", "investmentIncomeNet": "27000000", "netInterestIncome": "-46000000", "interestIncome": "-14000000", "interestExpense": "46000000", "nonInterestIncome": "5632000000", "otherNonOperatingIncome": "4000000", "depreciation": "None", "depreciationAndAmortization": "117000000", "incomeBeforeTax": "2202000000", "incomeTaxExpense": "341000000", "interestAndDebtExpense": "46000000", "netIncomeFromContinuingOperations": "1862000000", "comprehensiveIncomeNetOfTax": "1906000000", "ebit": "2213000000", "ebitda": "2365000000", "netIncome": "1861000000"}, {"fiscalDateEnding": "2018-12-31", "reportedCurrency": "USD", "grossProfit": "3807000000", "totalRevenue": "3807000000", "costOfRevenue": "1816000000", "costofGoodsAndServicesSold": "843000000", "operatingIncome": "1234000000", "sellingGeneralAndAdministrative": "1703000000", "researchAndDevelopment": "None", "operatingExpenses": "2573000000", "investmentIncomeNet": "43000000", "netInterestIncome": "-47000000", "interestIncome": "None", "interestExpense": "47000000", "nonInterestIncome": "5778000000", "otherNonOperatingIncome": "-15000000", "depreciation": "None", "depreciationAndAmortization": "113000000", "incomeBeforeTax": "1215000000", "incomeTaxExpense": "316000000", "interestAndDebtExpense": "47000000", "netIncomeFromContinuingOperations": "1234000000", "comprehensiveIncomeNetOfTax": "899000000", "ebit": "1234000000", "ebitda": "1375000000", "netIncome": "899000000"}, {"fiscalDateEnding": "2018-09-30", "reportedCurrency": "USD", "grossProfit": "2316000000", "totalRevenue": "3898000000", "costOfRevenue": "1582000000", "costofGoodsAndServicesSold": "822000000", "operatingIncome": "2287000000", "sellingGeneralAndAdministrative": "1471000000", "researchAndDevelopment": "None", "operatingExpenses": "1611000000", "investmentIncomeNet": "31000000", "netInterestIncome": "-48000000", "interestIncome": "None", "interestExpense": "48000000", "nonInterestIncome": "5633000000", "otherNonOperatingIncome": "-6000000", "depreciation": "None", "depreciationAndAmortization": "111000000", "incomeBeforeTax": "2264000000", "incomeTaxExpense": "365000000", "interestAndDebtExpense": "48000000", "netIncomeFromContinuingOperations": "1899000000", "comprehensiveIncomeNetOfTax": "1861000000", "ebit": "2287000000", "ebitda": "2423000000", "netIncome": "1899000000"}, {"fiscalDateEnding": "2018-06-30", "reportedCurrency": "USD", "grossProfit": "7463000000", "totalRevenue": "3665000000", "costOfRevenue": "1504000000", "costofGoodsAndServicesSold": "797000000", "operatingIncome": "1936000000", "sellingGeneralAndAdministrative": "1389000000", "researchAndDevelopment": "None", "operatingExpenses": "1729000000", "investmentIncomeNet": "31000000", "netInterestIncome": "-48000000", "interestIncome": "None", "interestExpense": "48000000", "nonInterestIncome": "5350000000", "otherNonOperatingIncome": "3000000", "depreciation": "None", "depreciationAndAmortization": "115000000", "incomeBeforeTax": "1922000000", "incomeTaxExpense": "353000000", "interestAndDebtExpense": "48000000", "netIncomeFromContinuingOperations": "1569000000", "comprehensiveIncomeNetOfTax": "1310000000", "ebit": "1936000000", "ebitda": "2085000000", "netIncome": "1569000000"}, {"fiscalDateEnding": "2018-03-31", "reportedCurrency": "USD", "grossProfit": "6969000000", "totalRevenue": "3580000000", "costOfRevenue": "1638000000", "costofGoodsAndServicesSold": "752000000", "operatingIncome": "1825000000", "sellingGeneralAndAdministrative": "1518000000", "researchAndDevelopment": "None", "operatingExpenses": "1755000000", "investmentIncomeNet": "17000000", "netInterestIncome": "-43000000", "interestIncome": "None", "interestExpense": "43000000", "nonInterestIncome": "5070000000", "otherNonOperatingIncome": "4000000", "depreciation": "None", "depreciationAndAmortization": "120000000", "incomeBeforeTax": "1802000000", "incomeTaxExpense": "311000000", "interestAndDebtExpense": "43000000", "netIncomeFromContinuingOperations": "1492000000", "comprehensiveIncomeNetOfTax": "1615000000", "ebit": "1825000000", "ebitda": "1965000000", "netIncome": "1491000000"}, {"fiscalDateEnding": "2017-12-31", "reportedCurrency": "USD", "grossProfit": "3312000000", "totalRevenue": "3312000000", "costOfRevenue": "1790000000", "costofGoodsAndServicesSold": "726000000", "operatingIncome": "1522000000", "sellingGeneralAndAdministrative": "1675000000", "researchAndDevelopment": "None", "operatingExpenses": "1790000000", "investmentIncomeNet": "12000000", "netInterestIncome": "-41000000", "interestIncome": "None", "interestExpense": "41000000", "nonInterestIncome": "None", "otherNonOperatingIncome": "-9000000", "depreciation": "None", "depreciationAndAmortization": "115000000", "incomeBeforeTax": "1484000000", "incomeTaxExpense": "1257000000", "interestAndDebtExpense": "41000000", "netIncomeFromContinuingOperations": "1522000000", "comprehensiveIncomeNetOfTax": "227000000", "ebit": "1522000000", "ebitda": "1640000000", "netIncome": "227000000"}, {"fiscalDateEnding": "2017-09-30", "reportedCurrency": "USD", "grossProfit": "1906000000", "totalRevenue": "3398000000", "costOfRevenue": "1457000000", "costofGoodsAndServicesSold": "723000000", "operatingIncome": "1941000000", "sellingGeneralAndAdministrative": "1339000000", "researchAndDevelopment": "None", "operatingExpenses": "1457000000", "investmentIncomeNet": "15000000", "netInterestIncome": "-35000000", "interestIncome": "None", "interestExpense": "35000000", "nonInterestIncome": "None", "otherNonOperatingIncome": "11000000", "depreciation": "None", "depreciationAndAmortization": "118000000", "incomeBeforeTax": "1932000000", "incomeTaxExpense": "502000000", "interestAndDebtExpense": "35000000", "netIncomeFromContinuingOperations": "1430000000", "comprehensiveIncomeNetOfTax": "1587000000", "ebit": "1941000000", "ebitda": "2085000000", "netIncome": "1430000000"}, {"fiscalDateEnding": "2017-06-30", "reportedCurrency": "USD", "grossProfit": "1614000000", "totalRevenue": "3053000000", "costOfRevenue": "1400000000", "costofGoodsAndServicesSold": "644000000", "operatingIncome": "1653000000", "sellingGeneralAndAdministrative": "1289000000", "researchAndDevelopment": "None", "operatingExpenses": "1400000000", "investmentIncomeNet": "14000000", "netInterestIncome": "-39000000", "interestIncome": "None", "interestExpense": "39000000", "nonInterestIncome": "None", "otherNonOperatingIncome": "0", "depreciation": "None", "depreciationAndAmortization": "111000000", "incomeBeforeTax": "1628000000", "incomeTaxExpense": "451000000", "interestAndDebtExpense": "39000000", "netIncomeFromContinuingOperations": "1177000000", "comprehensiveIncomeNetOfTax": "1341000000", "ebit": "1653000000", "ebitda": "1778000000", "netIncome": "1177000000"}, {"fiscalDateEnding": "2017-03-31", "reportedCurrency": "USD", "grossProfit": "1482000000", "totalRevenue": "2734000000", "costOfRevenue": "1213000000", "costofGoodsAndServicesSold": "594000000", "operatingIncome": "1506000000", "sellingGeneralAndAdministrative": "1121000000", "researchAndDevelopment": "None", "operatingExpenses": "1228000000", "investmentIncomeNet": "15000000", "netInterestIncome": "-39000000", "interestIncome": "None", "interestExpense": "39000000", "nonInterestIncome": "None", "otherNonOperatingIncome": "-4000000", "depreciation": "None", "depreciationAndAmortization": "92000000", "incomeBeforeTax": "1477000000", "incomeTaxExpense": "397000000", "interestAndDebtExpense": "39000000", "netIncomeFromContinuingOperations": "1081000000", "comprehensiveIncomeNetOfTax": "1141000000", "ebit": "1506000000", "ebitda": "1608000000", "netIncome": "1080000000"}, {"fiscalDateEnding": "2016-12-31", "reportedCurrency": "USD", "grossProfit": "2756000000", "totalRevenue": "2821000000", "costOfRevenue": "1383000000", "costofGoodsAndServicesSold": "579000000", "operatingIncome": "1363000000", "sellingGeneralAndAdministrative": "1291000000", "researchAndDevelopment": "None", "operatingExpenses": "1393000000", "investmentIncomeNet": "11000000", "netInterestIncome": "-30000000", "interestIncome": "None", "interestExpense": "30000000", "nonInterestIncome": "None", "otherNonOperatingIncome": "-33000000", "depreciation": "None", "depreciationAndAmortization": "92000000", "incomeBeforeTax": "1311000000", "incomeTaxExpense": "378000000", "interestAndDebtExpense": "30000000", "netIncomeFromContinuingOperations": "1363000000", "comprehensiveIncomeNetOfTax": "933000000", "ebit": "1363000000", "ebitda": "1433000000", "netIncome": "933000000"}]}