{"symbol": "MCD", "annualReports": [{"fiscalDateEnding": "2020-12-31", "reportedCurrency": "USD", "grossProfit": "15211399973", "totalRevenue": "19207800000", "costOfRevenue": "3996400026", "costofGoodsAndServicesSold": "9455700000", "operatingIncome": "7324000000", "sellingGeneralAndAdministrative": "2245000000", "researchAndDevelopment": "None", "operatingExpenses": "3968200026", "investmentIncomeNet": "None", "netInterestIncome": "-1218100000", "interestIncome": "-1218100000", "interestExpense": "1218100000", "nonInterestIncome": "28200000", "otherNonOperatingIncome": "34800000", "depreciation": "1469400000", "depreciationAndAmortization": "1751400000", "incomeBeforeTax": "6140700000", "incomeTaxExpense": "1410200000", "interestAndDebtExpense": "1218100000", "netIncomeFromContinuingOperations": "6066000000", "comprehensiveIncomeNetOfTax": "4626400000", "ebit": "7358800000", "ebitda": "9110200000", "netIncome": "4730500000"}, {"fiscalDateEnding": "2019-12-31", "reportedCurrency": "USD", "grossProfit": "17328600000", "totalRevenue": "21364400000", "costOfRevenue": "3747900000", "costofGoodsAndServicesSold": "9961200000", "operatingIncome": "9069800000", "sellingGeneralAndAdministrative": "2229400000", "researchAndDevelopment": "None", "operatingExpenses": "3619700000", "investmentIncomeNet": "None", "netInterestIncome": "-1121900000", "interestIncome": "37000000", "interestExpense": "1121900000", "nonInterestIncome": "128200000", "otherNonOperatingIncome": "70200000", "depreciation": "1392200000", "depreciationAndAmortization": "1617900000", "incomeBeforeTax": "8018100000", "incomeTaxExpense": "1992700000", "interestAndDebtExpense": "1121900000", "netIncomeFromContinuingOperations": "7301100000", "comprehensiveIncomeNetOfTax": "6152200000", "ebit": "9140000000", "ebitda": "10757900000", "netIncome": "6025400000"}, {"fiscalDateEnding": "2018-12-31", "reportedCurrency": "USD", "grossProfit": "15370800000", "totalRevenue": "21257900000", "costOfRevenue": "5654400000", "costofGoodsAndServicesSold": "1973300000", "operatingIncome": "8822600000", "sellingGeneralAndAdministrative": "2200200000", "researchAndDevelopment": "None", "operatingExpenses": "3372300000", "investmentIncomeNet": "None", "netInterestIncome": "-981200000", "interestIncome": "4000000", "interestExpense": "981200000", "nonInterestIncome": "308800000", "otherNonOperatingIncome": "-25300000", "depreciation": "1302900000", "depreciationAndAmortization": "1482000000", "incomeBeforeTax": "7816100000", "incomeTaxExpense": "1891800000", "interestAndDebtExpense": "981200000", "netIncomeFromContinuingOperations": "7057000000", "comprehensiveIncomeNetOfTax": "5493200000", "ebit": "8797300000", "ebitda": "10279300000", "netIncome": "5924300000"}, {"fiscalDateEnding": "2017-12-31", "reportedCurrency": "USD", "grossProfit": "17435700000", "totalRevenue": "22820400000", "costOfRevenue": "5384700000", "costofGoodsAndServicesSold": "1790000000", "operatingIncome": "9552700000", "sellingGeneralAndAdministrative": "2231300000", "researchAndDevelopment": "None", "operatingExpenses": "2438900000", "investmentIncomeNet": "None", "netInterestIncome": "-921300000", "interestIncome": "7000000", "interestExpense": "921300000", "nonInterestIncome": "1155800000", "otherNonOperatingIncome": "-57900000", "depreciation": "1227500000", "depreciationAndAmortization": "1363400000", "incomeBeforeTax": "8573500000", "incomeTaxExpense": "3381200000", "interestAndDebtExpense": "921300000", "netIncomeFromContinuingOperations": "6297300000", "comprehensiveIncomeNetOfTax": "6106800000", "ebit": "9494800000", "ebitda": "10858200000", "netIncome": "5192300000"}, {"fiscalDateEnding": "2016-12-31", "reportedCurrency": "USD", "grossProfit": "18962600000", "totalRevenue": "24621900000", "costOfRevenue": "5659300000", "costofGoodsAndServicesSold": "1718400000", "operatingIncome": "7744500000", "sellingGeneralAndAdministrative": "2384500000", "researchAndDevelopment": "None", "operatingExpenses": "3940900000", "investmentIncomeNet": "None", "netInterestIncome": "-884800000", "interestIncome": "4000000", "interestExpense": "884800000", "nonInterestIncome": "310700000", "otherNonOperatingIncome": "6300000", "depreciation": "1390700000", "depreciationAndAmortization": "1516500000", "incomeBeforeTax": "6866000000", "incomeTaxExpense": "2179500000", "interestAndDebtExpense": "884800000", "netIncomeFromContinuingOperations": "5626100000", "comprehensiveIncomeNetOfTax": "4473400000", "ebit": "7750800000", "ebitda": "9267300000", "netIncome": "4686500000"}], "quarterlyReports": [{"fiscalDateEnding": "2021-09-30", "reportedCurrency": "USD", "grossProfit": "4579900000", "totalRevenue": "6201300000", "costOfRevenue": "1621400000", "costofGoodsAndServicesSold": "592600000", "operatingIncome": "2986500000", "sellingGeneralAndAdministrative": "559600000", "researchAndDevelopment": "None", "operatingExpenses": "1028800000", "investmentIncomeNet": "None", "netInterestIncome": "-293700000", "interestIncome": "-293700000", "interestExpense": "293700000", "nonInterestIncome": "106000000", "otherNonOperatingIncome": "-1400000", "depreciation": "None", "depreciationAndAmortization": "469200000", "incomeBeforeTax": "2691400000", "incomeTaxExpense": "541500000", "interestAndDebtExpense": "293700000", "netIncomeFromContinuingOperations": "2443600000", "comprehensiveIncomeNetOfTax": "2057900000", "ebit": "2985100000", "ebitda": "3454300000", "netIncome": "2149900000"}, {"fiscalDateEnding": "2021-06-30", "reportedCurrency": "USD", "grossProfit": "4273000000", "totalRevenue": "5887900000", "costOfRevenue": "1614900000", "costofGoodsAndServicesSold": "579100000", "operatingIncome": "2691100000", "sellingGeneralAndAdministrative": "572400000", "researchAndDevelopment": "None", "operatingExpenses": "1035800000", "investmentIncomeNet": "None", "netInterestIncome": "-296500000", "interestIncome": "-296500000", "interestExpense": "296500000", "nonInterestIncome": "98000000", "otherNonOperatingIncome": "-18600000", "depreciation": "None", "depreciationAndAmortization": "463400000", "incomeBeforeTax": "2376000000", "incomeTaxExpense": "156700000", "interestAndDebtExpense": "296500000", "netIncomeFromContinuingOperations": "2515800000", "comprehensiveIncomeNetOfTax": "2284000000", "ebit": "2672500000", "ebitda": "3135900000", "netIncome": "2219300000"}, {"fiscalDateEnding": "2021-03-31", "reportedCurrency": "USD", "grossProfit": "3608800000", "totalRevenue": "5124600000", "costOfRevenue": "1515800000", "costofGoodsAndServicesSold": "571500000", "operatingIncome": "2281300000", "sellingGeneralAndAdministrative": "490400000", "researchAndDevelopment": "None", "operatingExpenses": "944300000", "investmentIncomeNet": "None", "netInterestIncome": "-300000000", "interestIncome": "-300000000", "interestExpense": "300000000", "nonInterestIncome": "128600000", "otherNonOperatingIncome": "-28600000", "depreciation": "None", "depreciationAndAmortization": "453900000", "incomeBeforeTax": "1952700000", "incomeTaxExpense": "415500000", "interestAndDebtExpense": "300000000", "netIncomeFromContinuingOperations": "1837200000", "comprehensiveIncomeNetOfTax": "1488100000", "ebit": "2252700000", "ebitda": "2706600000", "netIncome": "1537200000"}, {"fiscalDateEnding": "2020-12-31", "reportedCurrency": "USD", "grossProfit": "5824399973", "totalRevenue": "5313800000", "costOfRevenue": "-510599973", "costofGoodsAndServicesSold": "2533600000", "operatingIncome": "2142900000", "sellingGeneralAndAdministrative": "698000000", "researchAndDevelopment": "None", "operatingExpenses": "1107800026", "investmentIncomeNet": "None", "netInterestIncome": "-308900000", "interestIncome": "-308900000", "interestExpense": "308900000", "nonInterestIncome": "-110800000", "otherNonOperatingIncome": "-4000000", "depreciation": "None", "depreciationAndAmortization": "464300000", "incomeBeforeTax": "1830000000", "incomeTaxExpense": "452800000", "interestAndDebtExpense": "308900000", "netIncomeFromContinuingOperations": "1803500000", "comprehensiveIncomeNetOfTax": "1549200000", "ebit": "2138900000", "ebitda": "2603200000", "netIncome": "1377200000"}, {"fiscalDateEnding": "2020-09-30", "reportedCurrency": "USD", "grossProfit": "3955400000", "totalRevenue": "5418100000", "costOfRevenue": "1462700000", "costofGoodsAndServicesSold": "567900000", "operatingIncome": "2526400000", "sellingGeneralAndAdministrative": "454700000", "researchAndDevelopment": "None", "operatingExpenses": "894800000", "investmentIncomeNet": "None", "netInterestIncome": "-310100000", "interestIncome": "-307300000", "interestExpense": "310100000", "nonInterestIncome": "None", "otherNonOperatingIncome": "800000", "depreciation": "None", "depreciationAndAmortization": "440100000", "incomeBeforeTax": "2217100000", "incomeTaxExpense": "454500000", "interestAndDebtExpense": "310100000", "netIncomeFromContinuingOperations": "2072700000", "comprehensiveIncomeNetOfTax": "1810100000", "ebit": "2527200000", "ebitda": "2967300000", "netIncome": "1762600000"}, {"fiscalDateEnding": "2020-06-30", "reportedCurrency": "USD", "grossProfit": "2223400000", "totalRevenue": "3761500000", "costOfRevenue": "1538100000", "costofGoodsAndServicesSold": "524500000", "operatingIncome": "961100000", "sellingGeneralAndAdministrative": "576000000", "researchAndDevelopment": "None", "operatingExpenses": "1013600000", "investmentIncomeNet": "None", "netInterestIncome": "-319100000", "interestIncome": "-313500000", "interestExpense": "319100000", "nonInterestIncome": "None", "otherNonOperatingIncome": "6700000", "depreciation": "None", "depreciationAndAmortization": "425700000", "incomeBeforeTax": "648700000", "incomeTaxExpense": "164900000", "interestAndDebtExpense": "319100000", "netIncomeFromContinuingOperations": "802900000", "comprehensiveIncomeNetOfTax": "673900000", "ebit": "967800000", "ebitda": "1393500000", "netIncome": "483800000"}, {"fiscalDateEnding": "2020-03-31", "reportedCurrency": "USD", "grossProfit": "3222600000", "totalRevenue": "4714400000", "costOfRevenue": "1491800000", "costofGoodsAndServicesSold": "554200000", "operatingIncome": "1693600000", "sellingGeneralAndAdministrative": "516300000", "researchAndDevelopment": "None", "operatingExpenses": "937600000", "investmentIncomeNet": "None", "netInterestIncome": "-280000000", "interestIncome": "5400000", "interestExpense": "280000000", "nonInterestIncome": "None", "otherNonOperatingIncome": "31300000", "depreciation": "None", "depreciationAndAmortization": "421300000", "incomeBeforeTax": "1444900000", "incomeTaxExpense": "338000000", "interestAndDebtExpense": "280000000", "netIncomeFromContinuingOperations": "1386900000", "comprehensiveIncomeNetOfTax": "593200000", "ebit": "1724900000", "ebitda": "2146200000", "netIncome": "1106900000"}, {"fiscalDateEnding": "2019-12-31", "reportedCurrency": "USD", "grossProfit": "5349000000", "totalRevenue": "5349000000", "costOfRevenue": "-669500000", "costofGoodsAndServicesSold": "2502900000", "operatingIncome": "2292600000", "sellingGeneralAndAdministrative": "653600000", "researchAndDevelopment": "None", "operatingExpenses": "839600000", "investmentIncomeNet": "None", "netInterestIncome": "-283000000", "interestIncome": "7400000", "interestExpense": "283000000", "nonInterestIncome": "None", "otherNonOperatingIncome": "17200000", "depreciation": "None", "depreciationAndAmortization": "413600000", "incomeBeforeTax": "2026800000", "incomeTaxExpense": "454600000", "interestAndDebtExpense": "283000000", "netIncomeFromContinuingOperations": "2292600000", "comprehensiveIncomeNetOfTax": "1752600000", "ebit": "2309800000", "ebitda": "2723400000", "netIncome": "1572200000"}, {"fiscalDateEnding": "2019-09-30", "reportedCurrency": "USD", "grossProfit": "3914100000", "totalRevenue": "5502300000", "costOfRevenue": "1516500000", "costofGoodsAndServicesSold": "559500000", "operatingIncome": "2409300000", "sellingGeneralAndAdministrative": "543600000", "researchAndDevelopment": "None", "operatingExpenses": "957000000", "investmentIncomeNet": "None", "netInterestIncome": "-280600000", "interestIncome": "8900000", "interestExpense": "280600000", "nonInterestIncome": "None", "otherNonOperatingIncome": "23500000", "depreciation": "None", "depreciationAndAmortization": "413400000", "incomeBeforeTax": "2152200000", "incomeTaxExpense": "544300000", "interestAndDebtExpense": "280600000", "netIncomeFromContinuingOperations": "1888500000", "comprehensiveIncomeNetOfTax": "1441400000", "ebit": "2432800000", "ebitda": "2846200000", "netIncome": "1607900000"}, {"fiscalDateEnding": "2019-06-30", "reportedCurrency": "USD", "grossProfit": "3865200000", "totalRevenue": "5409800000", "costOfRevenue": "1476100000", "costofGoodsAndServicesSold": "544700000", "operatingIncome": "2273900000", "sellingGeneralAndAdministrative": "533100000", "researchAndDevelopment": "None", "operatingExpenses": "931400000", "investmentIncomeNet": "None", "netInterestIncome": "-284200000", "interestIncome": "10700000", "interestExpense": "284200000", "nonInterestIncome": "None", "otherNonOperatingIncome": "18100000", "depreciation": "None", "depreciationAndAmortization": "398300000", "incomeBeforeTax": "2007800000", "incomeTaxExpense": "490900000", "interestAndDebtExpense": "284200000", "netIncomeFromContinuingOperations": "1801100000", "comprehensiveIncomeNetOfTax": "1540400000", "ebit": "2292000000", "ebitda": "2690300000", "netIncome": "1516900000"}, {"fiscalDateEnding": "2019-03-31", "reportedCurrency": "USD", "grossProfit": "3530800000", "totalRevenue": "5024100000", "costOfRevenue": "1424800000", "costofGoodsAndServicesSold": "533100000", "operatingIncome": "2094000000", "sellingGeneralAndAdministrative": "499100000", "researchAndDevelopment": "None", "operatingExpenses": "891700000", "investmentIncomeNet": "None", "netInterestIncome": "-274100000", "interestIncome": "10000000", "interestExpense": "274100000", "nonInterestIncome": "None", "otherNonOperatingIncome": "11400000", "depreciation": "None", "depreciationAndAmortization": "392600000", "incomeBeforeTax": "1831300000", "incomeTaxExpense": "502900000", "interestAndDebtExpense": "274100000", "netIncomeFromContinuingOperations": "1602500000", "comprehensiveIncomeNetOfTax": "1417800000", "ebit": "2105400000", "ebitda": "2498000000", "netIncome": "1328400000"}, {"fiscalDateEnding": "2018-12-31", "reportedCurrency": "USD", "grossProfit": "5163000000", "totalRevenue": "5163000000", "costOfRevenue": "1497400000", "costofGoodsAndServicesSold": "509700000", "operatingIncome": "1999500000", "sellingGeneralAndAdministrative": "609800000", "researchAndDevelopment": "None", "operatingExpenses": "936000000", "investmentIncomeNet": "None", "netInterestIncome": "-254100000", "interestIncome": "None", "interestExpense": "254100000", "nonInterestIncome": "51700000", "otherNonOperatingIncome": "6000000", "depreciation": "None", "depreciationAndAmortization": "379000000", "incomeBeforeTax": "1751400000", "incomeTaxExpense": "336100000", "interestAndDebtExpense": "254100000", "netIncomeFromContinuingOperations": "1999500000", "comprehensiveIncomeNetOfTax": "1314100000", "ebit": "2005500000", "ebitda": "2384500000", "netIncome": "1415300000"}, {"fiscalDateEnding": "2018-09-30", "reportedCurrency": "USD", "grossProfit": "3979700000", "totalRevenue": "5369400000", "costOfRevenue": "1389700000", "costofGoodsAndServicesSold": "499400000", "operatingIncome": "2417700000", "sellingGeneralAndAdministrative": "515200000", "researchAndDevelopment": "None", "operatingExpenses": "822300000", "investmentIncomeNet": "None", "netInterestIncome": "-250100000", "interestIncome": "None", "interestExpense": "250100000", "nonInterestIncome": "68000000", "otherNonOperatingIncome": "-8900000", "depreciation": "None", "depreciationAndAmortization": "375100000", "incomeBeforeTax": "2158700000", "incomeTaxExpense": "521400000", "interestAndDebtExpense": "250100000", "netIncomeFromContinuingOperations": "1887400000", "comprehensiveIncomeNetOfTax": "1564000000", "ebit": "2408800000", "ebitda": "2783900000", "netIncome": "1637300000"}, {"fiscalDateEnding": "2018-06-30", "reportedCurrency": "USD", "grossProfit": "3962900000", "totalRevenue": "5353900000", "costOfRevenue": "1391000000", "costofGoodsAndServicesSold": "483900000", "operatingIncome": "2262300000", "sellingGeneralAndAdministrative": "542100000", "researchAndDevelopment": "None", "operatingExpenses": "907100000", "investmentIncomeNet": "None", "netInterestIncome": "-240200000", "interestIncome": "None", "interestExpense": "240200000", "nonInterestIncome": "None", "otherNonOperatingIncome": "-4000000", "depreciation": "None", "depreciationAndAmortization": "365000000", "incomeBeforeTax": "2018100000", "incomeTaxExpense": "521800000", "interestAndDebtExpense": "240200000", "netIncomeFromContinuingOperations": "1736500000", "comprehensiveIncomeNetOfTax": "1207800000", "ebit": "2258300000", "ebitda": "2623300000", "netIncome": "1496300000"}, {"fiscalDateEnding": "2018-03-31", "reportedCurrency": "USD", "grossProfit": "3762600000", "totalRevenue": "5138900000", "costOfRevenue": "1376300000", "costofGoodsAndServicesSold": "480300000", "operatingIncome": "2143100000", "sellingGeneralAndAdministrative": "533100000", "researchAndDevelopment": "None", "operatingExpenses": "896000000", "investmentIncomeNet": "None", "netInterestIncome": "-236800000", "interestIncome": "None", "interestExpense": "236800000", "nonInterestIncome": "None", "otherNonOperatingIncome": "-18400000", "depreciation": "None", "depreciationAndAmortization": "362900000", "incomeBeforeTax": "1887900000", "incomeTaxExpense": "512500000", "interestAndDebtExpense": "236800000", "netIncomeFromContinuingOperations": "1612200000", "comprehensiveIncomeNetOfTax": "1407300000", "ebit": "2124700000", "ebitda": "2487600000", "netIncome": "1375400000"}, {"fiscalDateEnding": "2017-12-31", "reportedCurrency": "USD", "grossProfit": "5340200000", "totalRevenue": "5340200000", "costOfRevenue": "1425000000", "costofGoodsAndServicesSold": "464600000", "operatingIncome": "2144200000", "sellingGeneralAndAdministrative": "617600000", "researchAndDevelopment": "None", "operatingExpenses": "869800000", "investmentIncomeNet": "None", "netInterestIncome": "-235100000", "interestIncome": "None", "interestExpense": "235100000", "nonInterestIncome": "90600000", "otherNonOperatingIncome": "-24000000", "depreciation": "None", "depreciationAndAmortization": "342800000", "incomeBeforeTax": "1885100000", "incomeTaxExpense": "1186400000", "interestAndDebtExpense": "235100000", "netIncomeFromContinuingOperations": "2144200000", "comprehensiveIncomeNetOfTax": "757000000", "ebit": "2120200000", "ebitda": "2463000000", "netIncome": "698700000"}, {"fiscalDateEnding": "2017-09-30", "reportedCurrency": "USD", "grossProfit": "4374500000", "totalRevenue": "5754600000", "costOfRevenue": "1380100000", "costofGoodsAndServicesSold": "457300000", "operatingIncome": "3079400000", "sellingGeneralAndAdministrative": "567000000", "researchAndDevelopment": "None", "operatingExpenses": "20800000", "investmentIncomeNet": "None", "netInterestIncome": "-236700000", "interestIncome": "None", "interestExpense": "236700000", "nonInterestIncome": "902000000", "otherNonOperatingIncome": "-23200000", "depreciation": "None", "depreciationAndAmortization": "355800000", "incomeBeforeTax": "2819500000", "incomeTaxExpense": "935800000", "interestAndDebtExpense": "236700000", "netIncomeFromContinuingOperations": "2120400000", "comprehensiveIncomeNetOfTax": "2133400000", "ebit": "3056200000", "ebitda": "3412000000", "netIncome": "1883700000"}, {"fiscalDateEnding": "2017-06-30", "reportedCurrency": "USD", "grossProfit": "4746800000", "totalRevenue": "6049700000", "costOfRevenue": "1302900000", "costofGoodsAndServicesSold": "438000000", "operatingIncome": "2295100000", "sellingGeneralAndAdministrative": "525400000", "researchAndDevelopment": "None", "operatingExpenses": "864900000", "investmentIncomeNet": "None", "netInterestIncome": "-230900000", "interestIncome": "None", "interestExpense": "230900000", "nonInterestIncome": "None", "otherNonOperatingIncome": "-2800000", "depreciation": "None", "depreciationAndAmortization": "339500000", "incomeBeforeTax": "2061400000", "incomeTaxExpense": "666300000", "interestAndDebtExpense": "230900000", "netIncomeFromContinuingOperations": "1626000000", "comprehensiveIncomeNetOfTax": "1613700000", "ebit": "2292300000", "ebitda": "2631800000", "netIncome": "1395100000"}, {"fiscalDateEnding": "2017-03-31", "reportedCurrency": "USD", "grossProfit": "4399200000", "totalRevenue": "5675900000", "costOfRevenue": "1276700000", "costofGoodsAndServicesSold": "430100000", "operatingIncome": "2034000000", "sellingGeneralAndAdministrative": "521300000", "researchAndDevelopment": "None", "operatingExpenses": "846600000", "investmentIncomeNet": "None", "netInterestIncome": "-218600000", "interestIncome": "None", "interestExpense": "218600000", "nonInterestIncome": "None", "otherNonOperatingIncome": "-7900000", "depreciation": "None", "depreciationAndAmortization": "325300000", "incomeBeforeTax": "1807500000", "incomeTaxExpense": "592700000", "interestAndDebtExpense": "218600000", "netIncomeFromContinuingOperations": "1433400000", "comprehensiveIncomeNetOfTax": "1602700000", "ebit": "2026100000", "ebitda": "2351400000", "netIncome": "1214800000"}, {"fiscalDateEnding": "2016-12-31", "reportedCurrency": "USD", "grossProfit": "6028900000", "totalRevenue": "6028900000", "costOfRevenue": "1481100000", "costofGoodsAndServicesSold": "434800000", "operatingIncome": "1969000000", "sellingGeneralAndAdministrative": "627500000", "researchAndDevelopment": "None", "operatingExpenses": "1046300000", "investmentIncomeNet": "None", "netInterestIncome": "-221200000", "interestIncome": "None", "interestExpense": "221200000", "nonInterestIncome": "102600000", "otherNonOperatingIncome": "-12900000", "depreciation": "None", "depreciationAndAmortization": "378900000", "incomeBeforeTax": "1734900000", "incomeTaxExpense": "541500000", "interestAndDebtExpense": "221200000", "netIncomeFromContinuingOperations": "1969000000", "comprehensiveIncomeNetOfTax": "723100000", "ebit": "1956100000", "ebitda": "2335000000", "netIncome": "1193400000"}]}