{"symbol": "MCHP", "annualReports": [{"fiscalDateEnding": "2021-03-31", "reportedCurrency": "USD", "grossProfit": "3378800000", "totalRevenue": "5438400000", "costOfRevenue": "2059600000", "costofGoodsAndServicesSold": "2059600000", "operatingIncome": "998100000", "sellingGeneralAndAdministrative": "610300000", "researchAndDevelopment": "836400000", "operatingExpenses": "2380700000", "investmentIncomeNet": "1700000", "netInterestIncome": "-356900000", "interestIncome": "1700000", "interestExpense": "356900000", "nonInterestIncome": "5145900000", "otherNonOperatingIncome": "-3800000", "depreciation": "160600000", "depreciationAndAmortization": "992700000", "incomeBeforeTax": "339500000", "incomeTaxExpense": "-9900000", "interestAndDebtExpense": "656500000", "netIncomeFromContinuingOperations": "349400000", "comprehensiveIncomeNetOfTax": "344800000", "ebit": "696400000", "ebitda": "1689100000", "netIncome": "349400000"}, {"fiscalDateEnding": "2020-03-31", "reportedCurrency": "USD", "grossProfit": "3242100000", "totalRevenue": "5274200000", "costOfRevenue": "2032100000", "costofGoodsAndServicesSold": "2032100000", "operatingIncome": "647100000", "sellingGeneralAndAdministrative": "676600000", "researchAndDevelopment": "877800000", "operatingExpenses": "2595000000", "investmentIncomeNet": "2800000", "netInterestIncome": "-497300000", "interestIncome": "2800000", "interestExpense": "497300000", "nonInterestIncome": "5271000000", "otherNonOperatingIncome": "3200000", "depreciation": "168900000", "depreciationAndAmortization": "1046700000", "incomeBeforeTax": "150400000", "incomeTaxExpense": "-420200000", "interestAndDebtExpense": "502700000", "netIncomeFromContinuingOperations": "570600000", "comprehensiveIncomeNetOfTax": "571000000", "ebit": "647700000", "ebitda": "1694400000", "netIncome": "570600000"}, {"fiscalDateEnding": "2019-03-31", "reportedCurrency": "USD", "grossProfit": "2931300000", "totalRevenue": "5349500000", "costOfRevenue": "2418200000", "costofGoodsAndServicesSold": "2418200000", "operatingIncome": "714300000", "sellingGeneralAndAdministrative": "682900000", "researchAndDevelopment": "826300000", "operatingExpenses": "2217000000", "investmentIncomeNet": "8100000", "netInterestIncome": "-502900000", "interestIncome": "8100000", "interestExpense": "502900000", "nonInterestIncome": "5338600000", "otherNonOperatingIncome": "-2200000", "depreciation": "180600000", "depreciationAndAmortization": "695800000", "incomeBeforeTax": "204500000", "incomeTaxExpense": "-151400000", "interestAndDebtExpense": "515500000", "netIncomeFromContinuingOperations": "355900000", "comprehensiveIncomeNetOfTax": "354500000", "ebit": "707400000", "ebitda": "1403200000", "netIncome": "355900000"}, {"fiscalDateEnding": "2018-03-31", "reportedCurrency": "USD", "grossProfit": "2420700000", "totalRevenue": "3980800000", "costOfRevenue": "1560100000", "costofGoodsAndServicesSold": "1560100000", "operatingIncome": "936300000", "sellingGeneralAndAdministrative": "452100000", "researchAndDevelopment": "529300000", "operatingExpenses": "1484400000", "investmentIncomeNet": "22000000", "netInterestIncome": "-199000000", "interestIncome": "22000000", "interestExpense": "199000000", "nonInterestIncome": "-800000", "otherNonOperatingIncome": "-5800000", "depreciation": "123700000", "depreciationAndAmortization": "492200000", "incomeBeforeTax": "737300000", "incomeTaxExpense": "481900000", "interestAndDebtExpense": "215000000", "netIncomeFromContinuingOperations": "255400000", "comprehensiveIncomeNetOfTax": "252200000", "ebit": "936300000", "ebitda": "1428500000", "netIncome": "255400000"}, {"fiscalDateEnding": "2017-03-31", "reportedCurrency": "USD", "grossProfit": "1757200000", "totalRevenue": "3407800000", "costOfRevenue": "1650600000", "costofGoodsAndServicesSold": "1650611000", "operatingIncome": "275800000", "sellingGeneralAndAdministrative": "499800000", "researchAndDevelopment": "545300000", "operatingExpenses": "1481400000", "investmentIncomeNet": "3079000", "netInterestIncome": "-146346000", "interestIncome": "-46000", "interestExpense": "146300000", "nonInterestIncome": "-42333000", "otherNonOperatingIncome": "1300000", "depreciation": "122900000", "depreciationAndAmortization": "346300000", "incomeBeforeTax": "83800000", "incomeTaxExpense": "-80800000", "interestAndDebtExpense": "190225000", "netIncomeFromContinuingOperations": "170600000", "comprehensiveIncomeNetOfTax": "153600000", "ebit": "230100000", "ebitda": "576400000", "netIncome": "164600000"}], "quarterlyReports": [{"fiscalDateEnding": "2021-09-30", "reportedCurrency": "USD", "grossProfit": "1068300000", "totalRevenue": "1649800000", "costOfRevenue": "581500000", "costofGoodsAndServicesSold": "581500000", "operatingIncome": "416300000", "sellingGeneralAndAdministrative": "179900000", "researchAndDevelopment": "246200000", "operatingExpenses": "652000000", "investmentIncomeNet": "100000", "netInterestIncome": "-64800000", "interestIncome": "100000", "interestExpense": "64800000", "nonInterestIncome": "1564600000", "otherNonOperatingIncome": "-1600000", "depreciation": "43700000", "depreciationAndAmortization": "233800000", "incomeBeforeTax": "264800000", "incomeTaxExpense": "22800000", "interestAndDebtExpense": "150000000", "netIncomeFromContinuingOperations": "242000000", "comprehensiveIncomeNetOfTax": "243800000", "ebit": "329600000", "ebitda": "563400000", "netIncome": "242000000"}, {"fiscalDateEnding": "2021-06-30", "reportedCurrency": "USD", "grossProfit": "1007600000", "totalRevenue": "1569400000", "costOfRevenue": "561800000", "costofGoodsAndServicesSold": "561800000", "operatingIncome": "368800000", "sellingGeneralAndAdministrative": "174300000", "researchAndDevelopment": "238400000", "operatingExpenses": "638800000", "investmentIncomeNet": "300000", "netInterestIncome": "-72300000", "interestIncome": "300000", "interestExpense": "72300000", "nonInterestIncome": "1569100000", "otherNonOperatingIncome": "500000", "depreciation": "41200000", "depreciationAndAmortization": "231000000", "incomeBeforeTax": "297000000", "incomeTaxExpense": "44200000", "interestAndDebtExpense": "72600000", "netIncomeFromContinuingOperations": "252800000", "comprehensiveIncomeNetOfTax": "252800000", "ebit": "369300000", "ebitda": "600300000", "netIncome": "252800000"}, {"fiscalDateEnding": "2021-03-31", "reportedCurrency": "USD", "grossProfit": "926800000", "totalRevenue": "1467100000", "costOfRevenue": "540300000", "costofGoodsAndServicesSold": "540300000", "operatingIncome": "308000000", "sellingGeneralAndAdministrative": "165100000", "researchAndDevelopment": "228500000", "operatingExpenses": "618800000", "investmentIncomeNet": "900000", "netInterestIncome": "-78000000", "interestIncome": "900000", "interestExpense": "78000000", "nonInterestIncome": "1387700000", "otherNonOperatingIncome": "-900000", "depreciation": "40200000", "depreciationAndAmortization": "247600000", "incomeBeforeTax": "144400000", "incomeTaxExpense": "28400000", "interestAndDebtExpense": "163600000", "netIncomeFromContinuingOperations": "116000000", "comprehensiveIncomeNetOfTax": "112100000", "ebit": "222400000", "ebitda": "470000000", "netIncome": "116000000"}, {"fiscalDateEnding": "2020-12-31", "reportedCurrency": "USD", "grossProfit": "845800000", "totalRevenue": "1352100000", "costOfRevenue": "506300000", "costofGoodsAndServicesSold": "506300000", "operatingIncome": "245600000", "sellingGeneralAndAdministrative": "154200000", "researchAndDevelopment": "210100000", "operatingExpenses": "600200000", "investmentIncomeNet": "200000", "netInterestIncome": "-86500000", "interestIncome": "200000", "interestExpense": "86500000", "nonInterestIncome": "1210000000", "otherNonOperatingIncome": "-400000", "depreciation": "40300000", "depreciationAndAmortization": "246600000", "incomeBeforeTax": "16800000", "incomeTaxExpense": "-19400000", "interestAndDebtExpense": "228600000", "netIncomeFromContinuingOperations": "36200000", "comprehensiveIncomeNetOfTax": "34800000", "ebit": "103300000", "ebitda": "349900000", "netIncome": "36200000"}, {"fiscalDateEnding": "2020-09-30", "reportedCurrency": "USD", "grossProfit": "807900000", "totalRevenue": "1309500000", "costOfRevenue": "501600000", "costofGoodsAndServicesSold": "501600000", "operatingIncome": "226200000", "sellingGeneralAndAdministrative": "144700000", "researchAndDevelopment": "199800000", "operatingExpenses": "581700000", "investmentIncomeNet": "300000", "netInterestIncome": "-93300000", "interestIncome": "300000", "interestExpense": "93300000", "nonInterestIncome": "1264400000", "otherNonOperatingIncome": "700000", "depreciation": "39000000", "depreciationAndAmortization": "246800000", "incomeBeforeTax": "88800000", "incomeTaxExpense": "15200000", "interestAndDebtExpense": "138400000", "netIncomeFromContinuingOperations": "73600000", "comprehensiveIncomeNetOfTax": "73800000", "ebit": "182100000", "ebitda": "428900000", "netIncome": "73600000"}, {"fiscalDateEnding": "2020-06-30", "reportedCurrency": "USD", "grossProfit": "798300000", "totalRevenue": "1309700000", "costOfRevenue": "511400000", "costofGoodsAndServicesSold": "511400000", "operatingIncome": "218300000", "sellingGeneralAndAdministrative": "146300000", "researchAndDevelopment": "198000000", "operatingExpenses": "580000000", "investmentIncomeNet": "300000", "netInterestIncome": "-99100000", "interestIncome": "300000", "interestExpense": "99100000", "nonInterestIncome": "1283800000", "otherNonOperatingIncome": "-3200000", "depreciation": "41100000", "depreciationAndAmortization": "251700000", "incomeBeforeTax": "89500000", "incomeTaxExpense": "-34100000", "interestAndDebtExpense": "125900000", "netIncomeFromContinuingOperations": "123600000", "comprehensiveIncomeNetOfTax": "124100000", "ebit": "188600000", "ebitda": "440300000", "netIncome": "123600000"}, {"fiscalDateEnding": "2020-03-31", "reportedCurrency": "USD", "grossProfit": "813900000", "totalRevenue": "1326400000", "costOfRevenue": "512500000", "costofGoodsAndServicesSold": "512500000", "operatingIncome": "160700000", "sellingGeneralAndAdministrative": "165700000", "researchAndDevelopment": "221800000", "operatingExpenses": "653200000", "investmentIncomeNet": "500000", "netInterestIncome": "-115400000", "interestIncome": "500000", "interestExpense": "115400000", "nonInterestIncome": "1323000000", "otherNonOperatingIncome": "3400000", "depreciation": "41800000", "depreciationAndAmortization": "269100000", "incomeBeforeTax": "45800000", "incomeTaxExpense": "-54100000", "interestAndDebtExpense": "3400000", "netIncomeFromContinuingOperations": "160700000", "comprehensiveIncomeNetOfTax": "100300000", "ebit": "161200000", "ebitda": "430300000", "netIncome": "99900000"}, {"fiscalDateEnding": "2019-12-31", "reportedCurrency": "USD", "grossProfit": "785500000", "totalRevenue": "1287400000", "costOfRevenue": "501900000", "costofGoodsAndServicesSold": "501900000", "operatingIncome": "131200000", "sellingGeneralAndAdministrative": "170700000", "researchAndDevelopment": "217100000", "operatingExpenses": "654300000", "investmentIncomeNet": "600000", "netInterestIncome": "-119700000", "interestIncome": "600000", "interestExpense": "119700000", "nonInterestIncome": "1284800000", "otherNonOperatingIncome": "-1500000", "depreciation": "41400000", "depreciationAndAmortization": "258600000", "incomeBeforeTax": "10600000", "incomeTaxExpense": "-300500000", "interestAndDebtExpense": "119700000", "netIncomeFromContinuingOperations": "311100000", "comprehensiveIncomeNetOfTax": "311400000", "ebit": "130300000", "ebitda": "388900000", "netIncome": "311100000"}, {"fiscalDateEnding": "2019-09-30", "reportedCurrency": "USD", "grossProfit": "827500000", "totalRevenue": "1337800000", "costOfRevenue": "510300000", "costofGoodsAndServicesSold": "510300000", "operatingIncome": "183600000", "sellingGeneralAndAdministrative": "172300000", "researchAndDevelopment": "219800000", "operatingExpenses": "643900000", "investmentIncomeNet": "1000000", "netInterestIncome": "-129600000", "interestIncome": "1000000", "interestExpense": "129600000", "nonInterestIncome": "1334900000", "otherNonOperatingIncome": "-1400000", "depreciation": "39500000", "depreciationAndAmortization": "258100000", "incomeBeforeTax": "53500000", "incomeTaxExpense": "-55400000", "interestAndDebtExpense": "129700000", "netIncomeFromContinuingOperations": "108900000", "comprehensiveIncomeNetOfTax": "108900000", "ebit": "183100000", "ebitda": "441200000", "netIncome": "108900000"}, {"fiscalDateEnding": "2019-06-30", "reportedCurrency": "USD", "grossProfit": "815200000", "totalRevenue": "1322600000", "costOfRevenue": "507400000", "costofGoodsAndServicesSold": "507400000", "operatingIncome": "171600000", "sellingGeneralAndAdministrative": "167900000", "researchAndDevelopment": "219100000", "operatingExpenses": "643600000", "investmentIncomeNet": "700000", "netInterestIncome": "-132600000", "interestIncome": "700000", "interestExpense": "132600000", "nonInterestIncome": "1323200000", "otherNonOperatingIncome": "2700000", "depreciation": "46200000", "depreciationAndAmortization": "260900000", "incomeBeforeTax": "40500000", "incomeTaxExpense": "-10200000", "interestAndDebtExpense": "134500000", "netIncomeFromContinuingOperations": "50700000", "comprehensiveIncomeNetOfTax": "50400000", "ebit": "173100000", "ebitda": "434000000", "netIncome": "50700000"}, {"fiscalDateEnding": "2019-03-31", "reportedCurrency": "USD", "grossProfit": "820500000", "totalRevenue": "1329800000", "costOfRevenue": "509400000", "costofGoodsAndServicesSold": "509400000", "operatingIncome": "284600000", "sellingGeneralAndAdministrative": "167400000", "researchAndDevelopment": "214700000", "operatingExpenses": "535700000", "investmentIncomeNet": "800000", "netInterestIncome": "-136200000", "interestIncome": "-135400000", "interestExpense": "136200000", "nonInterestIncome": "-8300000", "otherNonOperatingIncome": "10200000", "depreciation": "48400000", "depreciationAndAmortization": "190300000", "incomeBeforeTax": "151200000", "incomeTaxExpense": "-23500000", "interestAndDebtExpense": "8300000", "netIncomeFromContinuingOperations": "174700000", "comprehensiveIncomeNetOfTax": "171000000", "ebit": "287400000", "ebitda": "477700000", "netIncome": "174700000"}, {"fiscalDateEnding": "2018-12-31", "reportedCurrency": "USD", "grossProfit": "779600000", "totalRevenue": "1374700000", "costOfRevenue": "595100000", "costofGoodsAndServicesSold": "595100000", "operatingIncome": "194700000", "sellingGeneralAndAdministrative": "174800000", "researchAndDevelopment": "217700000", "operatingExpenses": "584900000", "investmentIncomeNet": "700000", "netInterestIncome": "-137600000", "interestIncome": "None", "interestExpense": "137600000", "nonInterestIncome": "1374500000", "otherNonOperatingIncome": "-2500000", "depreciation": "47000000", "depreciationAndAmortization": "196900000", "incomeBeforeTax": "55000000", "incomeTaxExpense": "5800000", "interestAndDebtExpense": "137800000", "netIncomeFromContinuingOperations": "49200000", "comprehensiveIncomeNetOfTax": "48900000", "ebit": "192600000", "ebitda": "389500000", "netIncome": "49200000"}, {"fiscalDateEnding": "2018-09-30", "reportedCurrency": "USD", "grossProfit": "689300000", "totalRevenue": "1432500000", "costOfRevenue": "743200000", "costofGoodsAndServicesSold": "743200000", "operatingIncome": "102700000", "sellingGeneralAndAdministrative": "176600000", "researchAndDevelopment": "221900000", "operatingExpenses": "586600000", "investmentIncomeNet": "900000", "netInterestIncome": "-138600000", "interestIncome": "None", "interestExpense": "138600000", "nonInterestIncome": "1428400000", "otherNonOperatingIncome": "-200000", "depreciation": "47200000", "depreciationAndAmortization": "173800000", "incomeBeforeTax": "-39400000", "incomeTaxExpense": "-135700000", "interestAndDebtExpense": "142700000", "netIncomeFromContinuingOperations": "96300000", "comprehensiveIncomeNetOfTax": "94500000", "ebit": "99200000", "ebitda": "273000000", "netIncome": "96300000"}, {"fiscalDateEnding": "2018-06-30", "reportedCurrency": "USD", "grossProfit": "642000000", "totalRevenue": "1212500000", "costOfRevenue": "570500000", "costofGoodsAndServicesSold": "570500000", "operatingIncome": "132300000", "sellingGeneralAndAdministrative": "164000000", "researchAndDevelopment": "171900000", "operatingExpenses": "509700000", "investmentIncomeNet": "5700000", "netInterestIncome": "-90400000", "interestIncome": "None", "interestExpense": "90400000", "nonInterestIncome": "1212500000", "otherNonOperatingIncome": "-9800000", "depreciation": "38000000", "depreciationAndAmortization": "134800000", "incomeBeforeTax": "37700000", "incomeTaxExpense": "2000000", "interestAndDebtExpense": "90400000", "netIncomeFromContinuingOperations": "35700000", "comprehensiveIncomeNetOfTax": "40100000", "ebit": "128100000", "ebitda": "262900000", "netIncome": "35700000"}, {"fiscalDateEnding": "2018-03-31", "reportedCurrency": "USD", "grossProfit": "615100000", "totalRevenue": "1002300000", "costOfRevenue": "387200000", "costofGoodsAndServicesSold": "387207000", "operatingIncome": "244100000", "sellingGeneralAndAdministrative": "114500000", "researchAndDevelopment": "133600000", "operatingExpenses": "371000000", "investmentIncomeNet": "7559000", "netInterestIncome": "-50307000", "interestIncome": "-7000", "interestExpense": "50300000", "nonInterestIncome": "9745000", "otherNonOperatingIncome": "-13200000", "depreciation": "32800000", "depreciationAndAmortization": "124100000", "incomeBeforeTax": "188200000", "incomeTaxExpense": "41500000", "interestAndDebtExpense": "50341000", "netIncomeFromContinuingOperations": "146700000", "comprehensiveIncomeNetOfTax": "151400000", "ebit": "238500000", "ebitda": "362600000", "netIncome": "146700000"}, {"fiscalDateEnding": "2017-12-31", "reportedCurrency": "USD", "grossProfit": "607100000", "totalRevenue": "994200000", "costOfRevenue": "387100000", "costofGoodsAndServicesSold": "387146000", "operatingIncome": "245200000", "sellingGeneralAndAdministrative": "109100000", "researchAndDevelopment": "131600000", "operatingExpenses": "361900000", "investmentIncomeNet": "6306000", "netInterestIncome": "-49744000", "interestIncome": "-44000", "interestExpense": "49700000", "nonInterestIncome": "-2140000", "otherNonOperatingIncome": "-2900000", "depreciation": "32000000", "depreciationAndAmortization": "122600000", "incomeBeforeTax": "196700000", "incomeTaxExpense": "447800000", "interestAndDebtExpense": "51884000", "netIncomeFromContinuingOperations": "-251100000", "comprehensiveIncomeNetOfTax": "-255500000", "ebit": "246400000", "ebitda": "369000000", "netIncome": "-251100000"}, {"fiscalDateEnding": "2017-09-30", "reportedCurrency": "USD", "grossProfit": "614100000", "totalRevenue": "1012100000", "costOfRevenue": "398000000", "costofGoodsAndServicesSold": "398045000", "operatingIncome": "225400000", "sellingGeneralAndAdministrative": "114300000", "researchAndDevelopment": "133600000", "operatingExpenses": "388700000", "investmentIncomeNet": "4609000", "netInterestIncome": "-49459000", "interestIncome": "41000", "interestExpense": "49500000", "nonInterestIncome": "0", "otherNonOperatingIncome": "5800000", "depreciation": "29900000", "depreciationAndAmortization": "122700000", "incomeBeforeTax": "186200000", "incomeTaxExpense": "-3000000", "interestAndDebtExpense": "49459000", "netIncomeFromContinuingOperations": "189200000", "comprehensiveIncomeNetOfTax": "190500000", "ebit": "235700000", "ebitda": "358400000", "netIncome": "189200000"}, {"fiscalDateEnding": "2017-06-30", "reportedCurrency": "USD", "grossProfit": "584400000", "totalRevenue": "972100000", "costOfRevenue": "387800000", "costofGoodsAndServicesSold": "387702000", "operatingIncome": "221600000", "sellingGeneralAndAdministrative": "114300000", "researchAndDevelopment": "130500000", "operatingExpenses": "362800000", "investmentIncomeNet": "3526000", "netInterestIncome": "-49490000", "interestIncome": "10000", "interestExpense": "49500000", "nonInterestIncome": "-9261000", "otherNonOperatingIncome": "4500000", "depreciation": "29000000", "depreciationAndAmortization": "122800000", "incomeBeforeTax": "166200000", "incomeTaxExpense": "-4400000", "interestAndDebtExpense": "63316000", "netIncomeFromContinuingOperations": "170600000", "comprehensiveIncomeNetOfTax": "165800000", "ebit": "215700000", "ebitda": "338500000", "netIncome": "170600000"}, {"fiscalDateEnding": "2017-03-31", "reportedCurrency": "USD", "grossProfit": "532800000", "totalRevenue": "1006798000", "costOfRevenue": "-319036000", "costofGoodsAndServicesSold": "369840000", "operatingIncome": "154100000", "sellingGeneralAndAdministrative": "111149000", "researchAndDevelopment": "127189000", "operatingExpenses": "378760000", "investmentIncomeNet": "1314000", "netInterestIncome": "-41661000", "interestIncome": "-46000", "interestExpense": "41615000", "nonInterestIncome": "-43900000", "otherNonOperatingIncome": "1958000", "depreciation": "32600000", "depreciationAndAmortization": "95700000", "incomeBeforeTax": "71768000", "incomeTaxExpense": "-65101000", "interestAndDebtExpense": "43900000", "netIncomeFromContinuingOperations": "136916000", "comprehensiveIncomeNetOfTax": "133340000", "ebit": "113383000", "ebitda": "209083000", "netIncome": "136869000"}, {"fiscalDateEnding": "2016-12-31", "reportedCurrency": "USD", "grossProfit": "465300000", "totalRevenue": "799223000", "costOfRevenue": "584156000", "costofGoodsAndServicesSold": "369107000", "operatingIncome": "118100000", "sellingGeneralAndAdministrative": "111017000", "researchAndDevelopment": "132433000", "operatingExpenses": "347185000", "investmentIncomeNet": "501000", "netInterestIncome": "-35143000", "interestIncome": "None", "interestExpense": "35143000", "nonInterestIncome": "0", "otherNonOperatingIncome": "121000", "depreciation": "29700000", "depreciationAndAmortization": "85200000", "incomeBeforeTax": "83338000", "incomeTaxExpense": "-23837000", "interestAndDebtExpense": "35143000", "netIncomeFromContinuingOperations": "107335000", "comprehensiveIncomeNetOfTax": "112243000", "ebit": "118481000", "ebitda": "203681000", "netIncome": "107175000"}]}