{"symbol": "MDLZ", "annualReports": [{"fiscalDateEnding": "2020-12-31", "reportedCurrency": "USD", "grossProfit": "10446000000", "totalRevenue": "26581000000", "costOfRevenue": "16135000000", "costofGoodsAndServicesSold": "16135000000", "operatingIncome": "3853000000", "sellingGeneralAndAdministrative": "6098000000", "researchAndDevelopment": "332000000", "operatingExpenses": "7847000000", "investmentIncomeNet": "None", "netInterestIncome": "-430000000", "interestIncome": "None", "interestExpense": "430000000", "nonInterestIncome": "-185000000", "otherNonOperatingIncome": "-608000000", "depreciation": "652000000", "depreciationAndAmortization": "1116000000", "incomeBeforeTax": "4779000000", "incomeTaxExpense": "1224000000", "interestAndDebtExpense": "615000000", "netIncomeFromContinuingOperations": "2580000000", "comprehensiveIncomeNetOfTax": "3119000000", "ebit": "3853000000", "ebitda": "6325000000", "netIncome": "3555000000"}, {"fiscalDateEnding": "2019-12-31", "reportedCurrency": "USD", "grossProfit": "10337000000", "totalRevenue": "25868000000", "costOfRevenue": "15531000000", "costofGoodsAndServicesSold": "15531000000", "operatingIncome": "3843000000", "sellingGeneralAndAdministrative": "6136000000", "researchAndDevelopment": "351000000", "operatingExpenses": "7718000000", "investmentIncomeNet": "None", "netInterestIncome": "-488000000", "interestIncome": "-498000000", "interestExpense": "488000000", "nonInterestIncome": "44000000", "otherNonOperatingIncome": "-456000000", "depreciation": "645000000", "depreciationAndAmortization": "1047000000", "incomeBeforeTax": "3931000000", "incomeTaxExpense": "2000000", "interestAndDebtExpense": "488000000", "netIncomeFromContinuingOperations": "3887000000", "comprehensiveIncomeNetOfTax": "4319000000", "ebit": "3843000000", "ebitda": "5466000000", "netIncome": "3929000000"}, {"fiscalDateEnding": "2018-12-31", "reportedCurrency": "USD", "grossProfit": "10352000000", "totalRevenue": "25938000000", "costOfRevenue": "15586000000", "costofGoodsAndServicesSold": "15586000000", "operatingIncome": "3312000000", "sellingGeneralAndAdministrative": "6475000000", "researchAndDevelopment": "362000000", "operatingExpenses": "8037000000", "investmentIncomeNet": "None", "netInterestIncome": "-462000000", "interestIncome": "-358000000", "interestExpense": "462000000", "nonInterestIncome": "-140000000", "otherNonOperatingIncome": "-520000000", "depreciation": "635000000", "depreciationAndAmortization": "811000000", "incomeBeforeTax": "4090000000", "incomeTaxExpense": "773000000", "interestAndDebtExpense": "602000000", "netIncomeFromContinuingOperations": "2617000000", "comprehensiveIncomeNetOfTax": "2686000000", "ebit": "3312000000", "ebitda": "5363000000", "netIncome": "3317000000"}, {"fiscalDateEnding": "2017-12-31", "reportedCurrency": "USD", "grossProfit": "10034000000", "totalRevenue": "25896000000", "costOfRevenue": "15862000000", "costofGoodsAndServicesSold": "15862000000", "operatingIncome": "3462000000", "sellingGeneralAndAdministrative": "5938000000", "researchAndDevelopment": "366000000", "operatingExpenses": "7563000000", "investmentIncomeNet": "None", "netInterestIncome": "-396000000", "interestIncome": "-385000000", "interestExpense": "396000000", "nonInterestIncome": "215000000", "otherNonOperatingIncome": "25000000", "depreciation": "638000000", "depreciationAndAmortization": "816000000", "incomeBeforeTax": "3494000000", "incomeTaxExpense": "666000000", "interestAndDebtExpense": "407000000", "netIncomeFromContinuingOperations": "2896000000", "comprehensiveIncomeNetOfTax": "3949000000", "ebit": "3462000000", "ebitda": "4706000000", "netIncome": "2828000000"}, {"fiscalDateEnding": "2016-12-31", "reportedCurrency": "USD", "grossProfit": "10104000000", "totalRevenue": "25923000000", "costOfRevenue": "15819000000", "costofGoodsAndServicesSold": "15819000000", "operatingIncome": "2554000000", "sellingGeneralAndAdministrative": "6546000000", "researchAndDevelopment": "376000000", "operatingExpenses": "8582000000", "investmentIncomeNet": "None", "netInterestIncome": "-515000000", "interestIncome": "-580000000", "interestExpense": "515000000", "nonInterestIncome": "-376000000", "otherNonOperatingIncome": "-76000000", "depreciation": "647000000", "depreciationAndAmortization": "823000000", "incomeBeforeTax": "1749000000", "incomeTaxExpense": "114000000", "interestAndDebtExpense": "943000000", "netIncomeFromContinuingOperations": "1626000000", "comprehensiveIncomeNetOfTax": "503000000", "ebit": "2554000000", "ebitda": "3087000000", "netIncome": "1635000000"}], "quarterlyReports": [{"fiscalDateEnding": "2021-09-30", "reportedCurrency": "USD", "grossProfit": "2824000000", "totalRevenue": "7182000000", "costOfRevenue": "4358000000", "costofGoodsAndServicesSold": "4358000000", "operatingIncome": "1294000000", "sellingGeneralAndAdministrative": "1436000000", "researchAndDevelopment": "None", "operatingExpenses": "1530000000", "investmentIncomeNet": "None", "netInterestIncome": "-87000000", "interestIncome": "None", "interestExpense": "87000000", "nonInterestIncome": "0", "otherNonOperatingIncome": "-82000000", "depreciation": "None", "depreciationAndAmortization": "273000000", "incomeBeforeTax": "1600000000", "incomeTaxExpense": "342000000", "interestAndDebtExpense": "87000000", "netIncomeFromContinuingOperations": "1012000000", "comprehensiveIncomeNetOfTax": "926000000", "ebit": "1294000000", "ebitda": "1960000000", "netIncome": "1258000000"}, {"fiscalDateEnding": "2021-06-30", "reportedCurrency": "USD", "grossProfit": "2631000000", "totalRevenue": "6642000000", "costOfRevenue": "4011000000", "costofGoodsAndServicesSold": "4011000000", "operatingIncome": "872000000", "sellingGeneralAndAdministrative": "1593000000", "researchAndDevelopment": "None", "operatingExpenses": "1759000000", "investmentIncomeNet": "None", "netInterestIncome": "-90000000", "interestIncome": "None", "interestExpense": "90000000", "nonInterestIncome": "0", "otherNonOperatingIncome": "-58000000", "depreciation": "None", "depreciationAndAmortization": "280000000", "incomeBeforeTax": "1476000000", "incomeTaxExpense": "398000000", "interestAndDebtExpense": "90000000", "netIncomeFromContinuingOperations": "577000000", "comprehensiveIncomeNetOfTax": "1252000000", "ebit": "872000000", "ebitda": "1846000000", "netIncome": "1078000000"}, {"fiscalDateEnding": "2021-03-31", "reportedCurrency": "USD", "grossProfit": "2966000000", "totalRevenue": "7238000000", "costOfRevenue": "4272000000", "costofGoodsAndServicesSold": "4272000000", "operatingIncome": "1283000000", "sellingGeneralAndAdministrative": "1564000000", "researchAndDevelopment": "None", "operatingExpenses": "1938000000", "investmentIncomeNet": "None", "netInterestIncome": "-98000000", "interestIncome": "None", "interestExpense": "98000000", "nonInterestIncome": "-110000000", "otherNonOperatingIncome": "-218000000", "depreciation": "None", "depreciationAndAmortization": "284000000", "incomeBeforeTax": "1173000000", "incomeTaxExpense": "212000000", "interestAndDebtExpense": "208000000", "netIncomeFromContinuingOperations": "975000000", "comprehensiveIncomeNetOfTax": "905000000", "ebit": "1283000000", "ebitda": "1555000000", "netIncome": "961000000"}, {"fiscalDateEnding": "2020-12-31", "reportedCurrency": "USD", "grossProfit": "2872000000", "totalRevenue": "7298000000", "costOfRevenue": "4426000000", "costofGoodsAndServicesSold": "4426000000", "operatingIncome": "1149000000", "sellingGeneralAndAdministrative": "1624000000", "researchAndDevelopment": "None", "operatingExpenses": "48000000", "investmentIncomeNet": "None", "netInterestIncome": "-108000000", "interestIncome": "None", "interestExpense": "108000000", "nonInterestIncome": "-185000000", "otherNonOperatingIncome": "-244000000", "depreciation": "None", "depreciationAndAmortization": "303000000", "incomeBeforeTax": "1500000000", "incomeTaxExpense": "344000000", "interestAndDebtExpense": "293000000", "netIncomeFromContinuingOperations": "2590000000", "comprehensiveIncomeNetOfTax": "1721000000", "ebit": "1149000000", "ebitda": "1911000000", "netIncome": "1156000000"}, {"fiscalDateEnding": "2020-09-30", "reportedCurrency": "USD", "grossProfit": "2792000000", "totalRevenue": "6665000000", "costOfRevenue": "3873000000", "costofGoodsAndServicesSold": "3873000000", "operatingIncome": "1135000000", "sellingGeneralAndAdministrative": "1484000000", "researchAndDevelopment": "None", "operatingExpenses": "1657000000", "investmentIncomeNet": "None", "netInterestIncome": "-104000000", "interestIncome": "None", "interestExpense": "104000000", "nonInterestIncome": "0", "otherNonOperatingIncome": "-89000000", "depreciation": "None", "depreciationAndAmortization": "285000000", "incomeBeforeTax": "1510000000", "incomeTaxExpense": "391000000", "interestAndDebtExpense": "104000000", "netIncomeFromContinuingOperations": "777000000", "comprehensiveIncomeNetOfTax": "1283000000", "ebit": "1135000000", "ebitda": "1899000000", "netIncome": "1119000000"}, {"fiscalDateEnding": "2020-06-30", "reportedCurrency": "USD", "grossProfit": "2331000000", "totalRevenue": "5911000000", "costOfRevenue": "3580000000", "costofGoodsAndServicesSold": "3580000000", "operatingIncome": "713000000", "sellingGeneralAndAdministrative": "1453000000", "researchAndDevelopment": "None", "operatingExpenses": "1618000000", "investmentIncomeNet": "None", "netInterestIncome": "-108000000", "interestIncome": "None", "interestExpense": "108000000", "nonInterestIncome": "0", "otherNonOperatingIncome": "-85000000", "depreciation": "None", "depreciationAndAmortization": "272000000", "incomeBeforeTax": "885000000", "incomeTaxExpense": "341000000", "interestAndDebtExpense": "108000000", "netIncomeFromContinuingOperations": "424000000", "comprehensiveIncomeNetOfTax": "627000000", "ebit": "713000000", "ebitda": "1265000000", "netIncome": "544000000"}, {"fiscalDateEnding": "2020-03-31", "reportedCurrency": "USD", "grossProfit": "2451000000", "totalRevenue": "6707000000", "costOfRevenue": "4256000000", "costofGoodsAndServicesSold": "4256000000", "operatingIncome": "856000000", "sellingGeneralAndAdministrative": "1537000000", "researchAndDevelopment": "None", "operatingExpenses": "1808000000", "investmentIncomeNet": "None", "netInterestIncome": "-110000000", "interestIncome": "-285000000", "interestExpense": "110000000", "nonInterestIncome": "0", "otherNonOperatingIncome": "-190000000", "depreciation": "None", "depreciationAndAmortization": "256000000", "incomeBeforeTax": "884000000", "incomeTaxExpense": "148000000", "interestAndDebtExpense": "110000000", "netIncomeFromContinuingOperations": "689000000", "comprehensiveIncomeNetOfTax": "-512000000", "ebit": "856000000", "ebitda": "1250000000", "netIncome": "736000000"}, {"fiscalDateEnding": "2019-12-31", "reportedCurrency": "USD", "grossProfit": "2759000000", "totalRevenue": "6913000000", "costOfRevenue": "4154000000", "costofGoodsAndServicesSold": "4154000000", "operatingIncome": "906000000", "sellingGeneralAndAdministrative": "1750000000", "researchAndDevelopment": "None", "operatingExpenses": "59000000", "investmentIncomeNet": "None", "netInterestIncome": "-115000000", "interestIncome": "-85000000", "interestExpense": "115000000", "nonInterestIncome": "0", "otherNonOperatingIncome": "-70000000", "depreciation": "None", "depreciationAndAmortization": "270000000", "incomeBeforeTax": "963000000", "incomeTaxExpense": "230000000", "interestAndDebtExpense": "115000000", "netIncomeFromContinuingOperations": "2575000000", "comprehensiveIncomeNetOfTax": "1216000000", "ebit": "906000000", "ebitda": "1348000000", "netIncome": "733000000"}, {"fiscalDateEnding": "2019-09-30", "reportedCurrency": "USD", "grossProfit": "2516000000", "totalRevenue": "6355000000", "costOfRevenue": "3839000000", "costofGoodsAndServicesSold": "3839000000", "operatingIncome": "876000000", "sellingGeneralAndAdministrative": "1466000000", "researchAndDevelopment": "None", "operatingExpenses": "1648000000", "investmentIncomeNet": "None", "netInterestIncome": "-122000000", "interestIncome": "-173000000", "interestExpense": "122000000", "nonInterestIncome": "3000000", "otherNonOperatingIncome": "-205000000", "depreciation": "None", "depreciationAndAmortization": "260000000", "incomeBeforeTax": "793000000", "incomeTaxExpense": "-633000000", "interestAndDebtExpense": "122000000", "netIncomeFromContinuingOperations": "1428000000", "comprehensiveIncomeNetOfTax": "1213000000", "ebit": "876000000", "ebitda": "1175000000", "netIncome": "1426000000"}, {"fiscalDateEnding": "2019-06-30", "reportedCurrency": "USD", "grossProfit": "2469000000", "totalRevenue": "6062000000", "costOfRevenue": "3593000000", "costofGoodsAndServicesSold": "3593000000", "operatingIncome": "1025000000", "sellingGeneralAndAdministrative": "1427000000", "researchAndDevelopment": "None", "operatingExpenses": "1450000000", "investmentIncomeNet": "None", "netInterestIncome": "-127000000", "interestIncome": "-178000000", "interestExpense": "127000000", "nonInterestIncome": "41000000", "otherNonOperatingIncome": "-101000000", "depreciation": "None", "depreciationAndAmortization": "259000000", "incomeBeforeTax": "1019000000", "incomeTaxExpense": "216000000", "interestAndDebtExpense": "127000000", "netIncomeFromContinuingOperations": "833000000", "comprehensiveIncomeNetOfTax": "807000000", "ebit": "1025000000", "ebitda": "1405000000", "netIncome": "803000000"}, {"fiscalDateEnding": "2019-03-31", "reportedCurrency": "USD", "grossProfit": "2593000000", "totalRevenue": "6538000000", "costOfRevenue": "3945000000", "costofGoodsAndServicesSold": "3945000000", "operatingIncome": "1036000000", "sellingGeneralAndAdministrative": "1493000000", "researchAndDevelopment": "None", "operatingExpenses": "1771000000", "investmentIncomeNet": "None", "netInterestIncome": "-123000000", "interestIncome": "None", "interestExpense": "123000000", "nonInterestIncome": "0", "otherNonOperatingIncome": "-80000000", "depreciation": "None", "depreciationAndAmortization": "258000000", "incomeBeforeTax": "1156000000", "incomeTaxExpense": "189000000", "interestAndDebtExpense": "123000000", "netIncomeFromContinuingOperations": "897000000", "comprehensiveIncomeNetOfTax": "1046000000", "ebit": "1036000000", "ebitda": "1537000000", "netIncome": "967000000"}, {"fiscalDateEnding": "2018-12-31", "reportedCurrency": "USD", "grossProfit": "2549000000", "totalRevenue": "6773000000", "costOfRevenue": "4224000000", "costofGoodsAndServicesSold": "4224000000", "operatingIncome": "870000000", "sellingGeneralAndAdministrative": "1536000000", "researchAndDevelopment": "None", "operatingExpenses": "99000000", "investmentIncomeNet": "None", "netInterestIncome": "-128000000", "interestIncome": "None", "interestExpense": "128000000", "nonInterestIncome": "0", "otherNonOperatingIncome": "-570000000", "depreciation": "None", "depreciationAndAmortization": "198000000", "incomeBeforeTax": "934000000", "incomeTaxExpense": "111000000", "interestAndDebtExpense": "128000000", "netIncomeFromContinuingOperations": "2488000000", "comprehensiveIncomeNetOfTax": "773000000", "ebit": "870000000", "ebitda": "1260000000", "netIncome": "823000000"}, {"fiscalDateEnding": "2018-09-30", "reportedCurrency": "USD", "grossProfit": "2414000000", "totalRevenue": "6288000000", "costOfRevenue": "3874000000", "costofGoodsAndServicesSold": "3874000000", "operatingIncome": "737000000", "sellingGeneralAndAdministrative": "1508000000", "researchAndDevelopment": "None", "operatingExpenses": "1677000000", "investmentIncomeNet": "None", "netInterestIncome": "-117000000", "interestIncome": "None", "interestExpense": "117000000", "nonInterestIncome": "0", "otherNonOperatingIncome": "30000000", "depreciation": "None", "depreciationAndAmortization": "206000000", "incomeBeforeTax": "1504000000", "incomeTaxExpense": "310000000", "interestAndDebtExpense": "117000000", "netIncomeFromContinuingOperations": "440000000", "comprehensiveIncomeNetOfTax": "1075000000", "ebit": "737000000", "ebitda": "1827000000", "netIncome": "1194000000"}, {"fiscalDateEnding": "2018-06-30", "reportedCurrency": "USD", "grossProfit": "2540000000", "totalRevenue": "6112000000", "costOfRevenue": "3572000000", "costofGoodsAndServicesSold": "3572000000", "operatingIncome": "481000000", "sellingGeneralAndAdministrative": "1904000000", "researchAndDevelopment": "None", "operatingExpenses": "2059000000", "investmentIncomeNet": "None", "netInterestIncome": "-115000000", "interestIncome": "None", "interestExpense": "115000000", "nonInterestIncome": "-140000000", "otherNonOperatingIncome": "12000000", "depreciation": "None", "depreciationAndAmortization": "200000000", "incomeBeforeTax": "333000000", "incomeTaxExpense": "15000000", "interestAndDebtExpense": "255000000", "netIncomeFromContinuingOperations": "325000000", "comprehensiveIncomeNetOfTax": "-351000000", "ebit": "481000000", "ebitda": "648000000", "netIncome": "318000000"}, {"fiscalDateEnding": "2018-03-31", "reportedCurrency": "USD", "grossProfit": "2849000000", "totalRevenue": "6765000000", "costOfRevenue": "3916000000", "costofGoodsAndServicesSold": "3916000000", "operatingIncome": "1224000000", "sellingGeneralAndAdministrative": "1527000000", "researchAndDevelopment": "None", "operatingExpenses": "1788000000", "investmentIncomeNet": "None", "netInterestIncome": "-102000000", "interestIncome": "None", "interestExpense": "102000000", "nonInterestIncome": "0", "otherNonOperatingIncome": "8000000", "depreciation": "None", "depreciationAndAmortization": "207000000", "incomeBeforeTax": "1383000000", "incomeTaxExpense": "337000000", "interestAndDebtExpense": "102000000", "netIncomeFromContinuingOperations": "944000000", "comprehensiveIncomeNetOfTax": "1189000000", "ebit": "1224000000", "ebitda": "1692000000", "netIncome": "1046000000"}, {"fiscalDateEnding": "2017-12-31", "reportedCurrency": "USD", "grossProfit": "2653000000", "totalRevenue": "6966000000", "costOfRevenue": "4313000000", "costofGoodsAndServicesSold": "4313000000", "operatingIncome": "830000000", "sellingGeneralAndAdministrative": "1662000000", "researchAndDevelopment": "366000000", "operatingExpenses": "-118000000", "investmentIncomeNet": "None", "netInterestIncome": "-101000000", "interestIncome": "None", "interestExpense": "101000000", "nonInterestIncome": "38000000", "otherNonOperatingIncome": "-19000000", "depreciation": "None", "depreciationAndAmortization": "212000000", "incomeBeforeTax": "851000000", "incomeTaxExpense": "156000000", "interestAndDebtExpense": "101000000", "netIncomeFromContinuingOperations": "3186000000", "comprehensiveIncomeNetOfTax": "629000000", "ebit": "830000000", "ebitda": "1164000000", "netIncome": "695000000"}, {"fiscalDateEnding": "2017-09-30", "reportedCurrency": "USD", "grossProfit": "2549000000", "totalRevenue": "6530000000", "costOfRevenue": "3981000000", "costofGoodsAndServicesSold": "3981000000", "operatingIncome": "1171000000", "sellingGeneralAndAdministrative": "1338000000", "researchAndDevelopment": "None", "operatingExpenses": "1371000000", "investmentIncomeNet": "None", "netInterestIncome": "-89000000", "interestIncome": "None", "interestExpense": "89000000", "nonInterestIncome": "187000000", "otherNonOperatingIncome": "70000000", "depreciation": "None", "depreciationAndAmortization": "209000000", "incomeBeforeTax": "1253000000", "incomeTaxExpense": "272000000", "interestAndDebtExpense": "89000000", "netIncomeFromContinuingOperations": "993000000", "comprehensiveIncomeNetOfTax": "1269000000", "ebit": "1171000000", "ebitda": "1551000000", "netIncome": "981000000"}, {"fiscalDateEnding": "2017-06-30", "reportedCurrency": "USD", "grossProfit": "2314000000", "totalRevenue": "5986000000", "costOfRevenue": "3672000000", "costofGoodsAndServicesSold": "3662000000", "operatingIncome": "636000000", "sellingGeneralAndAdministrative": "1455000000", "researchAndDevelopment": "None", "operatingExpenses": "1683000000", "investmentIncomeNet": "None", "netInterestIncome": "-103000000", "interestIncome": "None", "interestExpense": "103000000", "nonInterestIncome": "-14000000", "otherNonOperatingIncome": "-10000000", "depreciation": "None", "depreciationAndAmortization": "195000000", "incomeBeforeTax": "582000000", "incomeTaxExpense": "84000000", "interestAndDebtExpense": "114000000", "netIncomeFromContinuingOperations": "500000000", "comprehensiveIncomeNetOfTax": "845000000", "ebit": "636000000", "ebitda": "880000000", "netIncome": "498000000"}, {"fiscalDateEnding": "2017-03-31", "reportedCurrency": "USD", "grossProfit": "2518000000", "totalRevenue": "6414000000", "costOfRevenue": "3896000000", "costofGoodsAndServicesSold": "3889000000", "operatingIncome": "825000000", "sellingGeneralAndAdministrative": "1483000000", "researchAndDevelopment": "None", "operatingExpenses": "1841000000", "investmentIncomeNet": "None", "netInterestIncome": "-103000000", "interestIncome": "None", "interestExpense": "103000000", "nonInterestIncome": "0", "otherNonOperatingIncome": "-16000000", "depreciation": "None", "depreciationAndAmortization": "200000000", "incomeBeforeTax": "808000000", "incomeTaxExpense": "154000000", "interestAndDebtExpense": "103000000", "netIncomeFromContinuingOperations": "633000000", "comprehensiveIncomeNetOfTax": "1188000000", "ebit": "825000000", "ebitda": "1111000000", "netIncome": "654000000"}, {"fiscalDateEnding": "2016-12-31", "reportedCurrency": "USD", "grossProfit": "2589000000", "totalRevenue": "6770000000", "costOfRevenue": "4181000000", "costofGoodsAndServicesSold": "4205000000", "operatingIncome": "492000000", "sellingGeneralAndAdministrative": "1711000000", "researchAndDevelopment": "376000000", "operatingExpenses": "-342000000", "investmentIncomeNet": "None", "netInterestIncome": "-115000000", "interestIncome": "None", "interestExpense": "115000000", "nonInterestIncome": "-419000000", "otherNonOperatingIncome": "-33000000", "depreciation": "None", "depreciationAndAmortization": "208000000", "incomeBeforeTax": "171000000", "incomeTaxExpense": "78000000", "interestAndDebtExpense": "543000000", "netIncomeFromContinuingOperations": "2936000000", "comprehensiveIncomeNetOfTax": "-1350000000", "ebit": "492000000", "ebitda": "494000000", "netIncome": "93000000"}]}