{"symbol": "MDT", "annualReports": [{"fiscalDateEnding": "2021-04-30", "reportedCurrency": "USD", "grossProfit": "6470000000", "totalRevenue": "28884000000", "costOfRevenue": "22414000000", "costofGoodsAndServicesSold": "10483000000", "operatingIncome": "4484000000", "sellingGeneralAndAdministrative": "10148000000", "researchAndDevelopment": "2493000000", "operatingExpenses": "14552000000", "investmentIncomeNet": "None", "netInterestIncome": "-925000000", "interestIncome": "-617000000", "interestExpense": "925000000", "nonInterestIncome": "29809000000", "otherNonOperatingIncome": "336000000", "depreciation": "919000000", "depreciationAndAmortization": "1783000000", "incomeBeforeTax": "3871000000", "incomeTaxExpense": "265000000", "interestAndDebtExpense": "1233000000", "netIncomeFromContinuingOperations": "3630000000", "comprehensiveIncomeNetOfTax": "3681000000", "ebit": "4796000000", "ebitda": "6579000000", "netIncome": "3606000000"}, {"fiscalDateEnding": "2020-04-24", "reportedCurrency": "USD", "grossProfit": "19490000000", "totalRevenue": "27415000000", "costOfRevenue": "21361000000", "costofGoodsAndServicesSold": "9424000000", "operatingIncome": "4791000000", "sellingGeneralAndAdministrative": "10109000000", "researchAndDevelopment": "2331000000", "operatingExpenses": "14367000000", "investmentIncomeNet": "None", "netInterestIncome": "-1092000000", "interestIncome": "-379000000", "interestExpense": "1092000000", "nonInterestIncome": "28507000000", "otherNonOperatingIncome": "356000000", "depreciation": "907000000", "depreciationAndAmortization": "1756000000", "incomeBeforeTax": "4038000000", "incomeTaxExpense": "-751000000", "interestAndDebtExpense": "1498000000", "netIncomeFromContinuingOperations": "4806000000", "comprehensiveIncomeNetOfTax": "3940000000", "ebit": "5130000000", "ebitda": "6886000000", "netIncome": "4789000000"}, {"fiscalDateEnding": "2019-04-26", "reportedCurrency": "USD", "grossProfit": "21402000000", "totalRevenue": "28892000000", "costOfRevenue": "21454000000", "costofGoodsAndServicesSold": "9155000000", "operatingIncome": "6268000000", "sellingGeneralAndAdministrative": "10418000000", "researchAndDevelopment": "2330000000", "operatingExpenses": "14707000000", "investmentIncomeNet": "None", "netInterestIncome": "-1444000000", "interestIncome": "-676000000", "interestExpense": "1444000000", "nonInterestIncome": "30336000000", "otherNonOperatingIncome": "373000000", "depreciation": "895000000", "depreciationAndAmortization": "1764000000", "incomeBeforeTax": "5178000000", "incomeTaxExpense": "547000000", "interestAndDebtExpense": "1901000000", "netIncomeFromContinuingOperations": "4650000000", "comprehensiveIncomeNetOfTax": "3659000000", "ebit": "6622000000", "ebitda": "8386000000", "netIncome": "4631000000"}, {"fiscalDateEnding": "2018-04-27", "reportedCurrency": "USD", "grossProfit": "20898000000", "totalRevenue": "29240000000", "costOfRevenue": "21052000000", "costofGoodsAndServicesSold": "9067000000", "operatingIncome": "6640000000", "sellingGeneralAndAdministrative": "10238000000", "researchAndDevelopment": "2253000000", "operatingExpenses": "13605000000", "investmentIncomeNet": "None", "netInterestIncome": "-1146000000", "interestIncome": "397000000", "interestExpense": "1146000000", "nonInterestIncome": "433000000", "otherNonOperatingIncome": "181000000", "depreciation": "821000000", "depreciationAndAmortization": "1823000000", "incomeBeforeTax": "5684000000", "incomeTaxExpense": "2580000000", "interestAndDebtExpense": "1184000000", "netIncomeFromContinuingOperations": "3095000000", "comprehensiveIncomeNetOfTax": "4134000000", "ebit": "6830000000", "ebitda": "8653000000", "netIncome": "3104000000"}, {"fiscalDateEnding": "2017-04-28", "reportedCurrency": "USD", "grossProfit": "20419000000", "totalRevenue": "28616000000", "costOfRevenue": "21232000000", "costofGoodsAndServicesSold": "9294000000", "operatingIncome": "5383000000", "sellingGeneralAndAdministrative": "10018000000", "researchAndDevelopment": "2193000000", "operatingExpenses": "14173000000", "investmentIncomeNet": "None", "netInterestIncome": "-1094000000", "interestIncome": "366000000", "interestExpense": "1094000000", "nonInterestIncome": "0", "otherNonOperatingIncome": "313000000", "depreciation": "937000000", "depreciationAndAmortization": "2000000000", "incomeBeforeTax": "4606000000", "incomeTaxExpense": "578000000", "interestAndDebtExpense": "1094000000", "netIncomeFromContinuingOperations": "4024000000", "comprehensiveIncomeNetOfTax": "3283000000", "ebit": "5700000000", "ebitda": "7700000000", "netIncome": "4028000000"}], "quarterlyReports": [{"fiscalDateEnding": "2021-07-30", "reportedCurrency": "USD", "grossProfit": "2269000000", "totalRevenue": "7850000000", "costOfRevenue": "5581000000", "costofGoodsAndServicesSold": "2598000000", "operatingIncome": "859000000", "sellingGeneralAndAdministrative": "2547000000", "researchAndDevelopment": "750000000", "operatingExpenses": "3748000000", "investmentIncomeNet": "None", "netInterestIncome": "-137000000", "interestIncome": "-137000000", "interestExpense": "137000000", "nonInterestIncome": "7987000000", "otherNonOperatingIncome": "111000000", "depreciation": "None", "depreciationAndAmortization": "436000000", "incomeBeforeTax": "827000000", "incomeTaxExpense": "64000000", "interestAndDebtExpense": "137000000", "netIncomeFromContinuingOperations": "769000000", "comprehensiveIncomeNetOfTax": "1039000000", "ebit": "964000000", "ebitda": "1400000000", "netIncome": "763000000"}, {"fiscalDateEnding": "2021-04-30", "reportedCurrency": "USD", "grossProfit": "2315000000", "totalRevenue": "8046000000", "costOfRevenue": "5731000000", "costofGoodsAndServicesSold": "2653000000", "operatingIncome": "1605000000", "sellingGeneralAndAdministrative": "2595000000", "researchAndDevelopment": "632000000", "operatingExpenses": "3735000000", "investmentIncomeNet": "None", "netInterestIncome": "-142000000", "interestIncome": "-142000000", "interestExpense": "142000000", "nonInterestIncome": "8188000000", "otherNonOperatingIncome": "103000000", "depreciation": "None", "depreciationAndAmortization": "483000000", "incomeBeforeTax": "1560000000", "incomeTaxExpense": "200000000", "interestAndDebtExpense": "142000000", "netIncomeFromContinuingOperations": "1366000000", "comprehensiveIncomeNetOfTax": "1798000000", "ebit": "1702000000", "ebitda": "2185000000", "netIncome": "1360000000"}, {"fiscalDateEnding": "2021-01-29", "reportedCurrency": "USD", "grossProfit": "2021000000", "totalRevenue": "7632000000", "costOfRevenue": "5611000000", "costofGoodsAndServicesSold": "2621000000", "operatingIncome": "1277000000", "sellingGeneralAndAdministrative": "2537000000", "researchAndDevelopment": "601000000", "operatingExpenses": "3591000000", "investmentIncomeNet": "None", "netInterestIncome": "-143000000", "interestIncome": "-143000000", "interestExpense": "143000000", "nonInterestIncome": "7775000000", "otherNonOperatingIncome": "86000000", "depreciation": "None", "depreciationAndAmortization": "453000000", "incomeBeforeTax": "1211000000", "incomeTaxExpense": "-59000000", "interestAndDebtExpense": "143000000", "netIncomeFromContinuingOperations": "1279000000", "comprehensiveIncomeNetOfTax": "1190000000", "ebit": "1354000000", "ebitda": "1807000000", "netIncome": "1270000000"}, {"fiscalDateEnding": "2020-10-30", "reportedCurrency": "USD", "grossProfit": "1429000000", "totalRevenue": "7177000000", "costOfRevenue": "5748000000", "costofGoodsAndServicesSold": "2705000000", "operatingIncome": "930000000", "sellingGeneralAndAdministrative": "2600000000", "researchAndDevelopment": "639000000", "operatingExpenses": "3682000000", "investmentIncomeNet": "None", "netInterestIncome": "-470000000", "interestIncome": "-116000000", "interestExpense": "470000000", "nonInterestIncome": "7647000000", "otherNonOperatingIncome": "65000000", "depreciation": "None", "depreciationAndAmortization": "443000000", "incomeBeforeTax": "520000000", "incomeTaxExpense": "31000000", "interestAndDebtExpense": "470000000", "netIncomeFromContinuingOperations": "494000000", "comprehensiveIncomeNetOfTax": "428000000", "ebit": "990000000", "ebitda": "1433000000", "netIncome": "489000000"}, {"fiscalDateEnding": "2020-07-31", "reportedCurrency": "USD", "grossProfit": "974000000", "totalRevenue": "6336000000", "costOfRevenue": "5362000000", "costofGoodsAndServicesSold": "2505000000", "operatingIncome": "673000000", "sellingGeneralAndAdministrative": "2417000000", "researchAndDevelopment": "621000000", "operatingExpenses": "3515000000", "investmentIncomeNet": "None", "netInterestIncome": "-171000000", "interestIncome": "-119000000", "interestExpense": "171000000", "nonInterestIncome": "6507000000", "otherNonOperatingIncome": "82000000", "depreciation": "None", "depreciationAndAmortization": "440000000", "incomeBeforeTax": "580000000", "incomeTaxExpense": "93000000", "interestAndDebtExpense": "171000000", "netIncomeFromContinuingOperations": "491000000", "comprehensiveIncomeNetOfTax": "265000000", "ebit": "751000000", "ebitda": "1191000000", "netIncome": "487000000"}, {"fiscalDateEnding": "2020-04-24", "reportedCurrency": "USD", "grossProfit": "3734000000", "totalRevenue": "5998000000", "costOfRevenue": "5134000000", "costofGoodsAndServicesSold": "2264000000", "operatingIncome": "316000000", "sellingGeneralAndAdministrative": "2359000000", "researchAndDevelopment": "568000000", "operatingExpenses": "3470000000", "investmentIncomeNet": "None", "netInterestIncome": "-162000000", "interestIncome": "-100000000", "interestExpense": "162000000", "nonInterestIncome": "5998000000", "otherNonOperatingIncome": "51000000", "depreciation": "None", "depreciationAndAmortization": "439000000", "incomeBeforeTax": "212000000", "incomeTaxExpense": "-434000000", "interestAndDebtExpense": "162000000", "netIncomeFromContinuingOperations": "3734000000", "comprehensiveIncomeNetOfTax": "-368000000", "ebit": "374000000", "ebitda": "813000000", "netIncome": "646000000"}, {"fiscalDateEnding": "2020-01-24", "reportedCurrency": "USD", "grossProfit": "5317000000", "totalRevenue": "7561000000", "costOfRevenue": "5423000000", "costofGoodsAndServicesSold": "2400000000", "operatingIncome": "1639000000", "sellingGeneralAndAdministrative": "2587000000", "researchAndDevelopment": "573000000", "operatingExpenses": "3596000000", "investmentIncomeNet": "None", "netInterestIncome": "-156000000", "interestIncome": "-79000000", "interestExpense": "156000000", "nonInterestIncome": "7717000000", "otherNonOperatingIncome": "96000000", "depreciation": "None", "depreciationAndAmortization": "436000000", "incomeBeforeTax": "1575000000", "incomeTaxExpense": "-340000000", "interestAndDebtExpense": "156000000", "netIncomeFromContinuingOperations": "1919000000", "comprehensiveIncomeNetOfTax": "1980000000", "ebit": "1731000000", "ebitda": "2167000000", "netIncome": "1915000000"}, {"fiscalDateEnding": "2019-10-25", "reportedCurrency": "USD", "grossProfit": "5312000000", "totalRevenue": "7541000000", "costOfRevenue": "5488000000", "costofGoodsAndServicesSold": "2394000000", "operatingIncome": "1351000000", "sellingGeneralAndAdministrative": "2620000000", "researchAndDevelopment": "603000000", "operatingExpenses": "3697000000", "investmentIncomeNet": "None", "netInterestIncome": "-165000000", "interestIncome": "-165000000", "interestExpense": "165000000", "nonInterestIncome": "7706000000", "otherNonOperatingIncome": "108000000", "depreciation": "None", "depreciationAndAmortization": "441000000", "incomeBeforeTax": "1287000000", "incomeTaxExpense": "-77000000", "interestAndDebtExpense": "165000000", "netIncomeFromContinuingOperations": "1371000000", "comprehensiveIncomeNetOfTax": "1237000000", "ebit": "1452000000", "ebitda": "1893000000", "netIncome": "1364000000"}, {"fiscalDateEnding": "2019-07-26", "reportedCurrency": "USD", "grossProfit": "5127000000", "totalRevenue": "6478000000", "costOfRevenue": "5349000000", "costofGoodsAndServicesSold": "2366000000", "operatingIncome": "1485000000", "sellingGeneralAndAdministrative": "2543000000", "researchAndDevelopment": "587000000", "operatingExpenses": "3595000000", "investmentIncomeNet": "None", "netInterestIncome": "-609000000", "interestIncome": "-196000000", "interestExpense": "609000000", "nonInterestIncome": "7087000000", "otherNonOperatingIncome": "101000000", "depreciation": "None", "depreciationAndAmortization": "440000000", "incomeBeforeTax": "964000000", "incomeTaxExpense": "100000000", "interestAndDebtExpense": "1015000000", "netIncomeFromContinuingOperations": "877000000", "comprehensiveIncomeNetOfTax": "1091000000", "ebit": "1573000000", "ebitda": "2013000000", "netIncome": "864000000"}, {"fiscalDateEnding": "2019-04-26", "reportedCurrency": "USD", "grossProfit": "5663000000", "totalRevenue": "8146000000", "costOfRevenue": "5549000000", "costofGoodsAndServicesSold": "2483000000", "operatingIncome": "1946000000", "sellingGeneralAndAdministrative": "2620000000", "researchAndDevelopment": "594000000", "operatingExpenses": "3683000000", "investmentIncomeNet": "None", "netInterestIncome": "-718000000", "interestIncome": "None", "interestExpense": "718000000", "nonInterestIncome": "8146000000", "otherNonOperatingIncome": "64000000", "depreciation": "None", "depreciationAndAmortization": "437000000", "incomeBeforeTax": "1282000000", "incomeTaxExpense": "110000000", "interestAndDebtExpense": "1175000000", "netIncomeFromContinuingOperations": "5663000000", "comprehensiveIncomeNetOfTax": "919000000", "ebit": "2000000000", "ebitda": "2437000000", "netIncome": "1172000000"}, {"fiscalDateEnding": "2019-01-25", "reportedCurrency": "USD", "grossProfit": "5281000000", "totalRevenue": "7303000000", "costOfRevenue": "5318000000", "costofGoodsAndServicesSold": "2265000000", "operatingIncome": "1542000000", "sellingGeneralAndAdministrative": "2596000000", "researchAndDevelopment": "561000000", "operatingExpenses": "3614000000", "investmentIncomeNet": "None", "netInterestIncome": "-243000000", "interestIncome": "None", "interestExpense": "243000000", "nonInterestIncome": "7546000000", "otherNonOperatingIncome": "71000000", "depreciation": "None", "depreciationAndAmortization": "436000000", "incomeBeforeTax": "1368000000", "incomeTaxExpense": "99000000", "interestAndDebtExpense": "243000000", "netIncomeFromContinuingOperations": "1271000000", "comprehensiveIncomeNetOfTax": "1423000000", "ebit": "1611000000", "ebitda": "2047000000", "netIncome": "1269000000"}, {"fiscalDateEnding": "2018-10-26", "reportedCurrency": "USD", "grossProfit": "5278000000", "totalRevenue": "7240000000", "costOfRevenue": "5253000000", "costofGoodsAndServicesSold": "2203000000", "operatingIncome": "1544000000", "sellingGeneralAndAdministrative": "2605000000", "researchAndDevelopment": "590000000", "operatingExpenses": "3640000000", "investmentIncomeNet": "None", "netInterestIncome": "-241000000", "interestIncome": "None", "interestExpense": "241000000", "nonInterestIncome": "7481000000", "otherNonOperatingIncome": "52000000", "depreciation": "None", "depreciationAndAmortization": "445000000", "incomeBeforeTax": "1350000000", "incomeTaxExpense": "235000000", "interestAndDebtExpense": "241000000", "netIncomeFromContinuingOperations": "1120000000", "comprehensiveIncomeNetOfTax": "826000000", "ebit": "1591000000", "ebitda": "2036000000", "netIncome": "1115000000"}, {"fiscalDateEnding": "2018-07-27", "reportedCurrency": "USD", "grossProfit": "5180000000", "totalRevenue": "7142000000", "costOfRevenue": "5308000000", "costofGoodsAndServicesSold": "2204000000", "operatingIncome": "1236000000", "sellingGeneralAndAdministrative": "2597000000", "researchAndDevelopment": "585000000", "operatingExpenses": "3704000000", "investmentIncomeNet": "None", "netInterestIncome": "-242000000", "interestIncome": "None", "interestExpense": "242000000", "nonInterestIncome": "7384000000", "otherNonOperatingIncome": "186000000", "depreciation": "None", "depreciationAndAmortization": "446000000", "incomeBeforeTax": "1178000000", "incomeTaxExpense": "103000000", "interestAndDebtExpense": "242000000", "netIncomeFromContinuingOperations": "1077000000", "comprehensiveIncomeNetOfTax": "491000000", "ebit": "1420000000", "ebitda": "1866000000", "netIncome": "1075000000"}, {"fiscalDateEnding": "2018-04-27", "reportedCurrency": "USD", "grossProfit": "5746000000", "totalRevenue": "8144000000", "costOfRevenue": "5450000000", "costofGoodsAndServicesSold": "2398000000", "operatingIncome": "1928000000", "sellingGeneralAndAdministrative": "2596000000", "researchAndDevelopment": "592000000", "operatingExpenses": "3663000000", "investmentIncomeNet": "None", "netInterestIncome": "-317000000", "interestIncome": "None", "interestExpense": "317000000", "nonInterestIncome": "8144000000", "otherNonOperatingIncome": "114000000", "depreciation": "None", "depreciationAndAmortization": "448000000", "incomeBeforeTax": "1720000000", "incomeTaxExpense": "260000000", "interestAndDebtExpense": "355000000", "netIncomeFromContinuingOperations": "5749000000", "comprehensiveIncomeNetOfTax": "1259000000", "ebit": "2037000000", "ebitda": "2485000000", "netIncome": "1460000000"}, {"fiscalDateEnding": "2018-01-26", "reportedCurrency": "USD", "grossProfit": "5175000000", "totalRevenue": "7099000000", "costOfRevenue": "5240000000", "costofGoodsAndServicesSold": "2194000000", "operatingIncome": "1436000000", "sellingGeneralAndAdministrative": "2523000000", "researchAndDevelopment": "558000000", "operatingExpenses": "3607000000", "investmentIncomeNet": "None", "netInterestIncome": "-270000000", "interestIncome": "None", "interestExpense": "270000000", "nonInterestIncome": "0", "otherNonOperatingIncome": "-139000000", "depreciation": "None", "depreciationAndAmortization": "461000000", "incomeBeforeTax": "1030000000", "incomeTaxExpense": "2419000000", "interestAndDebtExpense": "270000000", "netIncomeFromContinuingOperations": "-1392000000", "comprehensiveIncomeNetOfTax": "-711000000", "ebit": "1300000000", "ebitda": "1761000000", "netIncome": "-1389000000"}, {"fiscalDateEnding": "2017-10-27", "reportedCurrency": "USD", "grossProfit": "4927000000", "totalRevenue": "7474000000", "costOfRevenue": "5025000000", "costofGoodsAndServicesSold": "2123000000", "operatingIncome": "1894000000", "sellingGeneralAndAdministrative": "2539000000", "researchAndDevelopment": "555000000", "operatingExpenses": "2763000000", "investmentIncomeNet": "None", "netInterestIncome": "-273000000", "interestIncome": "None", "interestExpense": "273000000", "nonInterestIncome": "697000000", "otherNonOperatingIncome": "107000000", "depreciation": "None", "depreciationAndAmortization": "460000000", "incomeBeforeTax": "1732000000", "incomeTaxExpense": "-285000000", "interestAndDebtExpense": "273000000", "netIncomeFromContinuingOperations": "2013000000", "comprehensiveIncomeNetOfTax": "1881000000", "ebit": "2005000000", "ebitda": "2465000000", "netIncome": "2017000000"}, {"fiscalDateEnding": "2017-07-28", "reportedCurrency": "USD", "grossProfit": "5038000000", "totalRevenue": "7104000000", "costOfRevenue": "5332000000", "costofGoodsAndServicesSold": "2352000000", "operatingIncome": "1382000000", "sellingGeneralAndAdministrative": "2580000000", "researchAndDevelopment": "548000000", "operatingExpenses": "3541000000", "investmentIncomeNet": "None", "netInterestIncome": "-286000000", "interestIncome": "None", "interestExpense": "286000000", "nonInterestIncome": "7390000000", "otherNonOperatingIncome": "99000000", "depreciation": "None", "depreciationAndAmortization": "454000000", "incomeBeforeTax": "1202000000", "incomeTaxExpense": "186000000", "interestAndDebtExpense": "286000000", "netIncomeFromContinuingOperations": "1009000000", "comprehensiveIncomeNetOfTax": "1705000000", "ebit": "1488000000", "ebitda": "1942000000", "netIncome": "1016000000"}, {"fiscalDateEnding": "2017-04-28", "reportedCurrency": "USD", "grossProfit": "5480000000", "totalRevenue": "7916000000", "costOfRevenue": "5661000000", "costofGoodsAndServicesSold": "2439000000", "operatingIncome": "1684000000", "sellingGeneralAndAdministrative": "2786000000", "researchAndDevelopment": "553000000", "operatingExpenses": "3786000000", "investmentIncomeNet": "None", "netInterestIncome": "-290000000", "interestIncome": "None", "interestExpense": "290000000", "nonInterestIncome": "0", "otherNonOperatingIncome": "-48000000", "depreciation": "None", "depreciationAndAmortization": "516000000", "incomeBeforeTax": "1434000000", "incomeTaxExpense": "271000000", "interestAndDebtExpense": "290000000", "netIncomeFromContinuingOperations": "5480000000", "comprehensiveIncomeNetOfTax": "1429000000", "ebit": "1724000000", "ebitda": "2240000000", "netIncome": "1163000000"}, {"fiscalDateEnding": "2017-01-27", "reportedCurrency": "USD", "grossProfit": "5015000000", "totalRevenue": "7015000000", "costOfRevenue": "5153000000", "costofGoodsAndServicesSold": "2268000000", "operatingIncome": "1147000000", "sellingGeneralAndAdministrative": "2388000000", "researchAndDevelopment": "530000000", "operatingExpenses": "3415000000", "investmentIncomeNet": "None", "netInterestIncome": "-268000000", "interestIncome": "None", "interestExpense": "268000000", "nonInterestIncome": "0", "otherNonOperatingIncome": "-46000000", "depreciation": "None", "depreciationAndAmortization": "497000000", "incomeBeforeTax": "968000000", "incomeTaxExpense": "147000000", "interestAndDebtExpense": "268000000", "netIncomeFromContinuingOperations": "820000000", "comprehensiveIncomeNetOfTax": "270000000", "ebit": "1236000000", "ebitda": "1733000000", "netIncome": "821000000"}, {"fiscalDateEnding": "2016-10-28", "reportedCurrency": "USD", "grossProfit": "5019000000", "totalRevenue": "7081000000", "costOfRevenue": "5247000000", "costofGoodsAndServicesSold": "2326000000", "operatingIncome": "1385000000", "sellingGeneralAndAdministrative": "2416000000", "researchAndDevelopment": "554000000", "operatingExpenses": "3475000000", "investmentIncomeNet": "None", "netInterestIncome": "-264000000", "interestIncome": "None", "interestExpense": "264000000", "nonInterestIncome": "0", "otherNonOperatingIncome": "-89000000", "depreciation": "None", "depreciationAndAmortization": "500000000", "incomeBeforeTax": "1216000000", "incomeTaxExpense": "101000000", "interestAndDebtExpense": "264000000", "netIncomeFromContinuingOperations": "1111000000", "comprehensiveIncomeNetOfTax": "811000000", "ebit": "1480000000", "ebitda": "1980000000", "netIncome": "1115000000"}]}