{"symbol": "MHK", "annualReports": [{"fiscalDateEnding": "2020-12-31", "reportedCurrency": "USD", "grossProfit": "2430690000", "totalRevenue": "9486859000", "costOfRevenue": "9076866000", "costofGoodsAndServicesSold": "7121507000", "operatingIncome": "636002000", "sellingGeneralAndAdministrative": "1794688000", "researchAndDevelopment": "None", "operatingExpenses": "1961655000", "investmentIncomeNet": "2976000", "netInterestIncome": "-52379000", "interestIncome": "-52379000", "interestExpense": "52379000", "nonInterestIncome": "9538086000", "otherNonOperatingIncome": "9189000", "depreciation": "574095000", "depreciationAndAmortization": "35314000", "incomeBeforeTax": "584242000", "incomeTaxExpense": "68647000", "interestAndDebtExpense": "52379000", "netIncomeFromContinuingOperations": "515727000", "comprehensiveIncomeNetOfTax": "586274000", "ebit": "636621000", "ebitda": "671935000", "netIncome": "515595000"}, {"fiscalDateEnding": "2019-12-31", "reportedCurrency": "USD", "grossProfit": "2676043000", "totalRevenue": "9935830000", "costOfRevenue": "9325323000", "costofGoodsAndServicesSold": "7294629000", "operatingIncome": "827224000", "sellingGeneralAndAdministrative": "1848819000", "researchAndDevelopment": "None", "operatingExpenses": "2032302000", "investmentIncomeNet": "None", "netInterestIncome": "-41272000", "interestIncome": "-34082000", "interestExpense": "41272000", "nonInterestIncome": "9976254000", "otherNonOperatingIncome": "16005000", "depreciation": "544733000", "depreciationAndAmortization": "31628000", "incomeBeforeTax": "749185000", "incomeTaxExpense": "4974000", "interestAndDebtExpense": "41272000", "netIncomeFromContinuingOperations": "744571000", "comprehensiveIncomeNetOfTax": "769997000", "ebit": "790457000", "ebitda": "822085000", "netIncome": "744211000"}, {"fiscalDateEnding": "2018-12-31", "reportedCurrency": "USD", "grossProfit": "2838070000", "totalRevenue": "9935399000", "costOfRevenue": "8978044000", "costofGoodsAndServicesSold": "7145564000", "operatingIncome": "1095326000", "sellingGeneralAndAdministrative": "1742744000", "researchAndDevelopment": "None", "operatingExpenses": "1832275000", "investmentIncomeNet": "None", "netInterestIncome": "-38827000", "interestIncome": "-48440000", "interestExpense": "38827000", "nonInterestIncome": "9974226000", "otherNonOperatingIncome": "6921000", "depreciation": "487411000", "depreciationAndAmortization": "30745000", "incomeBeforeTax": "1046050000", "incomeTaxExpense": "184346000", "interestAndDebtExpense": "38827000", "netIncomeFromContinuingOperations": "864855000", "comprehensiveIncomeNetOfTax": "628623000", "ebit": "1084877000", "ebitda": "1115622000", "netIncome": "861704000"}, {"fiscalDateEnding": "2017-12-31", "reportedCurrency": "USD", "grossProfit": "2996414000", "totalRevenue": "9447481000", "costOfRevenue": "8208481000", "costofGoodsAndServicesSold": "6494876000", "operatingIncome": "1354173000", "sellingGeneralAndAdministrative": "1642241000", "researchAndDevelopment": "None", "operatingExpenses": "1717908000", "investmentIncomeNet": "None", "netInterestIncome": "-31111000", "interestIncome": "-39506000", "interestExpense": "31111000", "nonInterestIncome": "-12698000", "otherNonOperatingIncome": "7649000", "depreciation": "408646000", "depreciationAndAmortization": "34279000", "incomeBeforeTax": "1314803000", "incomeTaxExpense": "343165000", "interestAndDebtExpense": "31111000", "netIncomeFromContinuingOperations": "974692000", "comprehensiveIncomeNetOfTax": "1246138000", "ebit": "1345914000", "ebitda": "1380193000", "netIncome": "971638000"}, {"fiscalDateEnding": "2016-12-31", "reportedCurrency": "USD", "grossProfit": "2812825000", "totalRevenue": "8913509000", "costOfRevenue": "7805057000", "costofGoodsAndServicesSold": "6146262000", "operatingIncome": "1279943000", "sellingGeneralAndAdministrative": "1532882000", "researchAndDevelopment": "None", "operatingExpenses": "1662727000", "investmentIncomeNet": "None", "netInterestIncome": "-40547000", "interestIncome": "-41646000", "interestExpense": "40547000", "nonInterestIncome": "-5031000", "otherNonOperatingIncome": "8199000", "depreciation": "366233000", "depreciationAndAmortization": "39545000", "incomeBeforeTax": "1237921000", "incomeTaxExpense": "307559000", "interestAndDebtExpense": "40547000", "netIncomeFromContinuingOperations": "933566000", "comprehensiveIncomeNetOfTax": "890903000", "ebit": "1278468000", "ebitda": "1318013000", "netIncome": "930362000"}], "quarterlyReports": [{"fiscalDateEnding": "2021-09-30", "reportedCurrency": "USD", "grossProfit": "837315000", "totalRevenue": "2798934000", "costOfRevenue": "2464447000", "costofGoodsAndServicesSold": "1979702000", "operatingIncome": "359974000", "sellingGeneralAndAdministrative": "477341000", "researchAndDevelopment": "None", "operatingExpenses": "484745000", "investmentIncomeNet": "None", "netInterestIncome": "-14948000", "interestIncome": "-14948000", "interestExpense": "14948000", "nonInterestIncome": "2813882000", "otherNonOperatingIncome": "3114000", "depreciation": "None", "depreciationAndAmortization": "7247000", "incomeBeforeTax": "344799000", "incomeTaxExpense": "73821000", "interestAndDebtExpense": "14948000", "netIncomeFromContinuingOperations": "271184000", "comprehensiveIncomeNetOfTax": "179867000", "ebit": "359747000", "ebitda": "366994000", "netIncome": "270978000"}, {"fiscalDateEnding": "2021-06-30", "reportedCurrency": "USD", "grossProfit": "902207000", "totalRevenue": "2937774000", "costOfRevenue": "2562424000", "costofGoodsAndServicesSold": "2051626000", "operatingIncome": "404424000", "sellingGeneralAndAdministrative": "497783000", "researchAndDevelopment": "None", "operatingExpenses": "510798000", "investmentIncomeNet": "None", "netInterestIncome": "-14894000", "interestIncome": "-16059000", "interestExpense": "14894000", "nonInterestIncome": "2952668000", "otherNonOperatingIncome": "6122000", "depreciation": "None", "depreciationAndAmortization": "7336000", "incomeBeforeTax": "400530000", "incomeTaxExpense": "64245000", "interestAndDebtExpense": "14894000", "netIncomeFromContinuingOperations": "336453000", "comprehensiveIncomeNetOfTax": "410234000", "ebit": "415424000", "ebitda": "422760000", "netIncome": "336285000"}, {"fiscalDateEnding": "2021-03-31", "reportedCurrency": "USD", "grossProfit": "791769000", "totalRevenue": "2652449000", "costOfRevenue": "2369084000", "costofGoodsAndServicesSold": "1877257000", "operatingIncome": "317515000", "sellingGeneralAndAdministrative": "474254000", "researchAndDevelopment": "None", "operatingExpenses": "494349000", "investmentIncomeNet": "2227000", "netInterestIncome": "-15241000", "interestIncome": "-13511000", "interestExpense": "15241000", "nonInterestIncome": "2667690000", "otherNonOperatingIncome": "497000", "depreciation": "None", "depreciationAndAmortization": "7498000", "incomeBeforeTax": "304497000", "incomeTaxExpense": "67690000", "interestAndDebtExpense": "15241000", "netIncomeFromContinuingOperations": "236811000", "comprehensiveIncomeNetOfTax": "76498000", "ebit": "319738000", "ebitda": "327236000", "netIncome": "236807000"}, {"fiscalDateEnding": "2020-12-31", "reportedCurrency": "USD", "grossProfit": "738084000", "totalRevenue": "2641764000", "costOfRevenue": "2394029000", "costofGoodsAndServicesSold": "1903680000", "operatingIncome": "282734000", "sellingGeneralAndAdministrative": "455350000", "researchAndDevelopment": "None", "operatingExpenses": "495269000", "investmentIncomeNet": "1626000", "netInterestIncome": "-15898000", "interestIncome": "-15897000", "interestExpense": "15898000", "nonInterestIncome": "2641764000", "otherNonOperatingIncome": "3196000", "depreciation": "None", "depreciationAndAmortization": "9729000", "incomeBeforeTax": "273402000", "incomeTaxExpense": "25180000", "interestAndDebtExpense": "15898000", "netIncomeFromContinuingOperations": "738084000", "comprehensiveIncomeNetOfTax": "488499000", "ebit": "289300000", "ebitda": "299029000", "netIncome": "248222000"}, {"fiscalDateEnding": "2020-09-30", "reportedCurrency": "USD", "grossProfit": "706199000", "totalRevenue": "2555763000", "costOfRevenue": "2347463000", "costofGoodsAndServicesSold": "1868671000", "operatingIncome": "262744000", "sellingGeneralAndAdministrative": "443455000", "researchAndDevelopment": "None", "operatingExpenses": "478792000", "investmentIncomeNet": "1350000", "netInterestIncome": "-14854000", "interestIncome": "-17999000", "interestExpense": "14854000", "nonInterestIncome": "2570375000", "otherNonOperatingIncome": "5221000", "depreciation": "None", "depreciationAndAmortization": "8999000", "incomeBeforeTax": "248280000", "incomeTaxExpense": "43163000", "interestAndDebtExpense": "14854000", "netIncomeFromContinuingOperations": "205453000", "comprehensiveIncomeNetOfTax": "236470000", "ebit": "263134000", "ebitda": "272133000", "netIncome": "205117000"}, {"fiscalDateEnding": "2020-06-30", "reportedCurrency": "USD", "grossProfit": "369967000", "totalRevenue": "2039461000", "costOfRevenue": "2122813000", "costofGoodsAndServicesSold": "1679833000", "operatingIncome": "-60958000", "sellingGeneralAndAdministrative": "430925000", "researchAndDevelopment": "None", "operatingExpenses": "442980000", "investmentIncomeNet": "None", "netInterestIncome": "-12956000", "interestIncome": "-10587000", "interestExpense": "12956000", "nonInterestIncome": "2052169000", "otherNonOperatingIncome": "193000", "depreciation": "None", "depreciationAndAmortization": "8456000", "incomeBeforeTax": "-74620000", "incomeTaxExpense": "-26363000", "interestAndDebtExpense": "12956000", "netIncomeFromContinuingOperations": "-48588000", "comprehensiveIncomeNetOfTax": "72818000", "ebit": "-61664000", "ebitda": "-53208000", "netIncome": "-48257000"}, {"fiscalDateEnding": "2020-03-31", "reportedCurrency": "USD", "grossProfit": "616440000", "totalRevenue": "2268821000", "costOfRevenue": "2154119000", "costofGoodsAndServicesSold": "1669323000", "operatingIncome": "151483000", "sellingGeneralAndAdministrative": "464957000", "researchAndDevelopment": "None", "operatingExpenses": "485697000", "investmentIncomeNet": "None", "netInterestIncome": "-8671000", "interestIncome": "-16279000", "interestExpense": "8671000", "nonInterestIncome": "2277254000", "otherNonOperatingIncome": "1929000", "depreciation": "None", "depreciationAndAmortization": "8130000", "incomeBeforeTax": "137182000", "incomeTaxExpense": "26668000", "interestAndDebtExpense": "8671000", "netIncomeFromContinuingOperations": "110465000", "comprehensiveIncomeNetOfTax": "-211513000", "ebit": "145853000", "ebitda": "153983000", "netIncome": "110514000"}, {"fiscalDateEnding": "2019-12-31", "reportedCurrency": "USD", "grossProfit": "622807000", "totalRevenue": "2424512000", "costOfRevenue": "2319044000", "costofGoodsAndServicesSold": "1801705000", "operatingIncome": "154814000", "sellingGeneralAndAdministrative": "467993000", "researchAndDevelopment": "None", "operatingExpenses": "517376000", "investmentIncomeNet": "None", "netInterestIncome": "-10962000", "interestIncome": "-3975000", "interestExpense": "10962000", "nonInterestIncome": "2424512000", "otherNonOperatingIncome": "-2376000", "depreciation": "None", "depreciationAndAmortization": "9804000", "incomeBeforeTax": "153368000", "incomeTaxExpense": "-111299000", "interestAndDebtExpense": "10962000", "netIncomeFromContinuingOperations": "622807000", "comprehensiveIncomeNetOfTax": "381132000", "ebit": "164330000", "ebitda": "174134000", "netIncome": "264667000"}, {"fiscalDateEnding": "2019-09-30", "reportedCurrency": "USD", "grossProfit": "691691000", "totalRevenue": "2511277000", "costOfRevenue": "2351453000", "costofGoodsAndServicesSold": "1827494000", "operatingIncome": "240220000", "sellingGeneralAndAdministrative": "451471000", "researchAndDevelopment": "None", "operatingExpenses": "523959000", "investmentIncomeNet": "None", "netInterestIncome": "-9316000", "interestIncome": "-8135000", "interestExpense": "9316000", "nonInterestIncome": "2520366000", "otherNonOperatingIncome": "10619000", "depreciation": "None", "depreciationAndAmortization": "7316000", "incomeBeforeTax": "178040000", "incomeTaxExpense": "22522000", "interestAndDebtExpense": "9316000", "netIncomeFromContinuingOperations": "155669000", "comprehensiveIncomeNetOfTax": "5753000", "ebit": "187356000", "ebitda": "194672000", "netIncome": "155518000"}, {"fiscalDateEnding": "2019-06-30", "reportedCurrency": "USD", "grossProfit": "736618000", "totalRevenue": "2572068000", "costOfRevenue": "2324972000", "costofGoodsAndServicesSold": "1847867000", "operatingIncome": "266860000", "sellingGeneralAndAdministrative": "469758000", "researchAndDevelopment": "None", "operatingExpenses": "477105000", "investmentIncomeNet": "None", "netInterestIncome": "-10521000", "interestIncome": "-12609000", "interestExpense": "10521000", "nonInterestIncome": "2582397000", "otherNonOperatingIncome": "5136000", "depreciation": "None", "depreciationAndAmortization": "7347000", "incomeBeforeTax": "259174000", "incomeTaxExpense": "56733000", "interestAndDebtExpense": "10521000", "netIncomeFromContinuingOperations": "202654000", "comprehensiveIncomeNetOfTax": "247466000", "ebit": "269695000", "ebitda": "277042000", "netIncome": "202441000"}, {"fiscalDateEnding": "2019-03-31", "reportedCurrency": "USD", "grossProfit": "624927000", "totalRevenue": "2431963000", "costOfRevenue": "2316826000", "costofGoodsAndServicesSold": "1817563000", "operatingIncome": "165330000", "sellingGeneralAndAdministrative": "459597000", "researchAndDevelopment": "None", "operatingExpenses": "500427000", "investmentIncomeNet": "None", "netInterestIncome": "-10473000", "interestIncome": "None", "interestExpense": "10473000", "nonInterestIncome": "2442436000", "otherNonOperatingIncome": "2626000", "depreciation": "None", "depreciationAndAmortization": "6729000", "incomeBeforeTax": "158603000", "incomeTaxExpense": "37018000", "interestAndDebtExpense": "10473000", "netIncomeFromContinuingOperations": "121575000", "comprehensiveIncomeNetOfTax": "135646000", "ebit": "169076000", "ebitda": "175805000", "netIncome": "121585000"}, {"fiscalDateEnding": "2018-12-31", "reportedCurrency": "USD", "grossProfit": "646390000", "totalRevenue": "2448618000", "costOfRevenue": "2258989000", "costofGoodsAndServicesSold": "1802228000", "operatingIncome": "213376000", "sellingGeneralAndAdministrative": "433014000", "researchAndDevelopment": "None", "operatingExpenses": "457809000", "investmentIncomeNet": "None", "netInterestIncome": "-14411000", "interestIncome": "None", "interestExpense": "14411000", "nonInterestIncome": "2448618000", "otherNonOperatingIncome": "4788000", "depreciation": "None", "depreciationAndAmortization": "7547000", "incomeBeforeTax": "197757000", "incomeTaxExpense": "-31582000", "interestAndDebtExpense": "14411000", "netIncomeFromContinuingOperations": "646390000", "comprehensiveIncomeNetOfTax": "142110000", "ebit": "212168000", "ebitda": "219715000", "netIncome": "229339000"}, {"fiscalDateEnding": "2018-09-30", "reportedCurrency": "USD", "grossProfit": "720433000", "totalRevenue": "2534319000", "costOfRevenue": "2266704000", "costofGoodsAndServicesSold": "1825367000", "operatingIncome": "287244000", "sellingGeneralAndAdministrative": "433189000", "researchAndDevelopment": "None", "operatingExpenses": "441337000", "investmentIncomeNet": "None", "netInterestIncome": "-9025000", "interestIncome": "None", "interestExpense": "9025000", "nonInterestIncome": "2543344000", "otherNonOperatingIncome": "1750000", "depreciation": "None", "depreciationAndAmortization": "8148000", "incomeBeforeTax": "276500000", "incomeTaxExpense": "49487000", "interestAndDebtExpense": "9025000", "netIncomeFromContinuingOperations": "228026000", "comprehensiveIncomeNetOfTax": "193767000", "ebit": "285525000", "ebitda": "293673000", "netIncome": "227013000"}, {"fiscalDateEnding": "2018-06-30", "reportedCurrency": "USD", "grossProfit": "766555000", "totalRevenue": "2565834000", "costOfRevenue": "2258190000", "costofGoodsAndServicesSold": "1810459000", "operatingIncome": "326307000", "sellingGeneralAndAdministrative": "440248000", "researchAndDevelopment": "None", "operatingExpenses": "447731000", "investmentIncomeNet": "None", "netInterestIncome": "-7863000", "interestIncome": "None", "interestExpense": "7863000", "nonInterestIncome": "2573697000", "otherNonOperatingIncome": "1227000", "depreciation": "None", "depreciationAndAmortization": "7483000", "incomeBeforeTax": "315395000", "incomeTaxExpense": "118809000", "interestAndDebtExpense": "7863000", "netIncomeFromContinuingOperations": "197545000", "comprehensiveIncomeNetOfTax": "12621000", "ebit": "323258000", "ebitda": "330741000", "netIncome": "196586000"}, {"fiscalDateEnding": "2018-03-31", "reportedCurrency": "USD", "grossProfit": "704692000", "totalRevenue": "2404546000", "costOfRevenue": "2169552000", "costofGoodsAndServicesSold": "1707510000", "operatingIncome": "268399000", "sellingGeneralAndAdministrative": "436293000", "researchAndDevelopment": "None", "operatingExpenses": "460765000", "investmentIncomeNet": "None", "netInterestIncome": "-7528000", "interestIncome": "None", "interestExpense": "7528000", "nonInterestIncome": "-128000", "otherNonOperatingIncome": "-844000", "depreciation": "None", "depreciationAndAmortization": "7567000", "incomeBeforeTax": "256398000", "incomeTaxExpense": "47632000", "interestAndDebtExpense": "7528000", "netIncomeFromContinuingOperations": "209241000", "comprehensiveIncomeNetOfTax": "280125000", "ebit": "263926000", "ebitda": "271493000", "netIncome": "208766000"}, {"fiscalDateEnding": "2017-12-31", "reportedCurrency": "USD", "grossProfit": "753624000", "totalRevenue": "2369097000", "costOfRevenue": "2043094000", "costofGoodsAndServicesSold": "1615473000", "operatingIncome": "343466000", "sellingGeneralAndAdministrative": "410158000", "researchAndDevelopment": "None", "operatingExpenses": "429703000", "investmentIncomeNet": "None", "netInterestIncome": "-7257000", "interestIncome": "None", "interestExpense": "7257000", "nonInterestIncome": "2369097000", "otherNonOperatingIncome": "2851000", "depreciation": "None", "depreciationAndAmortization": "7477000", "incomeBeforeTax": "331971000", "incomeTaxExpense": "91593000", "interestAndDebtExpense": "7257000", "netIncomeFromContinuingOperations": "753624000", "comprehensiveIncomeNetOfTax": "253220000", "ebit": "339228000", "ebitda": "346705000", "netIncome": "240378000"}, {"fiscalDateEnding": "2017-09-30", "reportedCurrency": "USD", "grossProfit": "783301000", "totalRevenue": "2437683000", "costOfRevenue": "2075833000", "costofGoodsAndServicesSold": "1665209000", "operatingIncome": "380098000", "sellingGeneralAndAdministrative": "403203000", "researchAndDevelopment": "None", "operatingExpenses": "410624000", "investmentIncomeNet": "None", "netInterestIncome": "-7259000", "interestIncome": "None", "interestExpense": "7259000", "nonInterestIncome": "-3568000", "otherNonOperatingIncome": "2283000", "depreciation": "None", "depreciationAndAmortization": "7421000", "incomeBeforeTax": "370557000", "incomeTaxExpense": "100532000", "interestAndDebtExpense": "7259000", "netIncomeFromContinuingOperations": "271022000", "comprehensiveIncomeNetOfTax": "335443000", "ebit": "377816000", "ebitda": "385237000", "netIncome": "270025000"}, {"fiscalDateEnding": "2017-06-30", "reportedCurrency": "USD", "grossProfit": "779136000", "totalRevenue": "2453038000", "costOfRevenue": "2106535000", "costofGoodsAndServicesSold": "1673902000", "operatingIncome": "355825000", "sellingGeneralAndAdministrative": "423311000", "researchAndDevelopment": "None", "operatingExpenses": "432633000", "investmentIncomeNet": "None", "netInterestIncome": "-8393000", "interestIncome": "None", "interestExpense": "8393000", "nonInterestIncome": "2448030000", "otherNonOperatingIncome": "2006000", "depreciation": "None", "depreciationAndAmortization": "9322000", "incomeBeforeTax": "343363000", "incomeTaxExpense": "82682000", "interestAndDebtExpense": "8393000", "netIncomeFromContinuingOperations": "260681000", "comprehensiveIncomeNetOfTax": "373880000", "ebit": "351756000", "ebitda": "361078000", "netIncome": "260681000"}, {"fiscalDateEnding": "2017-03-31", "reportedCurrency": "USD", "grossProfit": "680353000", "totalRevenue": "2220645000", "costOfRevenue": "1958945000", "costofGoodsAndServicesSold": "1540292000", "operatingIncome": "274784000", "sellingGeneralAndAdministrative": "405569000", "researchAndDevelopment": "None", "operatingExpenses": "419200000", "investmentIncomeNet": "None", "netInterestIncome": "-8202000", "interestIncome": "None", "interestExpense": "8202000", "nonInterestIncome": "1776000", "otherNonOperatingIncome": "509000", "depreciation": "None", "depreciationAndAmortization": "10059000", "incomeBeforeTax": "268912000", "incomeTaxExpense": "68358000", "interestAndDebtExpense": "8202000", "netIncomeFromContinuingOperations": "200554000", "comprehensiveIncomeNetOfTax": "283595000", "ebit": "277114000", "ebitda": "287173000", "netIncome": "200554000"}, {"fiscalDateEnding": "2016-12-31", "reportedCurrency": "USD", "grossProfit": "690999000", "totalRevenue": "2182566000", "costOfRevenue": "1897563000", "costofGoodsAndServicesSold": "1491567000", "operatingIncome": "305272000", "sellingGeneralAndAdministrative": "385727000", "researchAndDevelopment": "None", "operatingExpenses": "420777000", "investmentIncomeNet": "None", "netInterestIncome": "-8485000", "interestIncome": "None", "interestExpense": "8485000", "nonInterestIncome": "-11709000", "otherNonOperatingIncome": "3121000", "depreciation": "None", "depreciationAndAmortization": "10106000", "incomeBeforeTax": "299217000", "incomeTaxExpense": "65469000", "interestAndDebtExpense": "8485000", "netIncomeFromContinuingOperations": "690999000", "comprehensiveIncomeNetOfTax": "104841000", "ebit": "307702000", "ebitda": "317808000", "netIncome": "233748000"}]}