{"symbol": "MKC", "annualReports": [{"fiscalDateEnding": "2020-11-30", "reportedCurrency": "USD", "grossProfit": "2300400000", "totalRevenue": "5601300000", "costOfRevenue": "3300900000", "costofGoodsAndServicesSold": "3300900000", "operatingIncome": "999500000", "sellingGeneralAndAdministrative": "1281600000", "researchAndDevelopment": "68600000", "operatingExpenses": "1385800000", "investmentIncomeNet": "None", "netInterestIncome": "-135600000", "interestIncome": "-127800000", "interestExpense": "135600000", "nonInterestIncome": "-3000000", "otherNonOperatingIncome": "17600000", "depreciation": "121100000", "depreciationAndAmortization": "20200000", "incomeBeforeTax": "922300000", "incomeTaxExpense": "174900000", "interestAndDebtExpense": "135600000", "netIncomeFromContinuingOperations": "747400000", "comprehensiveIncomeNetOfTax": "778200000", "ebit": "1057900000", "ebitda": "1078100000", "netIncome": "747400000"}, {"fiscalDateEnding": "2019-11-30", "reportedCurrency": "USD", "grossProfit": "2145300000", "totalRevenue": "5347400000", "costOfRevenue": "3202100000", "costofGoodsAndServicesSold": "3202100000", "operatingIncome": "957700000", "sellingGeneralAndAdministrative": "1166800000", "researchAndDevelopment": "67300000", "operatingExpenses": "1252800000", "investmentIncomeNet": "None", "netInterestIncome": "-165200000", "interestIncome": "-155800000", "interestExpense": "165200000", "nonInterestIncome": "1600000", "otherNonOperatingIncome": "26700000", "depreciation": "113600000", "depreciationAndAmortization": "20300000", "incomeBeforeTax": "860100000", "incomeTaxExpense": "157400000", "interestAndDebtExpense": "165200000", "netIncomeFromContinuingOperations": "702700000", "comprehensiveIncomeNetOfTax": "563600000", "ebit": "1025300000", "ebitda": "1045600000", "netIncome": "702700000"}, {"fiscalDateEnding": "2018-11-30", "reportedCurrency": "USD", "grossProfit": "2093300000", "totalRevenue": "5302800000", "costOfRevenue": "3209500000", "costofGoodsAndServicesSold": "3209500000", "operatingIncome": "891100000", "sellingGeneralAndAdministrative": "1163400000", "researchAndDevelopment": "69400000", "operatingExpenses": "1536600000", "investmentIncomeNet": "None", "netInterestIncome": "-174600000", "interestIncome": "-167700000", "interestExpense": "174600000", "nonInterestIncome": "5400000", "otherNonOperatingIncome": "24800000", "depreciation": "104800000", "depreciationAndAmortization": "20600000", "incomeBeforeTax": "776100000", "incomeTaxExpense": "-157300000", "interestAndDebtExpense": "174600000", "netIncomeFromContinuingOperations": "933400000", "comprehensiveIncomeNetOfTax": "874600000", "ebit": "950700000", "ebitda": "971300000", "netIncome": "933400000"}, {"fiscalDateEnding": "2017-11-30", "reportedCurrency": "USD", "grossProfit": "1794000000", "totalRevenue": "4730300000", "costOfRevenue": "2936300000", "costofGoodsAndServicesSold": "2936300000", "operatingIncome": "699800000", "sellingGeneralAndAdministrative": "1031200000", "researchAndDevelopment": "66100000", "operatingExpenses": "1369300000", "investmentIncomeNet": "None", "netInterestIncome": "-95700000", "interestIncome": "-91300000", "interestExpense": "95700000", "nonInterestIncome": "400000", "otherNonOperatingIncome": "6100000", "depreciation": "85200000", "depreciationAndAmortization": "16300000", "incomeBeforeTax": "628700000", "incomeTaxExpense": "151300000", "interestAndDebtExpense": "95700000", "netIncomeFromContinuingOperations": "477400000", "comprehensiveIncomeNetOfTax": "713500000", "ebit": "724400000", "ebitda": "740700000", "netIncome": "477400000"}, {"fiscalDateEnding": "2016-11-30", "reportedCurrency": "USD", "grossProfit": "1831700000", "totalRevenue": "4411500000", "costOfRevenue": "2579800000", "costofGoodsAndServicesSold": "2579800000", "operatingIncome": "641000000", "sellingGeneralAndAdministrative": "1175000000", "researchAndDevelopment": "61000000", "operatingExpenses": "1248800000", "investmentIncomeNet": "None", "netInterestIncome": "-56000000", "interestIncome": "-56000000", "interestExpense": "56000000", "nonInterestIncome": "-1500000", "otherNonOperatingIncome": "4200000", "depreciation": "71200000", "depreciationAndAmortization": "11300000", "incomeBeforeTax": "625300000", "incomeTaxExpense": "153000000", "interestAndDebtExpense": "56000000", "netIncomeFromContinuingOperations": "472300000", "comprehensiveIncomeNetOfTax": "360900000", "ebit": "681300000", "ebitda": "692600000", "netIncome": "472300000"}], "quarterlyReports": [{"fiscalDateEnding": "2021-08-31", "reportedCurrency": "USD", "grossProfit": "599600000", "totalRevenue": "1549400000", "costOfRevenue": "949800000", "costofGoodsAndServicesSold": "949800000", "operatingIncome": "265200000", "sellingGeneralAndAdministrative": "327300000", "researchAndDevelopment": "None", "operatingExpenses": "329900000", "investmentIncomeNet": "None", "netInterestIncome": "-33900000", "interestIncome": "-33900000", "interestExpense": "33900000", "nonInterestIncome": "None", "otherNonOperatingIncome": "3500000", "depreciation": "None", "depreciationAndAmortization": "47200000", "incomeBeforeTax": "243900000", "incomeTaxExpense": "31500000", "interestAndDebtExpense": "33900000", "netIncomeFromContinuingOperations": "212400000", "comprehensiveIncomeNetOfTax": "140200000", "ebit": "277800000", "ebitda": "325000000", "netIncome": "212400000"}, {"fiscalDateEnding": "2021-05-31", "reportedCurrency": "USD", "grossProfit": "614600000", "totalRevenue": "1556700000", "costOfRevenue": "942100000", "costofGoodsAndServicesSold": "942100000", "operatingIncome": "237400000", "sellingGeneralAndAdministrative": "356600000", "researchAndDevelopment": "None", "operatingExpenses": "370400000", "investmentIncomeNet": "None", "netInterestIncome": "-35600000", "interestIncome": "-35600000", "interestExpense": "35600000", "nonInterestIncome": "None", "otherNonOperatingIncome": "3900000", "depreciation": "None", "depreciationAndAmortization": "43800000", "incomeBeforeTax": "229100000", "incomeTaxExpense": "45400000", "interestAndDebtExpense": "35600000", "netIncomeFromContinuingOperations": "183700000", "comprehensiveIncomeNetOfTax": "244200000", "ebit": "264700000", "ebitda": "308500000", "netIncome": "183700000"}, {"fiscalDateEnding": "2021-02-28", "reportedCurrency": "USD", "grossProfit": "577500000", "totalRevenue": "1481500000", "costOfRevenue": "904000000", "costofGoodsAndServicesSold": "904000000", "operatingIncome": "236300000", "sellingGeneralAndAdministrative": "321300000", "researchAndDevelopment": "None", "operatingExpenses": "345100000", "investmentIncomeNet": "None", "netInterestIncome": "-33800000", "interestIncome": "-33800000", "interestExpense": "33800000", "nonInterestIncome": "None", "otherNonOperatingIncome": "4600000", "depreciation": "None", "depreciationAndAmortization": "48100000", "incomeBeforeTax": "220400000", "incomeTaxExpense": "58600000", "interestAndDebtExpense": "33800000", "netIncomeFromContinuingOperations": "161800000", "comprehensiveIncomeNetOfTax": "211400000", "ebit": "254200000", "ebitda": "302300000", "netIncome": "161800000"}, {"fiscalDateEnding": "2020-11-30", "reportedCurrency": "USD", "grossProfit": "660700000", "totalRevenue": "1557900000", "costOfRevenue": "897200000", "costofGoodsAndServicesSold": "897200000", "operatingIncome": "274900000", "sellingGeneralAndAdministrative": "370500000", "researchAndDevelopment": "None", "operatingExpenses": "21400000", "investmentIncomeNet": "None", "netInterestIncome": "-4500000", "interestIncome": "27900000", "interestExpense": "32400000", "nonInterestIncome": "None", "otherNonOperatingIncome": "5100000", "depreciation": "None", "depreciationAndAmortization": "9000000", "incomeBeforeTax": "258200000", "incomeTaxExpense": "57500000", "interestAndDebtExpense": "4500000", "netIncomeFromContinuingOperations": "274900000", "comprehensiveIncomeNetOfTax": "160400000", "ebit": "290600000", "ebitda": "299600000", "netIncome": "200700000"}, {"fiscalDateEnding": "2020-08-31", "reportedCurrency": "USD", "grossProfit": "590300000", "totalRevenue": "1430300000", "costOfRevenue": "840000000", "costofGoodsAndServicesSold": "840000000", "operatingIncome": "273000000", "sellingGeneralAndAdministrative": "317200000", "researchAndDevelopment": "None", "operatingExpenses": "319400000", "investmentIncomeNet": "None", "netInterestIncome": "-33500000", "interestIncome": "-33500000", "interestExpense": "33500000", "nonInterestIncome": "None", "otherNonOperatingIncome": "3900000", "depreciation": "None", "depreciationAndAmortization": "2200000", "incomeBeforeTax": "253000000", "incomeTaxExpense": "46900000", "interestAndDebtExpense": "33500000", "netIncomeFromContinuingOperations": "206100000", "comprehensiveIncomeNetOfTax": "354800000", "ebit": "286500000", "ebitda": "288700000", "netIncome": "206100000"}, {"fiscalDateEnding": "2020-05-31", "reportedCurrency": "USD", "grossProfit": "579500000", "totalRevenue": "1401100000", "costOfRevenue": "821600000", "costofGoodsAndServicesSold": "821600000", "operatingIncome": "257400000", "sellingGeneralAndAdministrative": "319200000", "researchAndDevelopment": "None", "operatingExpenses": "321500000", "investmentIncomeNet": "None", "netInterestIncome": "-34400000", "interestIncome": "-34900000", "interestExpense": "34400000", "nonInterestIncome": "None", "otherNonOperatingIncome": "3100000", "depreciation": "None", "depreciationAndAmortization": "2300000", "incomeBeforeTax": "236300000", "incomeTaxExpense": "40400000", "interestAndDebtExpense": "34400000", "netIncomeFromContinuingOperations": "195900000", "comprehensiveIncomeNetOfTax": "137400000", "ebit": "270700000", "ebitda": "273000000", "netIncome": "195900000"}, {"fiscalDateEnding": "2020-02-29", "reportedCurrency": "USD", "grossProfit": "469900000", "totalRevenue": "1212000000", "costOfRevenue": "742100000", "costofGoodsAndServicesSold": "742100000", "operatingIncome": "194200000", "sellingGeneralAndAdministrative": "274700000", "researchAndDevelopment": "None", "operatingExpenses": "274700000", "investmentIncomeNet": "None", "netInterestIncome": "-35300000", "interestIncome": "-33300000", "interestExpense": "35300000", "nonInterestIncome": "None", "otherNonOperatingIncome": "5500000", "depreciation": "None", "depreciationAndAmortization": "2200000", "incomeBeforeTax": "174800000", "incomeTaxExpense": "30100000", "interestAndDebtExpense": "35300000", "netIncomeFromContinuingOperations": "144700000", "comprehensiveIncomeNetOfTax": "125600000", "ebit": "210100000", "ebitda": "212300000", "netIncome": "144700000"}, {"fiscalDateEnding": "2019-11-30", "reportedCurrency": "USD", "grossProfit": "630000000", "totalRevenue": "1484800000", "costOfRevenue": "854800000", "costofGoodsAndServicesSold": "854800000", "operatingIncome": "299200000", "sellingGeneralAndAdministrative": "326900000", "researchAndDevelopment": "None", "operatingExpenses": "412900000", "investmentIncomeNet": "None", "netInterestIncome": "-38500000", "interestIncome": "-38600000", "interestExpense": "38500000", "nonInterestIncome": "None", "otherNonOperatingIncome": "7400000", "depreciation": "None", "depreciationAndAmortization": "40800000", "incomeBeforeTax": "279800000", "incomeTaxExpense": "66400000", "interestAndDebtExpense": "38500000", "netIncomeFromContinuingOperations": "299200000", "comprehensiveIncomeNetOfTax": "142100000", "ebit": "318300000", "ebitda": "359100000", "netIncome": "213400000"}, {"fiscalDateEnding": "2019-08-31", "reportedCurrency": "USD", "grossProfit": "539900000", "totalRevenue": "1329200000", "costOfRevenue": "789300000", "costofGoodsAndServicesSold": "789300000", "operatingIncome": "253500000", "sellingGeneralAndAdministrative": "278700000", "researchAndDevelopment": "67300000", "operatingExpenses": "278700000", "investmentIncomeNet": "None", "netInterestIncome": "-41300000", "interestIncome": "-41400000", "interestExpense": "41300000", "nonInterestIncome": "None", "otherNonOperatingIncome": "6900000", "depreciation": "None", "depreciationAndAmortization": "39000000", "incomeBeforeTax": "228700000", "incomeTaxExpense": "36800000", "interestAndDebtExpense": "41300000", "netIncomeFromContinuingOperations": "191900000", "comprehensiveIncomeNetOfTax": "146500000", "ebit": "270000000", "ebitda": "309000000", "netIncome": "191900000"}, {"fiscalDateEnding": "2019-05-31", "reportedCurrency": "USD", "grossProfit": "508500000", "totalRevenue": "1301900000", "costOfRevenue": "793400000", "costofGoodsAndServicesSold": "793400000", "operatingIncome": "208100000", "sellingGeneralAndAdministrative": "293300000", "researchAndDevelopment": "67300000", "operatingExpenses": "293300000", "investmentIncomeNet": "None", "netInterestIncome": "-42400000", "interestIncome": "-42800000", "interestExpense": "42400000", "nonInterestIncome": "None", "otherNonOperatingIncome": "6300000", "depreciation": "None", "depreciationAndAmortization": "38700000", "incomeBeforeTax": "181500000", "incomeTaxExpense": "32100000", "interestAndDebtExpense": "42400000", "netIncomeFromContinuingOperations": "149400000", "comprehensiveIncomeNetOfTax": "94100000", "ebit": "223900000", "ebitda": "262600000", "netIncome": "149400000"}, {"fiscalDateEnding": "2019-02-28", "reportedCurrency": "USD", "grossProfit": "466900000", "totalRevenue": "1231500000", "costOfRevenue": "764600000", "costofGoodsAndServicesSold": "764600000", "operatingIncome": "196900000", "sellingGeneralAndAdministrative": "267900000", "researchAndDevelopment": "67300000", "operatingExpenses": "267900000", "investmentIncomeNet": "None", "netInterestIncome": "-43000000", "interestIncome": "None", "interestExpense": "43000000", "nonInterestIncome": "None", "otherNonOperatingIncome": "6100000", "depreciation": "None", "depreciationAndAmortization": "40300000", "incomeBeforeTax": "170100000", "incomeTaxExpense": "22100000", "interestAndDebtExpense": "43000000", "netIncomeFromContinuingOperations": "148000000", "comprehensiveIncomeNetOfTax": "180900000", "ebit": "213100000", "ebitda": "253400000", "netIncome": "148000000"}, {"fiscalDateEnding": "2018-11-30", "reportedCurrency": "USD", "grossProfit": "605000000", "totalRevenue": "1467900000", "costOfRevenue": "862900000", "costofGoodsAndServicesSold": "862900000", "operatingIncome": "291500000", "sellingGeneralAndAdministrative": "310700000", "researchAndDevelopment": "69400000", "operatingExpenses": "468800000", "investmentIncomeNet": "None", "netInterestIncome": "-43900000", "interestIncome": "None", "interestExpense": "43900000", "nonInterestIncome": "None", "otherNonOperatingIncome": "11300000", "depreciation": "None", "depreciationAndAmortization": "39100000", "incomeBeforeTax": "269800000", "incomeTaxExpense": "55800000", "interestAndDebtExpense": "43900000", "netIncomeFromContinuingOperations": "294900000", "comprehensiveIncomeNetOfTax": "209600000", "ebit": "313700000", "ebitda": "352800000", "netIncome": "214000000"}, {"fiscalDateEnding": "2018-08-31", "reportedCurrency": "USD", "grossProfit": "522500000", "totalRevenue": "1318200000", "costOfRevenue": "795700000", "costofGoodsAndServicesSold": "795700000", "operatingIncome": "229900000", "sellingGeneralAndAdministrative": "283700000", "researchAndDevelopment": "69400000", "operatingExpenses": "358600000", "investmentIncomeNet": "None", "netInterestIncome": "-44700000", "interestIncome": "None", "interestExpense": "44700000", "nonInterestIncome": "None", "otherNonOperatingIncome": "4800000", "depreciation": "None", "depreciationAndAmortization": "37500000", "incomeBeforeTax": "198400000", "incomeTaxExpense": "24900000", "interestAndDebtExpense": "44700000", "netIncomeFromContinuingOperations": "173500000", "comprehensiveIncomeNetOfTax": "126300000", "ebit": "243100000", "ebitda": "280600000", "netIncome": "173500000"}, {"fiscalDateEnding": "2018-05-31", "reportedCurrency": "USD", "grossProfit": "505400000", "totalRevenue": "1301300000", "costOfRevenue": "795900000", "costofGoodsAndServicesSold": "795900000", "operatingIncome": "188600000", "sellingGeneralAndAdministrative": "300600000", "researchAndDevelopment": "69400000", "operatingExpenses": "375100000", "investmentIncomeNet": "None", "netInterestIncome": "-44200000", "interestIncome": "None", "interestExpense": "44200000", "nonInterestIncome": "None", "otherNonOperatingIncome": "4600000", "depreciation": "None", "depreciationAndAmortization": "37500000", "incomeBeforeTax": "156400000", "incomeTaxExpense": "33100000", "interestAndDebtExpense": "44200000", "netIncomeFromContinuingOperations": "123300000", "comprehensiveIncomeNetOfTax": "38800000", "ebit": "200600000", "ebitda": "238100000", "netIncome": "123300000"}, {"fiscalDateEnding": "2018-02-28", "reportedCurrency": "USD", "grossProfit": "460400000", "totalRevenue": "1215400000", "costOfRevenue": "755000000", "costofGoodsAndServicesSold": "755000000", "operatingIncome": "181100000", "sellingGeneralAndAdministrative": "268400000", "researchAndDevelopment": "69400000", "operatingExpenses": "334100000", "investmentIncomeNet": "None", "netInterestIncome": "-41800000", "interestIncome": "None", "interestExpense": "41800000", "nonInterestIncome": "None", "otherNonOperatingIncome": "4100000", "depreciation": "None", "depreciationAndAmortization": "36600000", "incomeBeforeTax": "151500000", "incomeTaxExpense": "-271100000", "interestAndDebtExpense": "41800000", "netIncomeFromContinuingOperations": "422600000", "comprehensiveIncomeNetOfTax": "499900000", "ebit": "193300000", "ebitda": "229900000", "netIncome": "422600000"}, {"fiscalDateEnding": "2017-11-30", "reportedCurrency": "USD", "grossProfit": "668200000", "totalRevenue": "1490900000", "costOfRevenue": "822700000", "costofGoodsAndServicesSold": "935100000", "operatingIncome": "266900000", "sellingGeneralAndAdministrative": "162200000", "researchAndDevelopment": "66100000", "operatingExpenses": "458800000", "investmentIncomeNet": "None", "netInterestIncome": "-44800000", "interestIncome": "None", "interestExpense": "44800000", "nonInterestIncome": "-1300000", "otherNonOperatingIncome": "3600000", "depreciation": "None", "depreciationAndAmortization": "5200000", "incomeBeforeTax": "233400000", "incomeTaxExpense": "57700000", "interestAndDebtExpense": "44800000", "netIncomeFromContinuingOperations": "266900000", "comprehensiveIncomeNetOfTax": "-140800000", "ebit": "278200000", "ebitda": "283400000", "netIncome": "175700000"}, {"fiscalDateEnding": "2017-08-31", "reportedCurrency": "USD", "grossProfit": "484400000", "totalRevenue": "1185200000", "costOfRevenue": "700800000", "costofGoodsAndServicesSold": "700800000", "operatingIncome": "168700000", "sellingGeneralAndAdministrative": "286500000", "researchAndDevelopment": "None", "operatingExpenses": "321000000", "investmentIncomeNet": "None", "netInterestIncome": "-21500000", "interestIncome": "None", "interestExpense": "21500000", "nonInterestIncome": "0", "otherNonOperatingIncome": "1200000", "depreciation": "None", "depreciationAndAmortization": "4100000", "incomeBeforeTax": "141200000", "incomeTaxExpense": "33000000", "interestAndDebtExpense": "21500000", "netIncomeFromContinuingOperations": "108200000", "comprehensiveIncomeNetOfTax": "330600000", "ebit": "162700000", "ebitda": "166800000", "netIncome": "108200000"}, {"fiscalDateEnding": "2017-05-31", "reportedCurrency": "USD", "grossProfit": "444600000", "totalRevenue": "1114300000", "costOfRevenue": "669700000", "costofGoodsAndServicesSold": "669700000", "operatingIncome": "132600000", "sellingGeneralAndAdministrative": "307300000", "researchAndDevelopment": "None", "operatingExpenses": "307300000", "investmentIncomeNet": "None", "netInterestIncome": "-14900000", "interestIncome": "None", "interestExpense": "14900000", "nonInterestIncome": "1600000", "otherNonOperatingIncome": "1200000", "depreciation": "None", "depreciationAndAmortization": "29800000", "incomeBeforeTax": "127300000", "incomeTaxExpense": "27300000", "interestAndDebtExpense": "14900000", "netIncomeFromContinuingOperations": "100000000", "comprehensiveIncomeNetOfTax": "265100000", "ebit": "142200000", "ebitda": "172000000", "netIncome": "100000000"}, {"fiscalDateEnding": "2017-02-28", "reportedCurrency": "USD", "grossProfit": "413000000", "totalRevenue": "1043700000", "costOfRevenue": "630700000", "costofGoodsAndServicesSold": "630700000", "operatingIncome": "134200000", "sellingGeneralAndAdministrative": "275200000", "researchAndDevelopment": "None", "operatingExpenses": "275200000", "investmentIncomeNet": "None", "netInterestIncome": "-14500000", "interestIncome": "None", "interestExpense": "14500000", "nonInterestIncome": "100000", "otherNonOperatingIncome": "100000", "depreciation": "None", "depreciationAndAmortization": "28300000", "incomeBeforeTax": "126800000", "incomeTaxExpense": "33300000", "interestAndDebtExpense": "14500000", "netIncomeFromContinuingOperations": "93500000", "comprehensiveIncomeNetOfTax": "258600000", "ebit": "141300000", "ebitda": "169600000", "netIncome": "93500000"}, {"fiscalDateEnding": "2016-11-30", "reportedCurrency": "USD", "grossProfit": "540000000", "totalRevenue": "1267000000", "costOfRevenue": "1110500000", "costofGoodsAndServicesSold": "687000000", "operatingIncome": "219100000", "sellingGeneralAndAdministrative": "315000000", "researchAndDevelopment": "61000000", "operatingExpenses": "388800000", "investmentIncomeNet": "None", "netInterestIncome": "-14300000", "interestIncome": "None", "interestExpense": "14300000", "nonInterestIncome": "-3200000", "otherNonOperatingIncome": "2200000", "depreciation": "None", "depreciationAndAmortization": "2700000", "incomeBeforeTax": "218900000", "incomeTaxExpense": "61500000", "interestAndDebtExpense": "14300000", "netIncomeFromContinuingOperations": "219100000", "comprehensiveIncomeNetOfTax": "-276400000", "ebit": "233200000", "ebitda": "235900000", "netIncome": "157400000"}]}