{"symbol": "MLM", "annualReports": [{"fiscalDateEnding": "2020-12-31", "reportedCurrency": "USD", "grossProfit": "1252800000", "totalRevenue": "4684800000", "costOfRevenue": "3868000000", "costofGoodsAndServicesSold": "3477100000", "operatingIncome": "1005400000", "sellingGeneralAndAdministrative": "305900000", "researchAndDevelopment": "None", "operatingExpenses": "317900000", "investmentIncomeNet": "None", "netInterestIncome": "-118100000", "interestIncome": "-118100000", "interestExpense": "118100000", "nonInterestIncome": "4802900000", "otherNonOperatingIncome": "2000000", "depreciation": "None", "depreciationAndAmortization": "17000000", "incomeBeforeTax": "889200000", "incomeTaxExpense": "168200000", "interestAndDebtExpense": "118100000", "netIncomeFromContinuingOperations": "721100000", "comprehensiveIncomeNetOfTax": "708400000", "ebit": "1007300000", "ebitda": "1024300000", "netIncome": "721000000"}, {"fiscalDateEnding": "2019-12-31", "reportedCurrency": "USD", "grossProfit": "1179000000", "totalRevenue": "4612900000", "costOfRevenue": "3943500000", "costofGoodsAndServicesSold": "3560100000", "operatingIncome": "884900000", "sellingGeneralAndAdministrative": "302700000", "researchAndDevelopment": "None", "operatingExpenses": "380300000", "investmentIncomeNet": "None", "netInterestIncome": "-129300000", "interestIncome": "-129300000", "interestExpense": "129300000", "nonInterestIncome": "4742200000", "otherNonOperatingIncome": "-7300000", "depreciation": "None", "depreciationAndAmortization": "16400000", "incomeBeforeTax": "748200000", "incomeTaxExpense": "136300000", "interestAndDebtExpense": "129300000", "netIncomeFromContinuingOperations": "612000000", "comprehensiveIncomeNetOfTax": "609700000", "ebit": "877500000", "ebitda": "893900000", "netIncome": "611900000"}, {"fiscalDateEnding": "2018-12-31", "reportedCurrency": "USD", "grossProfit": "966600000", "totalRevenue": "4171727000", "costOfRevenue": "3643188000", "costofGoodsAndServicesSold": "3277700000", "operatingIncome": "690700000", "sellingGeneralAndAdministrative": "280600000", "researchAndDevelopment": "None", "operatingExpenses": "318563000", "investmentIncomeNet": "None", "netInterestIncome": "-137069000", "interestIncome": "31000", "interestExpense": "137100000", "nonInterestIncome": "4283525000", "otherNonOperatingIncome": "22500000", "depreciation": "None", "depreciationAndAmortization": "13911000", "incomeBeforeTax": "575700000", "incomeTaxExpense": "105700000", "interestAndDebtExpense": "137069000", "netIncomeFromContinuingOperations": "470376000", "comprehensiveIncomeNetOfTax": "455500000", "ebit": "712800000", "ebitda": "726711000", "netIncome": "470000000"}, {"fiscalDateEnding": "2017-12-31", "reportedCurrency": "USD", "grossProfit": "971900000", "totalRevenue": "3893473000", "costOfRevenue": "3335193000", "costofGoodsAndServicesSold": "2993700000", "operatingIncome": "700400000", "sellingGeneralAndAdministrative": "262100000", "researchAndDevelopment": "None", "operatingExpenses": "322173000", "investmentIncomeNet": "None", "netInterestIncome": "-91487000", "interestIncome": "13000", "interestExpense": "91500000", "nonInterestIncome": "19366000", "otherNonOperatingIncome": "10000000", "depreciation": "None", "depreciationAndAmortization": "14178000", "incomeBeforeTax": "618800000", "incomeTaxExpense": "-94500000", "interestAndDebtExpense": "91487000", "netIncomeFromContinuingOperations": "713342000", "comprehensiveIncomeNetOfTax": "714900000", "ebit": "710300000", "ebitda": "724478000", "netIncome": "713300000"}, {"fiscalDateEnding": "2016-12-31", "reportedCurrency": "USD", "grossProfit": "911738000", "totalRevenue": "3736662000", "costOfRevenue": "3232938000", "costofGoodsAndServicesSold": "2907011000", "operatingIncome": "677266000", "sellingGeneralAndAdministrative": "241606000", "researchAndDevelopment": "None", "operatingExpenses": "323565000", "investmentIncomeNet": "None", "netInterestIncome": "-81677000", "interestIncome": "-81677000", "interestExpense": "81677000", "nonInterestIncome": "-410000", "otherNonOperatingIncome": "11439000", "depreciation": "None", "depreciationAndAmortization": "13922000", "incomeBeforeTax": "606970000", "incomeTaxExpense": "181584000", "interestAndDebtExpense": "81677000", "netIncomeFromContinuingOperations": "425386000", "comprehensiveIncomeNetOfTax": "400321000", "ebit": "688647000", "ebitda": "702569000", "netIncome": "425386000"}], "quarterlyReports": [{"fiscalDateEnding": "2021-09-30", "reportedCurrency": "USD", "grossProfit": "441900000", "totalRevenue": "1513000000", "costOfRevenue": "1208800000", "costofGoodsAndServicesSold": "1115400000", "operatingIncome": "356900000", "sellingGeneralAndAdministrative": "86000000", "researchAndDevelopment": "None", "operatingExpenses": "93400000", "investmentIncomeNet": "None", "netInterestIncome": "-44300000", "interestIncome": "-44300000", "interestExpense": "44300000", "nonInterestIncome": "1557300000", "otherNonOperatingIncome": "5600000", "depreciation": "None", "depreciationAndAmortization": "6300000", "incomeBeforeTax": "318200000", "incomeTaxExpense": "63600000", "interestAndDebtExpense": "44300000", "netIncomeFromContinuingOperations": "254600000", "comprehensiveIncomeNetOfTax": "256200000", "ebit": "362500000", "ebitda": "368800000", "netIncome": "254600000"}, {"fiscalDateEnding": "2021-06-30", "reportedCurrency": "USD", "grossProfit": "385100000", "totalRevenue": "1349800000", "costOfRevenue": "1084500000", "costofGoodsAndServicesSold": "992800000", "operatingIncome": "307500000", "sellingGeneralAndAdministrative": "82400000", "researchAndDevelopment": "None", "operatingExpenses": "91700000", "investmentIncomeNet": "None", "netInterestIncome": "-28100000", "interestIncome": "-28100000", "interestExpense": "28100000", "nonInterestIncome": "1377900000", "otherNonOperatingIncome": "8700000", "depreciation": "None", "depreciationAndAmortization": "107900000", "incomeBeforeTax": "288100000", "incomeTaxExpense": "62300000", "interestAndDebtExpense": "28100000", "netIncomeFromContinuingOperations": "225800000", "comprehensiveIncomeNetOfTax": "228400000", "ebit": "316200000", "ebitda": "424100000", "netIncome": "225800000"}, {"fiscalDateEnding": "2021-03-31", "reportedCurrency": "USD", "grossProfit": "174700000", "totalRevenue": "958800000", "costOfRevenue": "888700000", "costofGoodsAndServicesSold": "807700000", "operatingIncome": "99300000", "sellingGeneralAndAdministrative": "79800000", "researchAndDevelopment": "None", "operatingExpenses": "77200000", "investmentIncomeNet": "None", "netInterestIncome": "-27400000", "interestIncome": "-27400000", "interestExpense": "27400000", "nonInterestIncome": "986200000", "otherNonOperatingIncome": "9500000", "depreciation": "None", "depreciationAndAmortization": "98600000", "incomeBeforeTax": "81200000", "incomeTaxExpense": "15900000", "interestAndDebtExpense": "27400000", "netIncomeFromContinuingOperations": "65500000", "comprehensiveIncomeNetOfTax": "68100000", "ebit": "108600000", "ebitda": "207200000", "netIncome": "65300000"}, {"fiscalDateEnding": "2020-12-31", "reportedCurrency": "USD", "grossProfit": "325400000", "totalRevenue": "1153000000", "costOfRevenue": "1022900000", "costofGoodsAndServicesSold": "854200000", "operatingIncome": "240600000", "sellingGeneralAndAdministrative": "84900000", "researchAndDevelopment": "None", "operatingExpenses": "166900000", "investmentIncomeNet": "None", "netInterestIncome": "-28400000", "interestIncome": "-28400000", "interestExpense": "28400000", "nonInterestIncome": "1181400000", "otherNonOperatingIncome": "-3900000", "depreciation": "None", "depreciationAndAmortization": "7200000", "incomeBeforeTax": "208200000", "incomeTaxExpense": "25200000", "interestAndDebtExpense": "28400000", "netIncomeFromContinuingOperations": "183100000", "comprehensiveIncomeNetOfTax": "163200000", "ebit": "236600000", "ebitda": "243800000", "netIncome": "183000000"}, {"fiscalDateEnding": "2020-09-30", "reportedCurrency": "USD", "grossProfit": "404500000", "totalRevenue": "1292700000", "costOfRevenue": "988400000", "costofGoodsAndServicesSold": "916900000", "operatingIncome": "400600000", "sellingGeneralAndAdministrative": "71100000", "researchAndDevelopment": "None", "operatingExpenses": "71500000", "investmentIncomeNet": "None", "netInterestIncome": "-28700000", "interestIncome": "-28700000", "interestExpense": "28700000", "nonInterestIncome": "1321400000", "otherNonOperatingIncome": "4000000", "depreciation": "None", "depreciationAndAmortization": "3400000", "incomeBeforeTax": "375900000", "incomeTaxExpense": "81500000", "interestAndDebtExpense": "28700000", "netIncomeFromContinuingOperations": "294400000", "comprehensiveIncomeNetOfTax": "298000000", "ebit": "404600000", "ebitda": "408000000", "netIncome": "294400000"}, {"fiscalDateEnding": "2020-06-30", "reportedCurrency": "USD", "grossProfit": "380500000", "totalRevenue": "1239400000", "costOfRevenue": "961800000", "costofGoodsAndServicesSold": "890100000", "operatingIncome": "306400000", "sellingGeneralAndAdministrative": "71200000", "researchAndDevelopment": "None", "operatingExpenses": "71700000", "investmentIncomeNet": "None", "netInterestIncome": "-31200000", "interestIncome": "-31200000", "interestExpense": "31200000", "nonInterestIncome": "1270600000", "otherNonOperatingIncome": "3800000", "depreciation": "None", "depreciationAndAmortization": "None", "incomeBeforeTax": "279000000", "incomeTaxExpense": "61400000", "interestAndDebtExpense": "31200000", "netIncomeFromContinuingOperations": "217600000", "comprehensiveIncomeNetOfTax": "220800000", "ebit": "310200000", "ebitda": "310200000", "netIncome": "217600000"}, {"fiscalDateEnding": "2020-03-31", "reportedCurrency": "USD", "grossProfit": "142400000", "totalRevenue": "929900000", "costOfRevenue": "894800000", "costofGoodsAndServicesSold": "815800000", "operatingIncome": "57800000", "sellingGeneralAndAdministrative": "78700000", "researchAndDevelopment": "None", "operatingExpenses": "77500000", "investmentIncomeNet": "None", "netInterestIncome": "-29800000", "interestIncome": "-29800000", "interestExpense": "29800000", "nonInterestIncome": "959700000", "otherNonOperatingIncome": "-2000000", "depreciation": "None", "depreciationAndAmortization": "None", "incomeBeforeTax": "26000000", "incomeTaxExpense": "100000", "interestAndDebtExpense": "29800000", "netIncomeFromContinuingOperations": "25900000", "comprehensiveIncomeNetOfTax": "26300000", "ebit": "55800000", "ebitda": "55800000", "netIncome": "25900000"}, {"fiscalDateEnding": "2019-12-31", "reportedCurrency": "USD", "grossProfit": "258600000", "totalRevenue": "1067962000", "costOfRevenue": "993780000", "costofGoodsAndServicesSold": "841800000", "operatingIncome": "184500000", "sellingGeneralAndAdministrative": "73800000", "researchAndDevelopment": "None", "operatingExpenses": "153780000", "investmentIncomeNet": "None", "netInterestIncome": "-30620000", "interestIncome": "-20000", "interestExpense": "30600000", "nonInterestIncome": "1098582000", "otherNonOperatingIncome": "2400000", "depreciation": "None", "depreciationAndAmortization": "14075000", "incomeBeforeTax": "156200000", "incomeTaxExpense": "25200000", "interestAndDebtExpense": "30620000", "netIncomeFromContinuingOperations": "131082000", "comprehensiveIncomeNetOfTax": "120000000", "ebit": "186800000", "ebitda": "200875000", "netIncome": "131000000"}, {"fiscalDateEnding": "2019-09-30", "reportedCurrency": "USD", "grossProfit": "420600000", "totalRevenue": "1387810000", "costOfRevenue": "1078637000", "costofGoodsAndServicesSold": "999600000", "operatingIncome": "345300000", "sellingGeneralAndAdministrative": "78200000", "researchAndDevelopment": "None", "operatingExpenses": "79036000", "investmentIncomeNet": "None", "netInterestIncome": "-32436000", "interestIncome": "-36000", "interestExpense": "32400000", "nonInterestIncome": "1420246000", "otherNonOperatingIncome": "1900000", "depreciation": "None", "depreciationAndAmortization": "755000", "incomeBeforeTax": "314800000", "incomeTaxExpense": "66200000", "interestAndDebtExpense": "32436000", "netIncomeFromContinuingOperations": "248622000", "comprehensiveIncomeNetOfTax": "251100000", "ebit": "347200000", "ebitda": "347955000", "netIncome": "248600000"}, {"fiscalDateEnding": "2019-06-30", "reportedCurrency": "USD", "grossProfit": "356900000", "totalRevenue": "1246171000", "costOfRevenue": "995666000", "costofGoodsAndServicesSold": "922600000", "operatingIncome": "285900000", "sellingGeneralAndAdministrative": "72400000", "researchAndDevelopment": "None", "operatingExpenses": "73065000", "investmentIncomeNet": "None", "netInterestIncome": "-33297000", "interestIncome": "3000", "interestExpense": "33300000", "nonInterestIncome": "1279468000", "otherNonOperatingIncome": "-13200000", "depreciation": "None", "depreciationAndAmortization": "636000", "incomeBeforeTax": "239400000", "incomeTaxExpense": "49900000", "interestAndDebtExpense": "33297000", "netIncomeFromContinuingOperations": "189469000", "comprehensiveIncomeNetOfTax": "192500000", "ebit": "272700000", "ebitda": "273336000", "netIncome": "189500000"}, {"fiscalDateEnding": "2019-03-31", "reportedCurrency": "USD", "grossProfit": "142900000", "totalRevenue": "908420000", "costOfRevenue": "874484000", "costofGoodsAndServicesSold": "796100000", "operatingIncome": "69200000", "sellingGeneralAndAdministrative": "78300000", "researchAndDevelopment": "None", "operatingExpenses": "76023000", "investmentIncomeNet": "None", "netInterestIncome": "-32948000", "interestIncome": "-48000", "interestExpense": "32900000", "nonInterestIncome": "941368000", "otherNonOperatingIncome": "1600000", "depreciation": "None", "depreciationAndAmortization": "934000", "incomeBeforeTax": "37900000", "incomeTaxExpense": "-5000000", "interestAndDebtExpense": "32948000", "netIncomeFromContinuingOperations": "42826000", "comprehensiveIncomeNetOfTax": "46100000", "ebit": "70800000", "ebitda": "71734000", "netIncome": "42900000"}, {"fiscalDateEnding": "2018-12-31", "reportedCurrency": "USD", "grossProfit": "227307000", "totalRevenue": "1016039000", "costOfRevenue": "925328000", "costofGoodsAndServicesSold": "792946000", "operatingIncome": "147004000", "sellingGeneralAndAdministrative": "70968000", "researchAndDevelopment": "None", "operatingExpenses": "120624000", "investmentIncomeNet": "None", "netInterestIncome": "-33543000", "interestIncome": "31000", "interestExpense": "33574000", "nonInterestIncome": "1024311000", "otherNonOperatingIncome": "2627000", "depreciation": "None", "depreciationAndAmortization": "3362000", "incomeBeforeTax": "115932000", "incomeTaxExpense": "21553000", "interestAndDebtExpense": "33543000", "netIncomeFromContinuingOperations": "94755000", "comprehensiveIncomeNetOfTax": "72266000", "ebit": "149506000", "ebitda": "152868000", "netIncome": "94379000"}, {"fiscalDateEnding": "2018-09-30", "reportedCurrency": "USD", "grossProfit": "312984000", "totalRevenue": "1184172000", "costOfRevenue": "975186000", "costofGoodsAndServicesSold": "906656000", "operatingIncome": "240662000", "sellingGeneralAndAdministrative": "68441000", "researchAndDevelopment": "None", "operatingExpenses": "68530000", "investmentIncomeNet": "None", "netInterestIncome": "-35468000", "interestIncome": "None", "interestExpense": "35468000", "nonInterestIncome": "1219640000", "otherNonOperatingIncome": "4248000", "depreciation": "None", "depreciationAndAmortization": "3441000", "incomeBeforeTax": "209310000", "incomeTaxExpense": "29089000", "interestAndDebtExpense": "35468000", "netIncomeFromContinuingOperations": "180221000", "comprehensiveIncomeNetOfTax": "184613000", "ebit": "244778000", "ebitda": "248219000", "netIncome": "180221000"}, {"fiscalDateEnding": "2018-06-30", "reportedCurrency": "USD", "grossProfit": "315917000", "totalRevenue": "1169432000", "costOfRevenue": "969682000", "costofGoodsAndServicesSold": "886486000", "operatingIncome": "263953000", "sellingGeneralAndAdministrative": "71070000", "researchAndDevelopment": "None", "operatingExpenses": "83196000", "investmentIncomeNet": "None", "netInterestIncome": "-32971000", "interestIncome": "None", "interestExpense": "32971000", "nonInterestIncome": "1202403000", "otherNonOperatingIncome": "7122000", "depreciation": "None", "depreciationAndAmortization": "None", "incomeBeforeTax": "237978000", "incomeTaxExpense": "52601000", "interestAndDebtExpense": "32971000", "netIncomeFromContinuingOperations": "185377000", "comprehensiveIncomeNetOfTax": "186979000", "ebit": "270949000", "ebitda": "270949000", "netIncome": "185377000"}, {"fiscalDateEnding": "2018-03-31", "reportedCurrency": "USD", "grossProfit": "110392000", "totalRevenue": "767868000", "costOfRevenue": "762444000", "costofGoodsAndServicesSold": "691612000", "operatingIncome": "39081000", "sellingGeneralAndAdministrative": "70121000", "researchAndDevelopment": "None", "operatingExpenses": "69881000", "investmentIncomeNet": "None", "netInterestIncome": "-35087000", "interestIncome": "None", "interestExpense": "35087000", "nonInterestIncome": "951000", "otherNonOperatingIncome": "8503000", "depreciation": "None", "depreciationAndAmortization": "None", "incomeBeforeTax": "12480000", "incomeTaxExpense": "2457000", "interestAndDebtExpense": "35087000", "netIncomeFromContinuingOperations": "10023000", "comprehensiveIncomeNetOfTax": "11642000", "ebit": "47567000", "ebitda": "47567000", "netIncome": "10023000"}, {"fiscalDateEnding": "2017-12-31", "reportedCurrency": "USD", "grossProfit": "259062000", "totalRevenue": "948424000", "costOfRevenue": "854469000", "costofGoodsAndServicesSold": "711422000", "operatingIncome": "183433000", "sellingGeneralAndAdministrative": "66973000", "researchAndDevelopment": "None", "operatingExpenses": "141697000", "investmentIncomeNet": "None", "netInterestIncome": "-23450000", "interestIncome": "13000", "interestExpense": "23463000", "nonInterestIncome": "1396000", "otherNonOperatingIncome": "3566000", "depreciation": "None", "depreciationAndAmortization": "3468000", "incomeBeforeTax": "163364000", "incomeTaxExpense": "-213777000", "interestAndDebtExpense": "23450000", "netIncomeFromContinuingOperations": "377183000", "comprehensiveIncomeNetOfTax": "370982000", "ebit": "186827000", "ebitda": "190295000", "netIncome": "377141000"}, {"fiscalDateEnding": "2017-09-30", "reportedCurrency": "USD", "grossProfit": "291678000", "totalRevenue": "1064591000", "costOfRevenue": "854587000", "costofGoodsAndServicesSold": "796054000", "operatingIncome": "226964000", "sellingGeneralAndAdministrative": "57219000", "researchAndDevelopment": "None", "operatingExpenses": "58533000", "investmentIncomeNet": "None", "netInterestIncome": "-23141000", "interestIncome": "None", "interestExpense": "23141000", "nonInterestIncome": "1087732000", "otherNonOperatingIncome": "479000", "depreciation": "None", "depreciationAndAmortization": "3543000", "incomeBeforeTax": "204309000", "incomeTaxExpense": "52763000", "interestAndDebtExpense": "23141000", "netIncomeFromContinuingOperations": "151546000", "comprehensiveIncomeNetOfTax": "154524000", "ebit": "227450000", "ebitda": "230993000", "netIncome": "151546000"}, {"fiscalDateEnding": "2017-06-30", "reportedCurrency": "USD", "grossProfit": "274094000", "totalRevenue": "1039479000", "costOfRevenue": "859785000", "costofGoodsAndServicesSold": "789430000", "operatingIncome": "212852000", "sellingGeneralAndAdministrative": "68373000", "researchAndDevelopment": "None", "operatingExpenses": "70355000", "investmentIncomeNet": "None", "netInterestIncome": "-24045000", "interestIncome": "None", "interestExpense": "24045000", "nonInterestIncome": "1063524000", "otherNonOperatingIncome": "5420000", "depreciation": "None", "depreciationAndAmortization": "None", "incomeBeforeTax": "194265000", "incomeTaxExpense": "51986000", "interestAndDebtExpense": "24045000", "netIncomeFromContinuingOperations": "142279000", "comprehensiveIncomeNetOfTax": "144798000", "ebit": "218310000", "ebitda": "218310000", "netIncome": "142279000"}, {"fiscalDateEnding": "2017-03-31", "reportedCurrency": "USD", "grossProfit": "147067000", "totalRevenue": "822935000", "costOfRevenue": "766349000", "costofGoodsAndServicesSold": "696792000", "operatingIncome": "77150000", "sellingGeneralAndAdministrative": "69535000", "researchAndDevelopment": "None", "operatingExpenses": "69630000", "investmentIncomeNet": "None", "netInterestIncome": "-20851000", "interestIncome": "None", "interestExpense": "20851000", "nonInterestIncome": "-73000", "otherNonOperatingIncome": "536000", "depreciation": "None", "depreciationAndAmortization": "None", "incomeBeforeTax": "56862000", "incomeTaxExpense": "14528000", "interestAndDebtExpense": "20851000", "netIncomeFromContinuingOperations": "42334000", "comprehensiveIncomeNetOfTax": "44596000", "ebit": "77713000", "ebitda": "77713000", "netIncome": "42334000"}, {"fiscalDateEnding": "2016-12-31", "reportedCurrency": "USD", "grossProfit": "225750000", "totalRevenue": "927782000", "costOfRevenue": "867562000", "costofGoodsAndServicesSold": "723065000", "operatingIncome": "157725000", "sellingGeneralAndAdministrative": "68703000", "researchAndDevelopment": "None", "operatingExpenses": "144062000", "investmentIncomeNet": "None", "netInterestIncome": "-20781000", "interestIncome": "None", "interestExpense": "20781000", "nonInterestIncome": "-252000", "otherNonOperatingIncome": "-577000", "depreciation": "None", "depreciationAndAmortization": "None", "incomeBeforeTax": "136430000", "incomeTaxExpense": "37570000", "interestAndDebtExpense": "20781000", "netIncomeFromContinuingOperations": "98860000", "comprehensiveIncomeNetOfTax": "72684000", "ebit": "157211000", "ebitda": "157211000", "netIncome": "98860000"}]}