{"symbol": "MMC", "annualReports": [{"fiscalDateEnding": "2020-12-31", "reportedCurrency": "USD", "grossProfit": "5811000000", "totalRevenue": "16701000000", "costOfRevenue": "10890000000", "costofGoodsAndServicesSold": "10129000000", "operatingIncome": "3066000000", "sellingGeneralAndAdministrative": "290000000", "researchAndDevelopment": "None", "operatingExpenses": "14158000000", "investmentIncomeNet": "7000000", "netInterestIncome": "-515000000", "interestIncome": "7000000", "interestExpense": "515000000", "nonInterestIncome": "17197000000", "otherNonOperatingIncome": "-15000000", "depreciation": "390000000", "depreciationAndAmortization": "351000000", "incomeBeforeTax": "2763000000", "incomeTaxExpense": "747000000", "interestAndDebtExpense": "515000000", "netIncomeFromContinuingOperations": "2046000000", "comprehensiveIncomeNetOfTax": "1961000000", "ebit": "3278000000", "ebitda": "3629000000", "netIncome": "2016000000"}, {"fiscalDateEnding": "2019-12-31", "reportedCurrency": "USD", "grossProfit": "5693000000", "totalRevenue": "16114000000", "costOfRevenue": "10421000000", "costofGoodsAndServicesSold": "9734000000", "operatingIncome": "2677000000", "sellingGeneralAndAdministrative": "252000000", "researchAndDevelopment": "None", "operatingExpenses": "13975000000", "investmentIncomeNet": "39000000", "netInterestIncome": "-524000000", "interestIncome": "39000000", "interestExpense": "524000000", "nonInterestIncome": "16620000000", "otherNonOperatingIncome": "7000000", "depreciation": "333000000", "depreciationAndAmortization": "314000000", "incomeBeforeTax": "2408000000", "incomeTaxExpense": "666000000", "interestAndDebtExpense": "556000000", "netIncomeFromContinuingOperations": "1742000000", "comprehensiveIncomeNetOfTax": "1334000000", "ebit": "2932000000", "ebitda": "3246000000", "netIncome": "1742000000"}, {"fiscalDateEnding": "2018-12-31", "reportedCurrency": "USD", "grossProfit": "5145000000", "totalRevenue": "14677000000", "costOfRevenue": "9532000000", "costofGoodsAndServicesSold": "8605000000", "operatingIncome": "2761000000", "sellingGeneralAndAdministrative": "576000000", "researchAndDevelopment": "None", "operatingExpenses": "12189000000", "investmentIncomeNet": "-1000000", "netInterestIncome": "-290000000", "interestIncome": "11000000", "interestExpense": "290000000", "nonInterestIncome": "14967000000", "otherNonOperatingIncome": "11000000", "depreciation": "311000000", "depreciationAndAmortization": "183000000", "incomeBeforeTax": "2224000000", "incomeTaxExpense": "574000000", "interestAndDebtExpense": "290000000", "netIncomeFromContinuingOperations": "1650000000", "comprehensiveIncomeNetOfTax": "1060000000", "ebit": "2514000000", "ebitda": "2697000000", "netIncome": "1650000000"}, {"fiscalDateEnding": "2017-12-31", "reportedCurrency": "USD", "grossProfit": "5337000000", "totalRevenue": "13787000000", "costOfRevenue": "8450000000", "costofGoodsAndServicesSold": "7884000000", "operatingIncome": "2655000000", "sellingGeneralAndAdministrative": "8238000000", "researchAndDevelopment": "None", "operatingExpenses": "11369000000", "investmentIncomeNet": "9000000", "netInterestIncome": "-237000000", "interestIncome": "9000000", "interestExpense": "237000000", "nonInterestIncome": "14024000000", "otherNonOperatingIncome": "24000000", "depreciation": "312000000", "depreciationAndAmortization": "169000000", "incomeBeforeTax": "2625000000", "incomeTaxExpense": "1133000000", "interestAndDebtExpense": "237000000", "netIncomeFromContinuingOperations": "1490000000", "comprehensiveIncomeNetOfTax": "2542000000", "ebit": "2862000000", "ebitda": "3031000000", "netIncome": "1492000000"}, {"fiscalDateEnding": "2016-12-31", "reportedCurrency": "USD", "grossProfit": "5012000000", "totalRevenue": "13028000000", "costOfRevenue": "8016000000", "costofGoodsAndServicesSold": "7461000000", "operatingIncome": "2431000000", "sellingGeneralAndAdministrative": "7828000000", "researchAndDevelopment": "None", "operatingExpenses": "10780000000", "investmentIncomeNet": "5000000", "netInterestIncome": "-189000000", "interestIncome": "5000000", "interestExpense": "189000000", "nonInterestIncome": "6000000", "otherNonOperatingIncome": "6000000", "depreciation": "308000000", "depreciationAndAmortization": "130000000", "incomeBeforeTax": "2453000000", "incomeTaxExpense": "685000000", "interestAndDebtExpense": "189000000", "netIncomeFromContinuingOperations": "1768000000", "comprehensiveIncomeNetOfTax": "895000000", "ebit": "2642000000", "ebitda": "2772000000", "netIncome": "1768000000"}], "quarterlyReports": [{"fiscalDateEnding": "2021-09-30", "reportedCurrency": "USD", "grossProfit": "1626000000", "totalRevenue": "4479000000", "costOfRevenue": "2853000000", "costofGoodsAndServicesSold": "2853000000", "operatingIncome": "740000000", "sellingGeneralAndAdministrative": "87000000", "researchAndDevelopment": "None", "operatingExpenses": "3843000000", "investmentIncomeNet": "1000000", "netInterestIncome": "-107000000", "interestIncome": "-93000000", "interestExpense": "107000000", "nonInterestIncome": "4583000000", "otherNonOperatingIncome": "14000000", "depreciation": "90000000", "depreciationAndAmortization": "89000000", "incomeBeforeTax": "711000000", "incomeTaxExpense": "174000000", "interestAndDebtExpense": "107000000", "netIncomeFromContinuingOperations": "537000000", "comprehensiveIncomeNetOfTax": "345000000", "ebit": "818000000", "ebitda": "907000000", "netIncome": "537000000"}, {"fiscalDateEnding": "2021-06-30", "reportedCurrency": "USD", "grossProfit": "1863000000", "totalRevenue": "4912000000", "costOfRevenue": "3049000000", "costofGoodsAndServicesSold": "2860000000", "operatingIncome": "1228000000", "sellingGeneralAndAdministrative": "98000000", "researchAndDevelopment": "None", "operatingExpenses": "3789000000", "investmentIncomeNet": "1000000", "netInterestIncome": "-110000000", "interestIncome": "1000000", "interestExpense": "110000000", "nonInterestIncome": "5017000000", "otherNonOperatingIncome": "20000000", "depreciation": "104000000", "depreciationAndAmortization": "189000000", "incomeBeforeTax": "1202000000", "incomeTaxExpense": "382000000", "interestAndDebtExpense": "110000000", "netIncomeFromContinuingOperations": "820000000", "comprehensiveIncomeNetOfTax": "864000000", "ebit": "1312000000", "ebitda": "1501000000", "netIncome": "820000000"}, {"fiscalDateEnding": "2021-03-31", "reportedCurrency": "USD", "grossProfit": "1977000000", "totalRevenue": "4973000000", "costOfRevenue": "2996000000", "costofGoodsAndServicesSold": "2807000000", "operatingIncome": "1358000000", "sellingGeneralAndAdministrative": "78000000", "researchAndDevelopment": "None", "operatingExpenses": "3725000000", "investmentIncomeNet": "0", "netInterestIncome": "-118000000", "interestIncome": "-107000000", "interestExpense": "118000000", "nonInterestIncome": "5083000000", "otherNonOperatingIncome": "11000000", "depreciation": "97000000", "depreciationAndAmortization": "100000000", "incomeBeforeTax": "1307000000", "incomeTaxExpense": "324000000", "interestAndDebtExpense": "118000000", "netIncomeFromContinuingOperations": "983000000", "comprehensiveIncomeNetOfTax": "896000000", "ebit": "1425000000", "ebitda": "1525000000", "netIncome": "983000000"}, {"fiscalDateEnding": "2020-12-31", "reportedCurrency": "USD", "grossProfit": "4416000000", "totalRevenue": "4416000000", "costOfRevenue": "2881000000", "costofGoodsAndServicesSold": "2650000000", "operatingIncome": "571000000", "sellingGeneralAndAdministrative": "71000000", "researchAndDevelopment": "None", "operatingExpenses": "3845000000", "investmentIncomeNet": "2000000", "netInterestIncome": "-128000000", "interestIncome": "2000000", "interestExpense": "128000000", "nonInterestIncome": "4416000000", "otherNonOperatingIncome": "27000000", "depreciation": "108000000", "depreciationAndAmortization": "86000000", "incomeBeforeTax": "535000000", "incomeTaxExpense": "161000000", "interestAndDebtExpense": "128000000", "netIncomeFromContinuingOperations": "571000000", "comprehensiveIncomeNetOfTax": "412000000", "ebit": "663000000", "ebitda": "749000000", "netIncome": "374000000"}, {"fiscalDateEnding": "2020-09-30", "reportedCurrency": "USD", "grossProfit": "1334000000", "totalRevenue": "3829000000", "costOfRevenue": "2495000000", "costofGoodsAndServicesSold": "2495000000", "operatingIncome": "540000000", "sellingGeneralAndAdministrative": "72000000", "researchAndDevelopment": "None", "operatingExpenses": "3428000000", "investmentIncomeNet": "1000000", "netInterestIncome": "-128000000", "interestIncome": "-141000000", "interestExpense": "128000000", "nonInterestIncome": "3952000000", "otherNonOperatingIncome": "-13000000", "depreciation": "94000000", "depreciationAndAmortization": "91000000", "incomeBeforeTax": "455000000", "incomeTaxExpense": "139000000", "interestAndDebtExpense": "128000000", "netIncomeFromContinuingOperations": "316000000", "comprehensiveIncomeNetOfTax": "750000000", "ebit": "583000000", "ebitda": "674000000", "netIncome": "316000000"}, {"fiscalDateEnding": "2020-06-30", "reportedCurrency": "USD", "grossProfit": "1620000000", "totalRevenue": "4060000000", "costOfRevenue": "2440000000", "costofGoodsAndServicesSold": "2429000000", "operatingIncome": "885000000", "sellingGeneralAndAdministrative": "75000000", "researchAndDevelopment": "None", "operatingExpenses": "3304000000", "investmentIncomeNet": "2000000", "netInterestIncome": "-132000000", "interestIncome": "2000000", "interestExpense": "132000000", "nonInterestIncome": "4187000000", "otherNonOperatingIncome": "-29000000", "depreciation": "91000000", "depreciationAndAmortization": "88000000", "incomeBeforeTax": "779000000", "incomeTaxExpense": "207000000", "interestAndDebtExpense": "132000000", "netIncomeFromContinuingOperations": "572000000", "comprehensiveIncomeNetOfTax": "837000000", "ebit": "911000000", "ebitda": "999000000", "netIncome": "572000000"}, {"fiscalDateEnding": "2020-03-31", "reportedCurrency": "USD", "grossProfit": "1806000000", "totalRevenue": "4528000000", "costOfRevenue": "2722000000", "costofGoodsAndServicesSold": "2555000000", "operatingIncome": "1070000000", "sellingGeneralAndAdministrative": "72000000", "researchAndDevelopment": "None", "operatingExpenses": "3581000000", "investmentIncomeNet": "2000000", "netInterestIncome": "-127000000", "interestIncome": "2000000", "interestExpense": "127000000", "nonInterestIncome": "4650000000", "otherNonOperatingIncome": "None", "depreciation": "97000000", "depreciationAndAmortization": "86000000", "incomeBeforeTax": "994000000", "incomeTaxExpense": "240000000", "interestAndDebtExpense": "127000000", "netIncomeFromContinuingOperations": "754000000", "comprehensiveIncomeNetOfTax": "-38000000", "ebit": "1121000000", "ebitda": "1207000000", "netIncome": "754000000"}, {"fiscalDateEnding": "2019-12-31", "reportedCurrency": "USD", "grossProfit": "4264000000", "totalRevenue": "4264000000", "costOfRevenue": "2683000000", "costofGoodsAndServicesSold": "2478000000", "operatingIncome": "592000000", "sellingGeneralAndAdministrative": "68000000", "researchAndDevelopment": "None", "operatingExpenses": "3672000000", "investmentIncomeNet": "19000000", "netInterestIncome": "-130000000", "interestIncome": "5000000", "interestExpense": "130000000", "nonInterestIncome": "4264000000", "otherNonOperatingIncome": "-15000000", "depreciation": "88000000", "depreciationAndAmortization": "79000000", "incomeBeforeTax": "526000000", "incomeTaxExpense": "135000000", "interestAndDebtExpense": "130000000", "netIncomeFromContinuingOperations": "391000000", "comprehensiveIncomeNetOfTax": "267000000", "ebit": "656000000", "ebitda": "735000000", "netIncome": "391000000"}, {"fiscalDateEnding": "2019-09-30", "reportedCurrency": "USD", "grossProfit": "1399000000", "totalRevenue": "3843000000", "costOfRevenue": "2444000000", "costofGoodsAndServicesSold": "2437000000", "operatingIncome": "467000000", "sellingGeneralAndAdministrative": "67000000", "researchAndDevelopment": "None", "operatingExpenses": "3501000000", "investmentIncomeNet": "7000000", "netInterestIncome": "-133000000", "interestIncome": "4000000", "interestExpense": "133000000", "nonInterestIncome": "3972000000", "otherNonOperatingIncome": "11000000", "depreciation": "86000000", "depreciationAndAmortization": "84000000", "incomeBeforeTax": "411000000", "incomeTaxExpense": "108000000", "interestAndDebtExpense": "133000000", "netIncomeFromContinuingOperations": "303000000", "comprehensiveIncomeNetOfTax": "-101000000", "ebit": "544000000", "ebitda": "628000000", "netIncome": "303000000"}, {"fiscalDateEnding": "2019-06-30", "reportedCurrency": "USD", "grossProfit": "1642000000", "totalRevenue": "4179000000", "costOfRevenue": "2537000000", "costofGoodsAndServicesSold": "2537000000", "operatingIncome": "680000000", "sellingGeneralAndAdministrative": "60000000", "researchAndDevelopment": "None", "operatingExpenses": "3669000000", "investmentIncomeNet": "8000000", "netInterestIncome": "-141000000", "interestIncome": "2000000", "interestExpense": "141000000", "nonInterestIncome": "4320000000", "otherNonOperatingIncome": "-22000000", "depreciation": "85000000", "depreciationAndAmortization": "100000000", "incomeBeforeTax": "538000000", "incomeTaxExpense": "206000000", "interestAndDebtExpense": "173000000", "netIncomeFromContinuingOperations": "332000000", "comprehensiveIncomeNetOfTax": "395000000", "ebit": "679000000", "ebitda": "779000000", "netIncome": "332000000"}, {"fiscalDateEnding": "2019-03-31", "reportedCurrency": "USD", "grossProfit": "1526000000", "totalRevenue": "3954000000", "costOfRevenue": "2428000000", "costofGoodsAndServicesSold": "2282000000", "operatingIncome": "938000000", "sellingGeneralAndAdministrative": "57000000", "researchAndDevelopment": "None", "operatingExpenses": "3133000000", "investmentIncomeNet": "5000000", "netInterestIncome": "-120000000", "interestIncome": "-58000000", "interestExpense": "120000000", "nonInterestIncome": "4074000000", "otherNonOperatingIncome": "33000000", "depreciation": "74000000", "depreciationAndAmortization": "51000000", "incomeBeforeTax": "933000000", "incomeTaxExpense": "217000000", "interestAndDebtExpense": "120000000", "netIncomeFromContinuingOperations": "716000000", "comprehensiveIncomeNetOfTax": "773000000", "ebit": "1053000000", "ebitda": "1104000000", "netIncome": "716000000"}, {"fiscalDateEnding": "2018-12-31", "reportedCurrency": "USD", "grossProfit": "3712000000", "totalRevenue": "3712000000", "costOfRevenue": "2633000000", "costofGoodsAndServicesSold": "2163000000", "operatingIncome": "621000000", "sellingGeneralAndAdministrative": "430000000", "researchAndDevelopment": "None", "operatingExpenses": "3091000000", "investmentIncomeNet": "23000000", "netInterestIncome": "-92000000", "interestIncome": "None", "interestExpense": "92000000", "nonInterestIncome": "3712000000", "otherNonOperatingIncome": "27000000", "depreciation": "75000000", "depreciationAndAmortization": "48000000", "incomeBeforeTax": "218000000", "incomeTaxExpense": "65000000", "interestAndDebtExpense": "92000000", "netIncomeFromContinuingOperations": "153000000", "comprehensiveIncomeNetOfTax": "-6000000", "ebit": "310000000", "ebitda": "358000000", "netIncome": "153000000"}, {"fiscalDateEnding": "2018-09-30", "reportedCurrency": "USD", "grossProfit": "1377000000", "totalRevenue": "3460000000", "costOfRevenue": "2083000000", "costofGoodsAndServicesSold": "2083000000", "operatingIncome": "541000000", "sellingGeneralAndAdministrative": "47000000", "researchAndDevelopment": "None", "operatingExpenses": "2963000000", "investmentIncomeNet": "-52000000", "netInterestIncome": "-69000000", "interestIncome": "None", "interestExpense": "69000000", "nonInterestIncome": "3529000000", "otherNonOperatingIncome": "-50000000", "depreciation": "77000000", "depreciationAndAmortization": "47000000", "incomeBeforeTax": "382000000", "incomeTaxExpense": "106000000", "interestAndDebtExpense": "69000000", "netIncomeFromContinuingOperations": "276000000", "comprehensiveIncomeNetOfTax": "53000000", "ebit": "451000000", "ebitda": "498000000", "netIncome": "276000000"}, {"fiscalDateEnding": "2018-06-30", "reportedCurrency": "USD", "grossProfit": "1550000000", "totalRevenue": "3685000000", "costOfRevenue": "2135000000", "costofGoodsAndServicesSold": "2135000000", "operatingIncome": "691000000", "sellingGeneralAndAdministrative": "-2125000000", "researchAndDevelopment": "None", "operatingExpenses": "3043000000", "investmentIncomeNet": "28000000", "netInterestIncome": "-68000000", "interestIncome": "None", "interestExpense": "68000000", "nonInterestIncome": "3753000000", "otherNonOperatingIncome": "31000000", "depreciation": "79000000", "depreciationAndAmortization": "43000000", "incomeBeforeTax": "714000000", "incomeTaxExpense": "183000000", "interestAndDebtExpense": "68000000", "netIncomeFromContinuingOperations": "531000000", "comprehensiveIncomeNetOfTax": "171000000", "ebit": "782000000", "ebitda": "825000000", "netIncome": "531000000"}, {"fiscalDateEnding": "2018-03-31", "reportedCurrency": "USD", "grossProfit": "1664000000", "totalRevenue": "3939000000", "costOfRevenue": "2275000000", "costofGoodsAndServicesSold": "2224000000", "operatingIncome": "908000000", "sellingGeneralAndAdministrative": "2224000000", "researchAndDevelopment": "None", "operatingExpenses": "3092000000", "investmentIncomeNet": "0", "netInterestIncome": "-61000000", "interestIncome": "None", "interestExpense": "61000000", "nonInterestIncome": "4000000000", "otherNonOperatingIncome": "3000000", "depreciation": "80000000", "depreciationAndAmortization": "45000000", "incomeBeforeTax": "910000000", "incomeTaxExpense": "220000000", "interestAndDebtExpense": "61000000", "netIncomeFromContinuingOperations": "690000000", "comprehensiveIncomeNetOfTax": "842000000", "ebit": "971000000", "ebitda": "1016000000", "netIncome": "690000000"}, {"fiscalDateEnding": "2017-12-31", "reportedCurrency": "USD", "grossProfit": "3685000000", "totalRevenue": "3685000000", "costOfRevenue": "2510000000", "costofGoodsAndServicesSold": "2098000000", "operatingIncome": "670000000", "sellingGeneralAndAdministrative": "2452000000", "researchAndDevelopment": "None", "operatingExpenses": "3015000000", "investmentIncomeNet": "6000000", "netInterestIncome": "-59000000", "interestIncome": "None", "interestExpense": "59000000", "nonInterestIncome": "3685000000", "otherNonOperatingIncome": "12000000", "depreciation": "78000000", "depreciationAndAmortization": "47000000", "incomeBeforeTax": "643000000", "incomeTaxExpense": "614000000", "interestAndDebtExpense": "59000000", "netIncomeFromContinuingOperations": "27000000", "comprehensiveIncomeNetOfTax": "546000000", "ebit": "702000000", "ebitda": "749000000", "netIncome": "29000000"}, {"fiscalDateEnding": "2017-09-30", "reportedCurrency": "USD", "grossProfit": "1375000000", "totalRevenue": "3281000000", "costOfRevenue": "1906000000", "costofGoodsAndServicesSold": "1906000000", "operatingIncome": "535000000", "sellingGeneralAndAdministrative": "1906000000", "researchAndDevelopment": "None", "operatingExpenses": "2806000000", "investmentIncomeNet": "-2000000", "netInterestIncome": "-60000000", "interestIncome": "None", "interestExpense": "60000000", "nonInterestIncome": "3341000000", "otherNonOperatingIncome": "2000000", "depreciation": "78000000", "depreciationAndAmortization": "42000000", "incomeBeforeTax": "533000000", "incomeTaxExpense": "140000000", "interestAndDebtExpense": "60000000", "netIncomeFromContinuingOperations": "393000000", "comprehensiveIncomeNetOfTax": "374000000", "ebit": "593000000", "ebitda": "635000000", "netIncome": "393000000"}, {"fiscalDateEnding": "2017-06-30", "reportedCurrency": "USD", "grossProfit": "1500000000", "totalRevenue": "3435000000", "costOfRevenue": "1935000000", "costofGoodsAndServicesSold": "1935000000", "operatingIncome": "701000000", "sellingGeneralAndAdministrative": "1935000000", "researchAndDevelopment": "None", "operatingExpenses": "2794000000", "investmentIncomeNet": "5000000", "netInterestIncome": "-60000000", "interestIncome": "None", "interestExpense": "60000000", "nonInterestIncome": "3495000000", "otherNonOperatingIncome": "7000000", "depreciation": "76000000", "depreciationAndAmortization": "40000000", "incomeBeforeTax": "705000000", "incomeTaxExpense": "204000000", "interestAndDebtExpense": "60000000", "netIncomeFromContinuingOperations": "501000000", "comprehensiveIncomeNetOfTax": "797000000", "ebit": "765000000", "ebitda": "805000000", "netIncome": "501000000"}, {"fiscalDateEnding": "2017-03-31", "reportedCurrency": "USD", "grossProfit": "1450000000", "totalRevenue": "3445000000", "costOfRevenue": "1995000000", "costofGoodsAndServicesSold": "1945000000", "operatingIncome": "749000000", "sellingGeneralAndAdministrative": "1945000000", "researchAndDevelopment": "None", "operatingExpenses": "2754000000", "investmentIncomeNet": "0", "netInterestIncome": "-58000000", "interestIncome": "None", "interestExpense": "58000000", "nonInterestIncome": "3503000000", "otherNonOperatingIncome": "3000000", "depreciation": "80000000", "depreciationAndAmortization": "40000000", "incomeBeforeTax": "744000000", "incomeTaxExpense": "175000000", "interestAndDebtExpense": "58000000", "netIncomeFromContinuingOperations": "569000000", "comprehensiveIncomeNetOfTax": "825000000", "ebit": "802000000", "ebitda": "842000000", "netIncome": "569000000"}, {"fiscalDateEnding": "2016-12-31", "reportedCurrency": "USD", "grossProfit": "3364000000", "totalRevenue": "3364000000", "costOfRevenue": "2365000000", "costofGoodsAndServicesSold": "1918000000", "operatingIncome": "633000000", "sellingGeneralAndAdministrative": "2285000000", "researchAndDevelopment": "None", "operatingExpenses": "2964000000", "investmentIncomeNet": "1000000", "netInterestIncome": "-48000000", "interestIncome": "None", "interestExpense": "48000000", "nonInterestIncome": "None", "otherNonOperatingIncome": "3000000", "depreciation": "77000000", "depreciationAndAmortization": "31000000", "incomeBeforeTax": "583000000", "incomeTaxExpense": "147000000", "interestAndDebtExpense": "48000000", "netIncomeFromContinuingOperations": "436000000", "comprehensiveIncomeNetOfTax": "-368000000", "ebit": "631000000", "ebitda": "662000000", "netIncome": "436000000"}]}