{"symbol": "MMM", "annualReports": [{"fiscalDateEnding": "2020-12-31", "reportedCurrency": "USD", "grossProfit": "15579000000", "totalRevenue": "32184000000", "costOfRevenue": "16605000000", "costofGoodsAndServicesSold": "16605000000", "operatingIncome": "7161000000", "sellingGeneralAndAdministrative": "6929000000", "researchAndDevelopment": "1146000000", "operatingExpenses": "8244000000", "investmentIncomeNet": "None", "netInterestIncome": "-529000000", "interestIncome": "29000000", "interestExpense": "529000000", "nonInterestIncome": "32552000000", "otherNonOperatingIncome": "-455000000", "depreciation": "None", "depreciationAndAmortization": "558000000", "incomeBeforeTax": "6702000000", "incomeTaxExpense": "1318000000", "interestAndDebtExpense": "529000000", "netIncomeFromContinuingOperations": "5393000000", "comprehensiveIncomeNetOfTax": "5862000000", "ebit": "7231000000", "ebitda": "7789000000", "netIncome": "5384000000"}, {"fiscalDateEnding": "2019-12-31", "reportedCurrency": "USD", "grossProfit": "15000000000", "totalRevenue": "32136000000", "costOfRevenue": "17136000000", "costofGoodsAndServicesSold": "17136000000", "operatingIncome": "6174000000", "sellingGeneralAndAdministrative": "7029000000", "researchAndDevelopment": "1253000000", "operatingExpenses": "8609000000", "investmentIncomeNet": "None", "netInterestIncome": "-448000000", "interestIncome": "80000000", "interestExpense": "448000000", "nonInterestIncome": "32451000000", "otherNonOperatingIncome": "-462000000", "depreciation": "None", "depreciationAndAmortization": "361000000", "incomeBeforeTax": "5700000000", "incomeTaxExpense": "1130000000", "interestAndDebtExpense": "448000000", "netIncomeFromContinuingOperations": "4582000000", "comprehensiveIncomeNetOfTax": "4150000000", "ebit": "6148000000", "ebitda": "6509000000", "netIncome": "4570000000"}, {"fiscalDateEnding": "2018-12-31", "reportedCurrency": "USD", "grossProfit": "16083000000", "totalRevenue": "32765000000", "costOfRevenue": "16682000000", "costofGoodsAndServicesSold": "16682000000", "operatingIncome": "7207000000", "sellingGeneralAndAdministrative": "7602000000", "researchAndDevelopment": "1253000000", "operatingExpenses": "8557000000", "investmentIncomeNet": "None", "netInterestIncome": "-350000000", "interestIncome": "70000000", "interestExpense": "350000000", "nonInterestIncome": "33220000000", "otherNonOperatingIncome": "-207000000", "depreciation": "None", "depreciationAndAmortization": "249000000", "incomeBeforeTax": "6986000000", "incomeTaxExpense": "1637000000", "interestAndDebtExpense": "350000000", "netIncomeFromContinuingOperations": "5363000000", "comprehensiveIncomeNetOfTax": "5508000000", "ebit": "7336000000", "ebitda": "7585000000", "netIncome": "5349000000"}, {"fiscalDateEnding": "2017-12-31", "reportedCurrency": "USD", "grossProfit": "15602000000", "totalRevenue": "31657000000", "costOfRevenue": "16055000000", "costofGoodsAndServicesSold": "16001000000", "operatingIncome": "7692000000", "sellingGeneralAndAdministrative": "6626000000", "researchAndDevelopment": "1352000000", "operatingExpenses": "7559000000", "investmentIncomeNet": "None", "netInterestIncome": "-322000000", "interestIncome": "50000000", "interestExpense": "322000000", "nonInterestIncome": "434000000", "otherNonOperatingIncome": "-272000000", "depreciation": "None", "depreciationAndAmortization": "238000000", "incomeBeforeTax": "7537000000", "incomeTaxExpense": "2679000000", "interestAndDebtExpense": "322000000", "netIncomeFromContinuingOperations": "4869000000", "comprehensiveIncomeNetOfTax": "5077000000", "ebit": "7859000000", "ebitda": "8097000000", "netIncome": "4858000000"}, {"fiscalDateEnding": "2016-12-31", "reportedCurrency": "USD", "grossProfit": "14991000000", "totalRevenue": "30109000000", "costOfRevenue": "15118000000", "costofGoodsAndServicesSold": "15040000000", "operatingIncome": "7027000000", "sellingGeneralAndAdministrative": "6311000000", "researchAndDevelopment": "1248000000", "operatingExpenses": "7598000000", "investmentIncomeNet": "29000000", "netInterestIncome": "-199000000", "interestIncome": "29000000", "interestExpense": "199000000", "nonInterestIncome": "-69000000", "otherNonOperatingIncome": "29000000", "depreciation": "None", "depreciationAndAmortization": "262000000", "incomeBeforeTax": "7045000000", "incomeTaxExpense": "1995000000", "interestAndDebtExpense": "199000000", "netIncomeFromContinuingOperations": "5058000000", "comprehensiveIncomeNetOfTax": "4164000000", "ebit": "7244000000", "ebitda": "7506000000", "netIncome": "5050000000"}], "quarterlyReports": [{"fiscalDateEnding": "2021-09-30", "reportedCurrency": "USD", "grossProfit": "4089000000", "totalRevenue": "8942000000", "costOfRevenue": "4853000000", "costofGoodsAndServicesSold": "4853000000", "operatingIncome": "1788000000", "sellingGeneralAndAdministrative": "1819000000", "researchAndDevelopment": "482000000", "operatingExpenses": "1950000000", "investmentIncomeNet": "None", "netInterestIncome": "-117000000", "interestIncome": "-111000000", "interestExpense": "117000000", "nonInterestIncome": "-36000000", "otherNonOperatingIncome": "-27000000", "depreciation": "None", "depreciationAndAmortization": "131000000", "incomeBeforeTax": "1758000000", "incomeTaxExpense": "324000000", "interestAndDebtExpense": "117000000", "netIncomeFromContinuingOperations": "1433000000", "comprehensiveIncomeNetOfTax": "1300000000", "ebit": "1875000000", "ebitda": "2006000000", "netIncome": "1434000000"}, {"fiscalDateEnding": "2021-06-30", "reportedCurrency": "USD", "grossProfit": "4231000000", "totalRevenue": "8950000000", "costOfRevenue": "4719000000", "costofGoodsAndServicesSold": "4719000000", "operatingIncome": "1971000000", "sellingGeneralAndAdministrative": "1746000000", "researchAndDevelopment": "514000000", "operatingExpenses": "1880000000", "investmentIncomeNet": "None", "netInterestIncome": "-121000000", "interestIncome": "-113000000", "interestExpense": "121000000", "nonInterestIncome": "8902000000", "otherNonOperatingIncome": "-31000000", "depreciation": "None", "depreciationAndAmortization": "134000000", "incomeBeforeTax": "1939000000", "incomeTaxExpense": "415000000", "interestAndDebtExpense": "121000000", "netIncomeFromContinuingOperations": "1523000000", "comprehensiveIncomeNetOfTax": "1805000000", "ebit": "2060000000", "ebitda": "2194000000", "netIncome": "1524000000"}, {"fiscalDateEnding": "2021-03-31", "reportedCurrency": "USD", "grossProfit": "4326000000", "totalRevenue": "8851000000", "costOfRevenue": "4525000000", "costofGoodsAndServicesSold": "4525000000", "operatingIncome": "1994000000", "sellingGeneralAndAdministrative": "1808000000", "researchAndDevelopment": "524000000", "operatingExpenses": "1941000000", "investmentIncomeNet": "None", "netInterestIncome": "-132000000", "interestIncome": "4000000", "interestExpense": "132000000", "nonInterestIncome": "8841000000", "otherNonOperatingIncome": "-48000000", "depreciation": "None", "depreciationAndAmortization": "133000000", "incomeBeforeTax": "1943000000", "incomeTaxExpense": "319000000", "interestAndDebtExpense": "132000000", "netIncomeFromContinuingOperations": "1626000000", "comprehensiveIncomeNetOfTax": "1578000000", "ebit": "2075000000", "ebitda": "2208000000", "netIncome": "1624000000"}, {"fiscalDateEnding": "2020-12-31", "reportedCurrency": "USD", "grossProfit": "4195000000", "totalRevenue": "8583000000", "costOfRevenue": "4388000000", "costofGoodsAndServicesSold": "4388000000", "operatingIncome": "1849000000", "sellingGeneralAndAdministrative": "1890000000", "researchAndDevelopment": "456000000", "operatingExpenses": "3189000000", "investmentIncomeNet": "None", "netInterestIncome": "-141000000", "interestIncome": "5000000", "interestExpense": "141000000", "nonInterestIncome": "8573000000", "otherNonOperatingIncome": "-143000000", "depreciation": "None", "depreciationAndAmortization": "153000000", "incomeBeforeTax": "1705000000", "incomeTaxExpense": "316000000", "interestAndDebtExpense": "10000000", "netIncomeFromContinuingOperations": "4185000000", "comprehensiveIncomeNetOfTax": "1688000000", "ebit": "1846000000", "ebitda": "1999000000", "netIncome": "1389000000"}, {"fiscalDateEnding": "2020-09-30", "reportedCurrency": "USD", "grossProfit": "4047000000", "totalRevenue": "8350000000", "costOfRevenue": "4303000000", "costofGoodsAndServicesSold": "4303000000", "operatingIncome": "1909000000", "sellingGeneralAndAdministrative": "1677000000", "researchAndDevelopment": "461000000", "operatingExpenses": "1814000000", "investmentIncomeNet": "None", "netInterestIncome": "-128000000", "interestIncome": "-123000000", "interestExpense": "128000000", "nonInterestIncome": "8335000000", "otherNonOperatingIncome": "-105000000", "depreciation": "None", "depreciationAndAmortization": "137000000", "incomeBeforeTax": "1800000000", "incomeTaxExpense": "391000000", "interestAndDebtExpense": "128000000", "netIncomeFromContinuingOperations": "1418000000", "comprehensiveIncomeNetOfTax": "1745000000", "ebit": "1928000000", "ebitda": "2065000000", "netIncome": "1430000000"}, {"fiscalDateEnding": "2020-06-30", "reportedCurrency": "USD", "grossProfit": "3371000000", "totalRevenue": "7176000000", "costOfRevenue": "3805000000", "costofGoodsAndServicesSold": "3805000000", "operatingIncome": "1740000000", "sellingGeneralAndAdministrative": "1594000000", "researchAndDevelopment": "424000000", "operatingExpenses": "1341000000", "investmentIncomeNet": "None", "netInterestIncome": "-137000000", "interestIncome": "9000000", "interestExpense": "137000000", "nonInterestIncome": "7575000000", "otherNonOperatingIncome": "-111000000", "depreciation": "None", "depreciationAndAmortization": "134000000", "incomeBeforeTax": "1632000000", "incomeTaxExpense": "347000000", "interestAndDebtExpense": "137000000", "netIncomeFromContinuingOperations": "1287000000", "comprehensiveIncomeNetOfTax": "1423000000", "ebit": "1769000000", "ebitda": "1903000000", "netIncome": "1306000000"}, {"fiscalDateEnding": "2020-03-31", "reportedCurrency": "USD", "grossProfit": "3966000000", "totalRevenue": "8075000000", "costOfRevenue": "4109000000", "costofGoodsAndServicesSold": "4109000000", "operatingIncome": "1663000000", "sellingGeneralAndAdministrative": "1768000000", "researchAndDevelopment": "537000000", "operatingExpenses": "1900000000", "investmentIncomeNet": "None", "netInterestIncome": "-123000000", "interestIncome": "10000000", "interestExpense": "123000000", "nonInterestIncome": "8076000000", "otherNonOperatingIncome": "-96000000", "depreciation": "None", "depreciationAndAmortization": "134000000", "incomeBeforeTax": "1586000000", "incomeTaxExpense": "278000000", "interestAndDebtExpense": "123000000", "netIncomeFromContinuingOperations": "1294000000", "comprehensiveIncomeNetOfTax": "1022000000", "ebit": "1709000000", "ebitda": "1843000000", "netIncome": "1308000000"}, {"fiscalDateEnding": "2019-12-31", "reportedCurrency": "USD", "grossProfit": "3786000000", "totalRevenue": "8111000000", "costOfRevenue": "4325000000", "costofGoodsAndServicesSold": "4325000000", "operatingIncome": "1325000000", "sellingGeneralAndAdministrative": "1940000000", "researchAndDevelopment": "521000000", "operatingExpenses": "3470000000", "investmentIncomeNet": "None", "netInterestIncome": "-124000000", "interestIncome": "16000000", "interestExpense": "124000000", "nonInterestIncome": "8111000000", "otherNonOperatingIncome": "-369000000", "depreciation": "None", "depreciationAndAmortization": "138000000", "incomeBeforeTax": "1211000000", "incomeTaxExpense": "242000000", "interestAndDebtExpense": "124000000", "netIncomeFromContinuingOperations": "3786000000", "comprehensiveIncomeNetOfTax": "218000000", "ebit": "1335000000", "ebitda": "1473000000", "netIncome": "969000000"}, {"fiscalDateEnding": "2019-09-30", "reportedCurrency": "USD", "grossProfit": "3803000000", "totalRevenue": "7991000000", "costOfRevenue": "4188000000", "costofGoodsAndServicesSold": "4188000000", "operatingIncome": "2011000000", "sellingGeneralAndAdministrative": "1455000000", "researchAndDevelopment": "443000000", "operatingExpenses": "1364000000", "investmentIncomeNet": "None", "netInterestIncome": "-109000000", "interestIncome": "26000000", "interestExpense": "109000000", "nonInterestIncome": "8166000000", "otherNonOperatingIncome": "-45000000", "depreciation": "None", "depreciationAndAmortization": "74000000", "incomeBeforeTax": "1961000000", "incomeTaxExpense": "378000000", "interestAndDebtExpense": "109000000", "netIncomeFromContinuingOperations": "1588000000", "comprehensiveIncomeNetOfTax": "1467000000", "ebit": "2070000000", "ebitda": "2144000000", "netIncome": "1583000000"}, {"fiscalDateEnding": "2019-06-30", "reportedCurrency": "USD", "grossProfit": "3858000000", "totalRevenue": "8171000000", "costOfRevenue": "4313000000", "costofGoodsAndServicesSold": "4313000000", "operatingIncome": "1702000000", "sellingGeneralAndAdministrative": "1686000000", "researchAndDevelopment": "470000000", "operatingExpenses": "1762000000", "investmentIncomeNet": "None", "netInterestIncome": "-111000000", "interestIncome": "18000000", "interestExpense": "111000000", "nonInterestIncome": "8226000000", "otherNonOperatingIncome": "None", "depreciation": "None", "depreciationAndAmortization": "76000000", "incomeBeforeTax": "1442000000", "incomeTaxExpense": "315000000", "interestAndDebtExpense": "111000000", "netIncomeFromContinuingOperations": "1131000000", "comprehensiveIncomeNetOfTax": "1407000000", "ebit": "1553000000", "ebitda": "1629000000", "netIncome": "1127000000"}, {"fiscalDateEnding": "2019-03-31", "reportedCurrency": "USD", "grossProfit": "3553000000", "totalRevenue": "7863000000", "costOfRevenue": "4310000000", "costofGoodsAndServicesSold": "4310000000", "operatingIncome": "1136000000", "sellingGeneralAndAdministrative": "1948000000", "researchAndDevelopment": "477000000", "operatingExpenses": "2009000000", "investmentIncomeNet": "None", "netInterestIncome": "-104000000", "interestIncome": "20000000", "interestExpense": "104000000", "nonInterestIncome": "7961000000", "otherNonOperatingIncome": "-48000000", "depreciation": "None", "depreciationAndAmortization": "69000000", "incomeBeforeTax": "1086000000", "incomeTaxExpense": "195000000", "interestAndDebtExpense": "104000000", "netIncomeFromContinuingOperations": "893000000", "comprehensiveIncomeNetOfTax": "1058000000", "ebit": "1190000000", "ebitda": "1259000000", "netIncome": "891000000"}, {"fiscalDateEnding": "2018-12-31", "reportedCurrency": "USD", "grossProfit": "3885000000", "totalRevenue": "7945000000", "costOfRevenue": "4060000000", "costofGoodsAndServicesSold": "4060000000", "operatingIncome": "1783000000", "sellingGeneralAndAdministrative": "1682000000", "researchAndDevelopment": "437000000", "operatingExpenses": "2979000000", "investmentIncomeNet": "None", "netInterestIncome": "-95000000", "interestIncome": "None", "interestExpense": "95000000", "nonInterestIncome": "7945000000", "otherNonOperatingIncome": "-63000000", "depreciation": "None", "depreciationAndAmortization": "61000000", "incomeBeforeTax": "1718000000", "incomeTaxExpense": "371000000", "interestAndDebtExpense": "95000000", "netIncomeFromContinuingOperations": "3885000000", "comprehensiveIncomeNetOfTax": "1448000000", "ebit": "1813000000", "ebitda": "1874000000", "netIncome": "1347000000"}, {"fiscalDateEnding": "2018-09-30", "reportedCurrency": "USD", "grossProfit": "3993000000", "totalRevenue": "8152000000", "costOfRevenue": "4159000000", "costofGoodsAndServicesSold": "4159000000", "operatingIncome": "2016000000", "sellingGeneralAndAdministrative": "1547000000", "researchAndDevelopment": "430000000", "operatingExpenses": "1608000000", "investmentIncomeNet": "None", "netInterestIncome": "-85000000", "interestIncome": "None", "interestExpense": "85000000", "nonInterestIncome": "8128000000", "otherNonOperatingIncome": "-51000000", "depreciation": "None", "depreciationAndAmortization": "61000000", "incomeBeforeTax": "1962000000", "incomeTaxExpense": "419000000", "interestAndDebtExpense": "85000000", "netIncomeFromContinuingOperations": "1546000000", "comprehensiveIncomeNetOfTax": "1594000000", "ebit": "2047000000", "ebitda": "2108000000", "netIncome": "1543000000"}, {"fiscalDateEnding": "2018-06-30", "reportedCurrency": "USD", "grossProfit": "4163000000", "totalRevenue": "8390000000", "costOfRevenue": "4227000000", "costofGoodsAndServicesSold": "4227000000", "operatingIncome": "2401000000", "sellingGeneralAndAdministrative": "1800000000", "researchAndDevelopment": "468000000", "operatingExpenses": "1357000000", "investmentIncomeNet": "None", "netInterestIncome": "-88000000", "interestIncome": "None", "interestExpense": "88000000", "nonInterestIncome": "8869000000", "otherNonOperatingIncome": "-51000000", "depreciation": "None", "depreciationAndAmortization": "63000000", "incomeBeforeTax": "2345000000", "incomeTaxExpense": "488000000", "interestAndDebtExpense": "88000000", "netIncomeFromContinuingOperations": "1862000000", "comprehensiveIncomeNetOfTax": "1641000000", "ebit": "2433000000", "ebitda": "2496000000", "netIncome": "1857000000"}, {"fiscalDateEnding": "2018-03-31", "reportedCurrency": "USD", "grossProfit": "4042000000", "totalRevenue": "8278000000", "costOfRevenue": "4236000000", "costofGoodsAndServicesSold": "4236000000", "operatingIncome": "1007000000", "sellingGeneralAndAdministrative": "2573000000", "researchAndDevelopment": "486000000", "operatingExpenses": "2613000000", "investmentIncomeNet": "None", "netInterestIncome": "-82000000", "interestIncome": "None", "interestExpense": "82000000", "nonInterestIncome": "8238000000", "otherNonOperatingIncome": "-42000000", "depreciation": "None", "depreciationAndAmortization": "64000000", "incomeBeforeTax": "961000000", "incomeTaxExpense": "359000000", "interestAndDebtExpense": "82000000", "netIncomeFromContinuingOperations": "606000000", "comprehensiveIncomeNetOfTax": "825000000", "ebit": "1043000000", "ebitda": "1107000000", "netIncome": "602000000"}, {"fiscalDateEnding": "2017-12-31", "reportedCurrency": "USD", "grossProfit": "3896000000", "totalRevenue": "7990000000", "costOfRevenue": "4094000000", "costofGoodsAndServicesSold": "4080000000", "operatingIncome": "1789000000", "sellingGeneralAndAdministrative": "1755000000", "researchAndDevelopment": "443000000", "operatingExpenses": "3057000000", "investmentIncomeNet": "None", "netInterestIncome": "-166000000", "interestIncome": "None", "interestExpense": "166000000", "nonInterestIncome": "-96000000", "otherNonOperatingIncome": "-305000000", "depreciation": "None", "depreciationAndAmortization": "76000000", "incomeBeforeTax": "1670000000", "incomeTaxExpense": "1147000000", "interestAndDebtExpense": "96000000", "netIncomeFromContinuingOperations": "3814000000", "comprehensiveIncomeNetOfTax": "410000000", "ebit": "1836000000", "ebitda": "1912000000", "netIncome": "523000000"}, {"fiscalDateEnding": "2017-09-30", "reportedCurrency": "USD", "grossProfit": "4113000000", "totalRevenue": "8172000000", "costOfRevenue": "4059000000", "costofGoodsAndServicesSold": "4045000000", "operatingIncome": "2008000000", "sellingGeneralAndAdministrative": "1637000000", "researchAndDevelopment": "463000000", "operatingExpenses": "1674000000", "investmentIncomeNet": "13000000", "netInterestIncome": "-57000000", "interestIncome": "None", "interestExpense": "57000000", "nonInterestIncome": "-34000000", "otherNonOperatingIncome": "13000000", "depreciation": "None", "depreciationAndAmortization": "51000000", "incomeBeforeTax": "1993000000", "incomeTaxExpense": "564000000", "interestAndDebtExpense": "57000000", "netIncomeFromContinuingOperations": "1433000000", "comprehensiveIncomeNetOfTax": "1505000000", "ebit": "2050000000", "ebitda": "2101000000", "netIncome": "1429000000"}, {"fiscalDateEnding": "2017-06-30", "reportedCurrency": "USD", "grossProfit": "3790000000", "totalRevenue": "7810000000", "costOfRevenue": "4020000000", "costofGoodsAndServicesSold": "4007000000", "operatingIncome": "2153000000", "sellingGeneralAndAdministrative": "1620000000", "researchAndDevelopment": "473000000", "operatingExpenses": "1193000000", "investmentIncomeNet": "12000000", "netInterestIncome": "-54000000", "interestIncome": "None", "interestExpense": "54000000", "nonInterestIncome": "433000000", "otherNonOperatingIncome": "12000000", "depreciation": "None", "depreciationAndAmortization": "47000000", "incomeBeforeTax": "2140000000", "incomeTaxExpense": "557000000", "interestAndDebtExpense": "54000000", "netIncomeFromContinuingOperations": "1585000000", "comprehensiveIncomeNetOfTax": "1543000000", "ebit": "2194000000", "ebitda": "2241000000", "netIncome": "1583000000"}, {"fiscalDateEnding": "2017-03-31", "reportedCurrency": "USD", "grossProfit": "3803000000", "totalRevenue": "7685000000", "costOfRevenue": "3882000000", "costofGoodsAndServicesSold": "3869000000", "operatingIncome": "1742000000", "sellingGeneralAndAdministrative": "1614000000", "researchAndDevelopment": "471000000", "operatingExpenses": "1635000000", "investmentIncomeNet": "8000000", "netInterestIncome": "-45000000", "interestIncome": "None", "interestExpense": "45000000", "nonInterestIncome": "-37000000", "otherNonOperatingIncome": "8000000", "depreciation": "None", "depreciationAndAmortization": "64000000", "incomeBeforeTax": "1734000000", "incomeTaxExpense": "411000000", "interestAndDebtExpense": "45000000", "netIncomeFromContinuingOperations": "1326000000", "comprehensiveIncomeNetOfTax": "1619000000", "ebit": "1779000000", "ebitda": "1843000000", "netIncome": "1323000000"}, {"fiscalDateEnding": "2016-12-31", "reportedCurrency": "USD", "grossProfit": "3613000000", "totalRevenue": "7374000000", "costOfRevenue": "3716000000", "costofGoodsAndServicesSold": "3716000000", "operatingIncome": "1469000000", "sellingGeneralAndAdministrative": "1687000000", "researchAndDevelopment": "421000000", "operatingExpenses": "2819000000", "investmentIncomeNet": "9000000", "netInterestIncome": "None", "interestIncome": "None", "interestExpense": "64000000", "nonInterestIncome": "-24000000", "otherNonOperatingIncome": "9000000", "depreciation": "None", "depreciationAndAmortization": "67000000", "incomeBeforeTax": "1609000000", "incomeTaxExpense": "454000000", "interestAndDebtExpense": "64000000", "netIncomeFromContinuingOperations": "3613000000", "comprehensiveIncomeNetOfTax": "56000000", "ebit": "1469000000", "ebitda": "1536000000", "netIncome": "1155000000"}]}