{"symbol": "MO", "annualReports": [{"fiscalDateEnding": "2020-12-31", "reportedCurrency": "USD", "grossProfit": "13023000000", "totalRevenue": "24944000000", "costOfRevenue": "13558000000", "costofGoodsAndServicesSold": "7818000000", "operatingIncome": "10873000000", "sellingGeneralAndAdministrative": "26000000", "researchAndDevelopment": "131000000", "operatingExpenses": "636000000", "investmentIncomeNet": "None", "netInterestIncome": "-1209000000", "interestIncome": "14000000", "interestExpense": "1223000000", "nonInterestIncome": "26153000000", "otherNonOperatingIncome": "-140000000", "depreciation": "185000000", "depreciationAndAmortization": "72000000", "incomeBeforeTax": "6903000000", "incomeTaxExpense": "2436000000", "interestAndDebtExpense": "1223000000", "netIncomeFromContinuingOperations": "4454000000", "comprehensiveIncomeNetOfTax": "2990000000", "ebit": "8126000000", "ebitda": "8198000000", "netIncome": "4467000000"}, {"fiscalDateEnding": "2019-12-31", "reportedCurrency": "USD", "grossProfit": "12711000000", "totalRevenue": "23830000000", "costOfRevenue": "7415000000", "costofGoodsAndServicesSold": "7085000000", "operatingIncome": "10326000000", "sellingGeneralAndAdministrative": "33000000", "researchAndDevelopment": "168000000", "operatingExpenses": "535000000", "investmentIncomeNet": "None", "netInterestIncome": "-1280000000", "interestIncome": "42000000", "interestExpense": "1322000000", "nonInterestIncome": "25110000000", "otherNonOperatingIncome": "None", "depreciation": "182000000", "depreciationAndAmortization": "44000000", "incomeBeforeTax": "771000000", "incomeTaxExpense": "2064000000", "interestAndDebtExpense": "1322000000", "netIncomeFromContinuingOperations": "-1298000000", "comprehensiveIncomeNetOfTax": "-1610000000", "ebit": "2093000000", "ebitda": "2137000000", "netIncome": "-1293000000"}, {"fiscalDateEnding": "2018-12-31", "reportedCurrency": "USD", "grossProfit": "12254000000", "totalRevenue": "24699000000", "costOfRevenue": "8061000000", "costofGoodsAndServicesSold": "7373000000", "operatingIncome": "9115000000", "sellingGeneralAndAdministrative": "79000000", "researchAndDevelopment": "252000000", "operatingExpenses": "974000000", "investmentIncomeNet": "None", "netInterestIncome": "-665000000", "interestIncome": "32000000", "interestExpense": "697000000", "nonInterestIncome": "25364000000", "otherNonOperatingIncome": "890000000", "depreciation": "189000000", "depreciationAndAmortization": "38000000", "incomeBeforeTax": "9337000000", "incomeTaxExpense": "2374000000", "interestAndDebtExpense": "697000000", "netIncomeFromContinuingOperations": "6967000000", "comprehensiveIncomeNetOfTax": "6721000000", "ebit": "10034000000", "ebitda": "10072000000", "netIncome": "6963000000"}, {"fiscalDateEnding": "2017-12-31", "reportedCurrency": "USD", "grossProfit": "11963000000", "totalRevenue": "24871000000", "costOfRevenue": "13877000000", "costofGoodsAndServicesSold": "7531000000", "operatingIncome": "9593000000", "sellingGeneralAndAdministrative": "72000000", "researchAndDevelopment": "241000000", "operatingExpenses": "502000000", "investmentIncomeNet": "None", "netInterestIncome": "-705000000", "interestIncome": "31000000", "interestExpense": "736000000", "nonInterestIncome": "0", "otherNonOperatingIncome": "532000000", "depreciation": "188000000", "depreciationAndAmortization": "21000000", "incomeBeforeTax": "9823000000", "incomeTaxExpense": "-399000000", "interestAndDebtExpense": "727000000", "netIncomeFromContinuingOperations": "10227000000", "comprehensiveIncomeNetOfTax": "10377000000", "ebit": "10559000000", "ebitda": "10580000000", "netIncome": "10222000000"}, {"fiscalDateEnding": "2016-12-31", "reportedCurrency": "USD", "grossProfit": "11572000000", "totalRevenue": "24174000000", "costOfRevenue": "14577000000", "costofGoodsAndServicesSold": "7765000000", "operatingIncome": "8761000000", "sellingGeneralAndAdministrative": "200000000", "researchAndDevelopment": "203000000", "operatingExpenses": "633000000", "investmentIncomeNet": "None", "netInterestIncome": "-747000000", "interestIncome": "7000000", "interestExpense": "754000000", "nonInterestIncome": "-823000000", "otherNonOperatingIncome": "None", "depreciation": "183000000", "depreciationAndAmortization": "21000000", "incomeBeforeTax": "21847000000", "incomeTaxExpense": "7608000000", "interestAndDebtExpense": "1577000000", "netIncomeFromContinuingOperations": "14244000000", "comprehensiveIncomeNetOfTax": "15467000000", "ebit": "22601000000", "ebitda": "22622000000", "netIncome": "14239000000"}], "quarterlyReports": [{"fiscalDateEnding": "2021-09-30", "reportedCurrency": "USD", "grossProfit": "3673000000", "totalRevenue": "6520000000", "costOfRevenue": "3050000000", "costofGoodsAndServicesSold": "1858000000", "operatingIncome": "2951000000", "sellingGeneralAndAdministrative": "556000000", "researchAndDevelopment": "None", "operatingExpenses": "722000000", "investmentIncomeNet": "None", "netInterestIncome": "-266000000", "interestIncome": "-6181000000", "interestExpense": "266000000", "nonInterestIncome": "6786000000", "otherNonOperatingIncome": "-135000000", "depreciation": "None", "depreciationAndAmortization": "62000000", "incomeBeforeTax": "-3304000000", "incomeTaxExpense": "-582000000", "interestAndDebtExpense": "0", "netIncomeFromContinuingOperations": "-2720000000", "comprehensiveIncomeNetOfTax": "-2550000000", "ebit": "2951000000", "ebitda": "-2976000000", "netIncome": "-2722000000"}, {"fiscalDateEnding": "2021-06-30", "reportedCurrency": "USD", "grossProfit": "3732000000", "totalRevenue": "6641000000", "costOfRevenue": "3158000000", "costofGoodsAndServicesSold": "1882000000", "operatingIncome": "3186000000", "sellingGeneralAndAdministrative": "546000000", "researchAndDevelopment": "None", "operatingExpenses": "546000000", "investmentIncomeNet": "None", "netInterestIncome": "-295000000", "interestIncome": "-220000000", "interestExpense": "295000000", "nonInterestIncome": "6936000000", "otherNonOperatingIncome": "-103000000", "depreciation": "None", "depreciationAndAmortization": "65000000", "incomeBeforeTax": "2908000000", "incomeTaxExpense": "759000000", "interestAndDebtExpense": "0", "netIncomeFromContinuingOperations": "2150000000", "comprehensiveIncomeNetOfTax": "2321000000", "ebit": "3186000000", "ebitda": "3268000000", "netIncome": "2149000000"}, {"fiscalDateEnding": "2021-03-31", "reportedCurrency": "USD", "grossProfit": "3272000000", "totalRevenue": "5079000000", "costOfRevenue": "2721000000", "costofGoodsAndServicesSold": "1608000000", "operatingIncome": "2690000000", "sellingGeneralAndAdministrative": "582000000", "researchAndDevelopment": "None", "operatingExpenses": "582000000", "investmentIncomeNet": "None", "netInterestIncome": "-308000000", "interestIncome": "-220000000", "interestExpense": "308000000", "nonInterestIncome": "5387000000", "otherNonOperatingIncome": "-539000000", "depreciation": "None", "depreciationAndAmortization": "63000000", "incomeBeforeTax": "1940000000", "incomeTaxExpense": "516000000", "interestAndDebtExpense": "649000000", "netIncomeFromContinuingOperations": "1421000000", "comprehensiveIncomeNetOfTax": "1991000000", "ebit": "2690000000", "ebitda": "2311000000", "netIncome": "1424000000"}, {"fiscalDateEnding": "2020-12-31", "reportedCurrency": "USD", "grossProfit": "3146000000", "totalRevenue": "6304000000", "costOfRevenue": "3249000000", "costofGoodsAndServicesSold": "1909000000", "operatingIncome": "2581000000", "sellingGeneralAndAdministrative": "77000000", "researchAndDevelopment": "None", "operatingExpenses": "241000000", "investmentIncomeNet": "None", "netInterestIncome": "-316000000", "interestIncome": "-120000000", "interestExpense": "330000000", "nonInterestIncome": "6304000000", "otherNonOperatingIncome": "368000000", "depreciation": "None", "depreciationAndAmortization": "65000000", "incomeBeforeTax": "2543000000", "incomeTaxExpense": "619000000", "interestAndDebtExpense": "1223000000", "netIncomeFromContinuingOperations": "3237000000", "comprehensiveIncomeNetOfTax": "1364000000", "ebit": "2581000000", "ebitda": "2938000000", "netIncome": "1924000000"}, {"fiscalDateEnding": "2020-09-30", "reportedCurrency": "USD", "grossProfit": "3717000000", "totalRevenue": "6813000000", "costOfRevenue": "3404000000", "costofGoodsAndServicesSold": "1961000000", "operatingIncome": "3160000000", "sellingGeneralAndAdministrative": "60000000", "researchAndDevelopment": "None", "operatingExpenses": "1000000", "investmentIncomeNet": "None", "netInterestIncome": "-310000000", "interestIncome": "-782000000", "interestExpense": "310000000", "nonInterestIncome": "7123000000", "otherNonOperatingIncome": "-577000000", "depreciation": "None", "depreciationAndAmortization": "62000000", "incomeBeforeTax": "-320000000", "incomeTaxExpense": "632000000", "interestAndDebtExpense": "0", "netIncomeFromContinuingOperations": "-956000000", "comprehensiveIncomeNetOfTax": "-959000000", "ebit": "3160000000", "ebitda": "52000000", "netIncome": "-952000000"}, {"fiscalDateEnding": "2020-06-30", "reportedCurrency": "USD", "grossProfit": "3287000000", "totalRevenue": "6059000000", "costOfRevenue": "1749000000", "costofGoodsAndServicesSold": "1775000000", "operatingIncome": "2796000000", "sellingGeneralAndAdministrative": "63000000", "researchAndDevelopment": "None", "operatingExpenses": "2000000", "investmentIncomeNet": "None", "netInterestIncome": "-308000000", "interestIncome": "-298000000", "interestExpense": "308000000", "nonInterestIncome": "6367000000", "otherNonOperatingIncome": "49000000", "depreciation": "None", "depreciationAndAmortization": "65000000", "incomeBeforeTax": "2570000000", "incomeTaxExpense": "627000000", "interestAndDebtExpense": "0", "netIncomeFromContinuingOperations": "1938000000", "comprehensiveIncomeNetOfTax": "702000000", "ebit": "2796000000", "ebitda": "2943000000", "netIncome": "1943000000"}, {"fiscalDateEnding": "2020-03-31", "reportedCurrency": "USD", "grossProfit": "2873000000", "totalRevenue": "6084000000", "costOfRevenue": "2538000000", "costofGoodsAndServicesSold": "2173000000", "operatingIncome": "2336000000", "sellingGeneralAndAdministrative": "537000000", "researchAndDevelopment": "None", "operatingExpenses": "392000000", "investmentIncomeNet": "None", "netInterestIncome": "-275000000", "interestIncome": "-113000000", "interestExpense": "275000000", "nonInterestIncome": "6359000000", "otherNonOperatingIncome": "20000000", "depreciation": "None", "depreciationAndAmortization": "65000000", "incomeBeforeTax": "2110000000", "incomeTaxExpense": "558000000", "interestAndDebtExpense": "0", "netIncomeFromContinuingOperations": "1550000000", "comprehensiveIncomeNetOfTax": "1883000000", "ebit": "2336000000", "ebitda": "2450000000", "netIncome": "1552000000"}, {"fiscalDateEnding": "2019-12-31", "reportedCurrency": "USD", "grossProfit": "3084000000", "totalRevenue": "6007000000", "costOfRevenue": "1961000000", "costofGoodsAndServicesSold": "1718000000", "operatingIncome": "2427000000", "sellingGeneralAndAdministrative": "61000000", "researchAndDevelopment": "None", "operatingExpenses": "408000000", "investmentIncomeNet": "None", "netInterestIncome": "-291000000", "interestIncome": "559000000", "interestExpense": "333000000", "nonInterestIncome": "6007000000", "otherNonOperatingIncome": "None", "depreciation": "None", "depreciationAndAmortization": "16000000", "incomeBeforeTax": "-1218000000", "incomeTaxExpense": "591000000", "interestAndDebtExpense": "None", "netIncomeFromContinuingOperations": "3084000000", "comprehensiveIncomeNetOfTax": "-2271000000", "ebit": "2427000000", "ebitda": "2443000000", "netIncome": "-1809000000"}, {"fiscalDateEnding": "2019-09-30", "reportedCurrency": "USD", "grossProfit": "3497000000", "totalRevenue": "6563000000", "costOfRevenue": "1903000000", "costofGoodsAndServicesSold": "1915000000", "operatingIncome": "2944000000", "sellingGeneralAndAdministrative": "552000000", "researchAndDevelopment": "None", "operatingExpenses": "12000000", "investmentIncomeNet": "None", "netInterestIncome": "-293000000", "interestIncome": "46000000", "interestExpense": "293000000", "nonInterestIncome": "6856000000", "otherNonOperatingIncome": "-303000000", "depreciation": "None", "depreciationAndAmortization": "12000000", "incomeBeforeTax": "-2126000000", "incomeTaxExpense": "474000000", "interestAndDebtExpense": "None", "netIncomeFromContinuingOperations": "-2602000000", "comprehensiveIncomeNetOfTax": "-2356000000", "ebit": "2944000000", "ebitda": "2956000000", "netIncome": "-2600000000"}, {"fiscalDateEnding": "2019-06-30", "reportedCurrency": "USD", "grossProfit": "3319000000", "totalRevenue": "6307000000", "costOfRevenue": "1859000000", "costofGoodsAndServicesSold": "1874000000", "operatingIncome": "2717000000", "sellingGeneralAndAdministrative": "569000000", "researchAndDevelopment": "None", "operatingExpenses": "45000000", "investmentIncomeNet": "None", "netInterestIncome": "-312000000", "interestIncome": "138000000", "interestExpense": "312000000", "nonInterestIncome": "6619000000", "otherNonOperatingIncome": "181000000", "depreciation": "None", "depreciationAndAmortization": "53000000", "incomeBeforeTax": "2600000000", "incomeTaxExpense": "604000000", "interestAndDebtExpense": "None", "netIncomeFromContinuingOperations": "1997000000", "comprehensiveIncomeNetOfTax": "2067000000", "ebit": "2717000000", "ebitda": "2965000000", "netIncome": "1996000000"}, {"fiscalDateEnding": "2019-03-31", "reportedCurrency": "USD", "grossProfit": "2811000000", "totalRevenue": "5244000000", "costOfRevenue": "1626000000", "costofGoodsAndServicesSold": "1578000000", "operatingIncome": "2238000000", "sellingGeneralAndAdministrative": "533000000", "researchAndDevelopment": "None", "operatingExpenses": "49000000", "investmentIncomeNet": "None", "netInterestIncome": "-384000000", "interestIncome": "None", "interestExpense": "384000000", "nonInterestIncome": "5628000000", "otherNonOperatingIncome": "-339000000", "depreciation": "None", "depreciationAndAmortization": "53000000", "incomeBeforeTax": "1515000000", "incomeTaxExpense": "395000000", "interestAndDebtExpense": "None", "netIncomeFromContinuingOperations": "1121000000", "comprehensiveIncomeNetOfTax": "950000000", "ebit": "2238000000", "ebitda": "1952000000", "netIncome": "1120000000"}, {"fiscalDateEnding": "2018-12-31", "reportedCurrency": "USD", "grossProfit": "2922000000", "totalRevenue": "6114000000", "costOfRevenue": "2583000000", "costofGoodsAndServicesSold": "1864000000", "operatingIncome": "1744000000", "sellingGeneralAndAdministrative": "2033000000", "researchAndDevelopment": "252000000", "operatingExpenses": "968000000", "investmentIncomeNet": "None", "netInterestIncome": "-162000000", "interestIncome": "None", "interestExpense": "194000000", "nonInterestIncome": "6114000000", "otherNonOperatingIncome": "131000000", "depreciation": "None", "depreciationAndAmortization": "8000000", "incomeBeforeTax": "1709000000", "incomeTaxExpense": "459000000", "interestAndDebtExpense": "None", "netIncomeFromContinuingOperations": "2922000000", "comprehensiveIncomeNetOfTax": "1145000000", "ebit": "1744000000", "ebitda": "1752000000", "netIncome": "1250000000"}, {"fiscalDateEnding": "2018-09-30", "reportedCurrency": "USD", "grossProfit": "3255000000", "totalRevenue": "6678000000", "costOfRevenue": "2013000000", "costofGoodsAndServicesSold": "2037000000", "operatingIncome": "2557000000", "sellingGeneralAndAdministrative": "700000000", "researchAndDevelopment": "None", "operatingExpenses": "-3000000", "investmentIncomeNet": "None", "netInterestIncome": "-159000000", "interestIncome": "None", "interestExpense": "159000000", "nonInterestIncome": "6837000000", "otherNonOperatingIncome": "189000000", "depreciation": "None", "depreciationAndAmortization": "20000000", "incomeBeforeTax": "2607000000", "incomeTaxExpense": "664000000", "interestAndDebtExpense": "None", "netIncomeFromContinuingOperations": "1944000000", "comprehensiveIncomeNetOfTax": "1561000000", "ebit": "2557000000", "ebitda": "2577000000", "netIncome": "1943000000"}, {"fiscalDateEnding": "2018-06-30", "reportedCurrency": "USD", "grossProfit": "3141000000", "totalRevenue": "6127000000", "costOfRevenue": "1735000000", "costofGoodsAndServicesSold": "1738000000", "operatingIncome": "2498000000", "sellingGeneralAndAdministrative": "641000000", "researchAndDevelopment": "None", "operatingExpenses": "6000000", "investmentIncomeNet": "None", "netInterestIncome": "-178000000", "interestIncome": "None", "interestExpense": "178000000", "nonInterestIncome": "6305000000", "otherNonOperatingIncome": "228000000", "depreciation": "None", "depreciationAndAmortization": "51000000", "incomeBeforeTax": "2556000000", "incomeTaxExpense": "680000000", "interestAndDebtExpense": "None", "netIncomeFromContinuingOperations": "1877000000", "comprehensiveIncomeNetOfTax": "2151000000", "ebit": "2498000000", "ebitda": "2785000000", "netIncome": "1876000000"}, {"fiscalDateEnding": "2018-03-31", "reportedCurrency": "USD", "grossProfit": "2936000000", "totalRevenue": "5942000000", "costOfRevenue": "3175000000", "costofGoodsAndServicesSold": "1734000000", "operatingIncome": "2316000000", "sellingGeneralAndAdministrative": "618000000", "researchAndDevelopment": "None", "operatingExpenses": "3000000", "investmentIncomeNet": "None", "netInterestIncome": "-166000000", "interestIncome": "None", "interestExpense": "166000000", "nonInterestIncome": "6108000000", "otherNonOperatingIncome": "342000000", "depreciation": "None", "depreciationAndAmortization": "53000000", "incomeBeforeTax": "2465000000", "incomeTaxExpense": "571000000", "interestAndDebtExpense": "None", "netIncomeFromContinuingOperations": "1895000000", "comprehensiveIncomeNetOfTax": "1864000000", "ebit": "2316000000", "ebitda": "2684000000", "netIncome": "1894000000"}, {"fiscalDateEnding": "2017-12-31", "reportedCurrency": "USD", "grossProfit": "2902000000", "totalRevenue": "6101000000", "costOfRevenue": "81000000", "costofGoodsAndServicesSold": "1812000000", "operatingIncome": "2237000000", "sellingGeneralAndAdministrative": "698000000", "researchAndDevelopment": "241000000", "operatingExpenses": "81000000", "investmentIncomeNet": "None", "netInterestIncome": "-180000000", "interestIncome": "None", "interestExpense": "211000000", "nonInterestIncome": "6101000000", "otherNonOperatingIncome": "200000000", "depreciation": "None", "depreciationAndAmortization": "54000000", "incomeBeforeTax": "2181000000", "incomeTaxExpense": "-2785000000", "interestAndDebtExpense": "727000000", "netIncomeFromContinuingOperations": "2870000000", "comprehensiveIncomeNetOfTax": "5015000000", "ebit": "2237000000", "ebitda": "2446000000", "netIncome": "4966000000"}, {"fiscalDateEnding": "2017-09-30", "reportedCurrency": "USD", "grossProfit": "3171000000", "totalRevenue": "6560000000", "costOfRevenue": "3561000000", "costofGoodsAndServicesSold": "1952000000", "operatingIncome": "2589000000", "sellingGeneralAndAdministrative": "568000000", "researchAndDevelopment": "None", "operatingExpenses": "15000000", "investmentIncomeNet": "None", "netInterestIncome": "-169000000", "interestIncome": "None", "interestExpense": "169000000", "nonInterestIncome": "0", "otherNonOperatingIncome": "169000000", "depreciation": "None", "depreciationAndAmortization": "51000000", "incomeBeforeTax": "2643000000", "incomeTaxExpense": "777000000", "interestAndDebtExpense": "0", "netIncomeFromContinuingOperations": "1867000000", "comprehensiveIncomeNetOfTax": "1758000000", "ebit": "2589000000", "ebitda": "2863000000", "netIncome": "1866000000"}, {"fiscalDateEnding": "2017-06-30", "reportedCurrency": "USD", "grossProfit": "3114000000", "totalRevenue": "6486000000", "costOfRevenue": "3573000000", "costofGoodsAndServicesSold": "1954000000", "operatingIncome": "2528000000", "sellingGeneralAndAdministrative": "568000000", "researchAndDevelopment": "None", "operatingExpenses": "-1171000000", "investmentIncomeNet": "None", "netInterestIncome": "-177000000", "interestIncome": "None", "interestExpense": "177000000", "nonInterestIncome": "6663000000", "otherNonOperatingIncome": "140000000", "depreciation": "None", "depreciationAndAmortization": "52000000", "incomeBeforeTax": "2909000000", "incomeTaxExpense": "920000000", "interestAndDebtExpense": "None", "netIncomeFromContinuingOperations": "1990000000", "comprehensiveIncomeNetOfTax": "2363000000", "ebit": "2528000000", "ebitda": "3138000000", "netIncome": "1989000000"}, {"fiscalDateEnding": "2017-03-31", "reportedCurrency": "USD", "grossProfit": "2776000000", "totalRevenue": "5904000000", "costOfRevenue": "3331000000", "costofGoodsAndServicesSold": "1813000000", "operatingIncome": "2239000000", "sellingGeneralAndAdministrative": "528000000", "researchAndDevelopment": "None", "operatingExpenses": "27000000", "investmentIncomeNet": "None", "netInterestIncome": "-179000000", "interestIncome": "None", "interestExpense": "179000000", "nonInterestIncome": "0", "otherNonOperatingIncome": "23000000", "depreciation": "None", "depreciationAndAmortization": "52000000", "incomeBeforeTax": "2090000000", "incomeTaxExpense": "689000000", "interestAndDebtExpense": "None", "netIncomeFromContinuingOperations": "1402000000", "comprehensiveIncomeNetOfTax": "1241000000", "ebit": "2239000000", "ebitda": "2321000000", "netIncome": "1401000000"}, {"fiscalDateEnding": "2016-12-31", "reportedCurrency": "USD", "grossProfit": "2828000000", "totalRevenue": "6252000000", "costOfRevenue": "3848000000", "costofGoodsAndServicesSold": "-2964000000", "operatingIncome": "1992000000", "sellingGeneralAndAdministrative": "773000000", "researchAndDevelopment": "203000000", "operatingExpenses": "503000000", "investmentIncomeNet": "None", "netInterestIncome": "-176000000", "interestIncome": "None", "interestExpense": "189000000", "nonInterestIncome": "0", "otherNonOperatingIncome": "None", "depreciation": "None", "depreciationAndAmortization": "55000000", "incomeBeforeTax": "15706000000", "incomeTaxExpense": "5430000000", "interestAndDebtExpense": "0", "netIncomeFromContinuingOperations": "2828000000", "comprehensiveIncomeNetOfTax": "11502000000", "ebit": "1992000000", "ebitda": "15950000000", "netIncome": "10276000000"}]}