{"symbol": "MPC", "annualReports": [{"fiscalDateEnding": "2020-12-31", "reportedCurrency": "USD", "grossProfit": "-8963000000", "totalRevenue": "68692000000", "costOfRevenue": "77655000000", "costofGoodsAndServicesSold": "65733000000", "operatingIncome": "-12247000000", "sellingGeneralAndAdministrative": "2710000000", "researchAndDevelopment": "None", "operatingExpenses": "11841000000", "investmentIncomeNet": "9000000", "netInterestIncome": "-1407000000", "interestIncome": "-1365000000", "interestExpense": "1407000000", "nonInterestIncome": "69858000000", "otherNonOperatingIncome": "None", "depreciation": "None", "depreciationAndAmortization": "408000000", "incomeBeforeTax": "-12256000000", "incomeTaxExpense": "-2430000000", "interestAndDebtExpense": "1365000000", "netIncomeFromContinuingOperations": "-11031000000", "comprehensiveIncomeNetOfTax": "-10018000000", "ebit": "-12247000000", "ebitda": "-10441000000", "netIncome": "-9826000000"}, {"fiscalDateEnding": "2019-12-31", "reportedCurrency": "USD", "grossProfit": "8576000000", "totalRevenue": "123949000000", "costOfRevenue": "115284000000", "costofGoodsAndServicesSold": "99228000000", "operatingIncome": "4462000000", "sellingGeneralAndAdministrative": "3192000000", "researchAndDevelopment": "None", "operatingExpenses": "4734000000", "investmentIncomeNet": "40000000", "netInterestIncome": "-1327000000", "interestIncome": "40000000", "interestExpense": "1327000000", "nonInterestIncome": "124256000000", "otherNonOperatingIncome": "None", "depreciation": "None", "depreciationAndAmortization": "436000000", "incomeBeforeTax": "3421000000", "incomeTaxExpense": "784000000", "interestAndDebtExpense": "1229000000", "netIncomeFromContinuingOperations": "3255000000", "comprehensiveIncomeNetOfTax": "2461000000", "ebit": "4462000000", "ebitda": "5184000000", "netIncome": "2637000000"}, {"fiscalDateEnding": "2018-12-31", "reportedCurrency": "USD", "grossProfit": "7905000000", "totalRevenue": "96504000000", "costOfRevenue": "88008000000", "costofGoodsAndServicesSold": "77047000000", "operatingIncome": "4690000000", "sellingGeneralAndAdministrative": "2276000000", "researchAndDevelopment": "None", "operatingExpenses": "2529000000", "investmentIncomeNet": "87000000", "netInterestIncome": "-973000000", "interestIncome": "87000000", "interestExpense": "973000000", "nonInterestIncome": "95930000000", "otherNonOperatingIncome": "None", "depreciation": "None", "depreciationAndAmortization": "134000000", "incomeBeforeTax": "3544000000", "incomeTaxExpense": "764000000", "interestAndDebtExpense": "993000000", "netIncomeFromContinuingOperations": "3606000000", "comprehensiveIncomeNetOfTax": "2867000000", "ebit": "4690000000", "ebitda": "4651000000", "netIncome": "2780000000"}, {"fiscalDateEnding": "2017-12-31", "reportedCurrency": "USD", "grossProfit": "6533000000", "totalRevenue": "74733000000", "costOfRevenue": "68341000000", "costofGoodsAndServicesSold": "67089000000", "operatingIncome": "4018000000", "sellingGeneralAndAdministrative": "1694000000", "researchAndDevelopment": "None", "operatingExpenses": "1785000000", "investmentIncomeNet": "27000000", "netInterestIncome": "-625000000", "interestIncome": "27000000", "interestExpense": "625000000", "nonInterestIncome": "228000000", "otherNonOperatingIncome": "None", "depreciation": "None", "depreciationAndAmortization": "52000000", "incomeBeforeTax": "2972000000", "incomeTaxExpense": "-460000000", "interestAndDebtExpense": "674000000", "netIncomeFromContinuingOperations": "3804000000", "comprehensiveIncomeNetOfTax": "3435000000", "ebit": "4018000000", "ebitda": "3649000000", "netIncome": "3432000000"}, {"fiscalDateEnding": "2016-12-31", "reportedCurrency": "USD", "grossProfit": "5080000000", "totalRevenue": "63339000000", "costOfRevenue": "58485000000", "costofGoodsAndServicesSold": "56676000000", "operatingIncome": "2386000000", "sellingGeneralAndAdministrative": "1597000000", "researchAndDevelopment": "None", "operatingExpenses": "1753000000", "investmentIncomeNet": "6000000", "netInterestIncome": "-538000000", "interestIncome": "6000000", "interestExpense": "538000000", "nonInterestIncome": "278000000", "otherNonOperatingIncome": "None", "depreciation": "None", "depreciationAndAmortization": "50000000", "incomeBeforeTax": "1783000000", "incomeTaxExpense": "609000000", "interestAndDebtExpense": "564000000", "netIncomeFromContinuingOperations": "1213000000", "comprehensiveIncomeNetOfTax": "1258000000", "ebit": "2386000000", "ebitda": "2371000000", "netIncome": "1174000000"}], "quarterlyReports": [{"fiscalDateEnding": "2021-09-30", "reportedCurrency": "USD", "grossProfit": "1927000000", "totalRevenue": "32181000000", "costOfRevenue": "30254000000", "costofGoodsAndServicesSold": "29563000000", "operatingIncome": "1340000000", "sellingGeneralAndAdministrative": "681000000", "researchAndDevelopment": "None", "operatingExpenses": "681000000", "investmentIncomeNet": "5000000", "netInterestIncome": "-323000000", "interestIncome": "5000000", "interestExpense": "323000000", "nonInterestIncome": "32321000000", "otherNonOperatingIncome": "None", "depreciation": "None", "depreciationAndAmortization": "836000000", "incomeBeforeTax": "676000000", "incomeTaxExpense": "-18000000", "interestAndDebtExpense": "328000000", "netIncomeFromContinuingOperations": "694000000", "comprehensiveIncomeNetOfTax": "690000000", "ebit": "1340000000", "ebitda": "1825000000", "netIncome": "694000000"}, {"fiscalDateEnding": "2021-06-30", "reportedCurrency": "USD", "grossProfit": "1569000000", "totalRevenue": "29427000000", "costOfRevenue": "27858000000", "costofGoodsAndServicesSold": "27177000000", "operatingIncome": "965000000", "sellingGeneralAndAdministrative": "625000000", "researchAndDevelopment": "None", "operatingExpenses": "625000000", "investmentIncomeNet": "2000000", "netInterestIncome": "-318000000", "interestIncome": "2000000", "interestExpense": "318000000", "nonInterestIncome": "29615000000", "otherNonOperatingIncome": "None", "depreciation": "None", "depreciationAndAmortization": "871000000", "incomeBeforeTax": "8517000000", "incomeTaxExpense": "5000000", "interestAndDebtExpense": "372000000", "netIncomeFromContinuingOperations": "298000000", "comprehensiveIncomeNetOfTax": "8683000000", "ebit": "965000000", "ebitda": "9706000000", "netIncome": "8512000000"}, {"fiscalDateEnding": "2021-03-31", "reportedCurrency": "USD", "grossProfit": "821000000", "totalRevenue": "22480000000", "costOfRevenue": "21659000000", "costofGoodsAndServicesSold": "21084000000", "operatingIncome": "217000000", "sellingGeneralAndAdministrative": "575000000", "researchAndDevelopment": "None", "operatingExpenses": "572000000", "investmentIncomeNet": "1000000", "netInterestIncome": "-354000000", "interestIncome": "-353000000", "interestExpense": "354000000", "nonInterestIncome": "22714000000", "otherNonOperatingIncome": "None", "depreciation": "None", "depreciationAndAmortization": "844000000", "incomeBeforeTax": "-208000000", "incomeTaxExpense": "34000000", "interestAndDebtExpense": "353000000", "netIncomeFromContinuingOperations": "-476000000", "comprehensiveIncomeNetOfTax": "-241000000", "ebit": "217000000", "ebitda": "970000000", "netIncome": "-242000000"}, {"fiscalDateEnding": "2020-12-31", "reportedCurrency": "USD", "grossProfit": "17972000000", "totalRevenue": "17972000000", "costOfRevenue": "18428000000", "costofGoodsAndServicesSold": "17216000000", "operatingIncome": "390000000", "sellingGeneralAndAdministrative": "630000000", "researchAndDevelopment": "None", "operatingExpenses": "1139000000", "investmentIncomeNet": "0", "netInterestIncome": "-368000000", "interestIncome": "-333000000", "interestExpense": "368000000", "nonInterestIncome": "17972000000", "otherNonOperatingIncome": "None", "depreciation": "None", "depreciationAndAmortization": "849000000", "incomeBeforeTax": "92000000", "incomeTaxExpense": "-193000000", "interestAndDebtExpense": "333000000", "netIncomeFromContinuingOperations": "250000000", "comprehensiveIncomeNetOfTax": "107000000", "ebit": "390000000", "ebitda": "1275000000", "netIncome": "285000000"}, {"fiscalDateEnding": "2020-09-30", "reportedCurrency": "USD", "grossProfit": "-1021000000", "totalRevenue": "17112000000", "costOfRevenue": "18133000000", "costofGoodsAndServicesSold": "16673000000", "operatingIncome": "-1057000000", "sellingGeneralAndAdministrative": "673000000", "researchAndDevelopment": "None", "operatingExpenses": "1453000000", "investmentIncomeNet": "1000000", "netInterestIncome": "-354000000", "interestIncome": "-343000000", "interestExpense": "354000000", "nonInterestIncome": "17409000000", "otherNonOperatingIncome": "None", "depreciation": "None", "depreciationAndAmortization": "629000000", "incomeBeforeTax": "-1322000000", "incomeTaxExpense": "-436000000", "interestAndDebtExpense": "359000000", "netIncomeFromContinuingOperations": "-1257000000", "comprehensiveIncomeNetOfTax": "-884000000", "ebit": "-1057000000", "ebitda": "-349000000", "netIncome": "-886000000"}, {"fiscalDateEnding": "2020-06-30", "reportedCurrency": "USD", "grossProfit": "304000000", "totalRevenue": "14852000000", "costOfRevenue": "14548000000", "costofGoodsAndServicesSold": "11502000000", "operatingIncome": "575000000", "sellingGeneralAndAdministrative": "665000000", "researchAndDevelopment": "None", "operatingExpenses": "769000000", "investmentIncomeNet": "2000000", "netInterestIncome": "-347000000", "interestIncome": "2000000", "interestExpense": "347000000", "nonInterestIncome": "15026000000", "otherNonOperatingIncome": "None", "depreciation": "None", "depreciationAndAmortization": "935000000", "incomeBeforeTax": "369000000", "incomeTaxExpense": "150000000", "interestAndDebtExpense": "341000000", "netIncomeFromContinuingOperations": "276000000", "comprehensiveIncomeNetOfTax": "-1000000", "ebit": "575000000", "ebitda": "1642000000", "netIncome": "9000000"}, {"fiscalDateEnding": "2020-03-31", "reportedCurrency": "USD", "grossProfit": "-6353000000", "totalRevenue": "25108000000", "costOfRevenue": "31461000000", "costofGoodsAndServicesSold": "20342000000", "operatingIncome": "-12155000000", "sellingGeneralAndAdministrative": "742000000", "researchAndDevelopment": "None", "operatingExpenses": "8639000000", "investmentIncomeNet": "6000000", "netInterestIncome": "-347000000", "interestIncome": "6000000", "interestExpense": "347000000", "nonInterestIncome": "25219000000", "otherNonOperatingIncome": "None", "depreciation": "None", "depreciationAndAmortization": "962000000", "incomeBeforeTax": "-11185000000", "incomeTaxExpense": "-1951000000", "interestAndDebtExpense": "332000000", "netIncomeFromContinuingOperations": "-10218000000", "comprehensiveIncomeNetOfTax": "-9240000000", "ebit": "-12155000000", "ebitda": "-9888000000", "netIncome": "-9234000000"}, {"fiscalDateEnding": "2019-12-31", "reportedCurrency": "USD", "grossProfit": "31092000000", "totalRevenue": "31092000000", "costOfRevenue": "29678000000", "costofGoodsAndServicesSold": "24602000000", "operatingIncome": "558000000", "sellingGeneralAndAdministrative": "779000000", "researchAndDevelopment": "None", "operatingExpenses": "2292000000", "investmentIncomeNet": "10000000", "netInterestIncome": "-326000000", "interestIncome": "10000000", "interestExpense": "326000000", "nonInterestIncome": "28008000000", "otherNonOperatingIncome": "None", "depreciation": "None", "depreciationAndAmortization": "390000000", "incomeBeforeTax": "627000000", "incomeTaxExpense": "184000000", "interestAndDebtExpense": "297000000", "netIncomeFromContinuingOperations": "841000000", "comprehensiveIncomeNetOfTax": "335000000", "ebit": "558000000", "ebitda": "1343000000", "netIncome": "443000000"}, {"fiscalDateEnding": "2019-09-30", "reportedCurrency": "USD", "grossProfit": "2779000000", "totalRevenue": "31043000000", "costOfRevenue": "28150000000", "costofGoodsAndServicesSold": "24345000000", "operatingIncome": "1680000000", "sellingGeneralAndAdministrative": "761000000", "researchAndDevelopment": "None", "operatingExpenses": "846000000", "investmentIncomeNet": "12000000", "netInterestIncome": "-335000000", "interestIncome": "12000000", "interestExpense": "335000000", "nonInterestIncome": "31047000000", "otherNonOperatingIncome": "None", "depreciation": "None", "depreciationAndAmortization": "17000000", "incomeBeforeTax": "1350000000", "incomeTaxExpense": "255000000", "interestAndDebtExpense": "312000000", "netIncomeFromContinuingOperations": "1367000000", "comprehensiveIncomeNetOfTax": "1044000000", "ebit": "1680000000", "ebitda": "1702000000", "netIncome": "1095000000"}, {"fiscalDateEnding": "2019-06-30", "reportedCurrency": "USD", "grossProfit": "2829000000", "totalRevenue": "33547000000", "costOfRevenue": "30601000000", "costofGoodsAndServicesSold": "29682000000", "operatingIncome": "1698000000", "sellingGeneralAndAdministrative": "886000000", "researchAndDevelopment": "None", "operatingExpenses": "915000000", "investmentIncomeNet": "9000000", "netInterestIncome": "-337000000", "interestIncome": "9000000", "interestExpense": "337000000", "nonInterestIncome": "33551000000", "otherNonOperatingIncome": "None", "depreciation": "None", "depreciationAndAmortization": "15000000", "incomeBeforeTax": "1459000000", "incomeTaxExpense": "353000000", "interestAndDebtExpense": "322000000", "netIncomeFromContinuingOperations": "1367000000", "comprehensiveIncomeNetOfTax": "1096000000", "ebit": "1698000000", "ebitda": "1811000000", "netIncome": "1106000000"}, {"fiscalDateEnding": "2019-03-31", "reportedCurrency": "USD", "grossProfit": "1621000000", "totalRevenue": "28267000000", "costOfRevenue": "26637000000", "costofGoodsAndServicesSold": "25960000000", "operatingIncome": "526000000", "sellingGeneralAndAdministrative": "867000000", "researchAndDevelopment": "None", "operatingExpenses": "667000000", "investmentIncomeNet": "9000000", "netInterestIncome": "-318000000", "interestIncome": "-299000000", "interestExpense": "318000000", "nonInterestIncome": "28355000000", "otherNonOperatingIncome": "None", "depreciation": "None", "depreciationAndAmortization": "14000000", "incomeBeforeTax": "97000000", "incomeTaxExpense": "104000000", "interestAndDebtExpense": "306000000", "netIncomeFromContinuingOperations": "259000000", "comprehensiveIncomeNetOfTax": "-14000000", "ebit": "526000000", "ebitda": "429000000", "netIncome": "-7000000"}, {"fiscalDateEnding": "2018-12-31", "reportedCurrency": "USD", "grossProfit": "32333000000", "totalRevenue": "32333000000", "costOfRevenue": "29393000000", "costofGoodsAndServicesSold": "19275000000", "operatingIncome": "2017000000", "sellingGeneralAndAdministrative": "1005000000", "researchAndDevelopment": "None", "operatingExpenses": "1264000000", "investmentIncomeNet": "16000000", "netInterestIncome": "-335000000", "interestIncome": "None", "interestExpense": "335000000", "nonInterestIncome": "32329000000", "otherNonOperatingIncome": "None", "depreciation": "None", "depreciationAndAmortization": "874000000", "incomeBeforeTax": "1190000000", "incomeTaxExpense": "239000000", "interestAndDebtExpense": "375000000", "netIncomeFromContinuingOperations": "2017000000", "comprehensiveIncomeNetOfTax": "975000000", "ebit": "2017000000", "ebitda": "2588000000", "netIncome": "951000000"}, {"fiscalDateEnding": "2018-09-30", "reportedCurrency": "USD", "grossProfit": "1913000000", "totalRevenue": "22988000000", "costOfRevenue": "20902000000", "costofGoodsAndServicesSold": "20606000000", "operatingIncome": "1403000000", "sellingGeneralAndAdministrative": "445000000", "researchAndDevelopment": "None", "operatingExpenses": "444000000", "investmentIncomeNet": "26000000", "netInterestIncome": "-221000000", "interestIncome": "None", "interestExpense": "221000000", "nonInterestIncome": "22788000000", "otherNonOperatingIncome": "None", "depreciation": "None", "depreciationAndAmortization": "555000000", "incomeBeforeTax": "959000000", "incomeTaxExpense": "222000000", "interestAndDebtExpense": "240000000", "netIncomeFromContinuingOperations": "941000000", "comprehensiveIncomeNetOfTax": "802000000", "ebit": "1403000000", "ebitda": "1726000000", "netIncome": "737000000"}, {"fiscalDateEnding": "2018-06-30", "reportedCurrency": "USD", "grossProfit": "2204000000", "totalRevenue": "22317000000", "costOfRevenue": "19941000000", "costofGoodsAndServicesSold": "19655000000", "operatingIncome": "1711000000", "sellingGeneralAndAdministrative": "424000000", "researchAndDevelopment": "None", "operatingExpenses": "421000000", "investmentIncomeNet": "25000000", "netInterestIncome": "-220000000", "interestIncome": "None", "interestExpense": "220000000", "nonInterestIncome": "22121000000", "otherNonOperatingIncome": "None", "depreciation": "None", "depreciationAndAmortization": "533000000", "incomeBeforeTax": "1336000000", "incomeTaxExpense": "281000000", "interestAndDebtExpense": "195000000", "netIncomeFromContinuingOperations": "1235000000", "comprehensiveIncomeNetOfTax": "1055000000", "ebit": "1711000000", "ebitda": "2082000000", "netIncome": "1055000000"}, {"fiscalDateEnding": "2018-03-31", "reportedCurrency": "USD", "grossProfit": "923000000", "totalRevenue": "18866000000", "costOfRevenue": "17776000000", "costofGoodsAndServicesSold": "17370000000", "operatingIncome": "440000000", "sellingGeneralAndAdministrative": "402000000", "researchAndDevelopment": "None", "operatingExpenses": "400000000", "investmentIncomeNet": "20000000", "netInterestIncome": "-195000000", "interestIncome": "None", "interestExpense": "195000000", "nonInterestIncome": "-2000000", "otherNonOperatingIncome": "None", "depreciation": "None", "depreciationAndAmortization": "528000000", "incomeBeforeTax": "59000000", "incomeTaxExpense": "22000000", "interestAndDebtExpense": "183000000", "netIncomeFromContinuingOperations": "235000000", "comprehensiveIncomeNetOfTax": "35000000", "ebit": "440000000", "ebitda": "782000000", "netIncome": "37000000"}, {"fiscalDateEnding": "2017-12-31", "reportedCurrency": "USD", "grossProfit": "21055000000", "totalRevenue": "21055000000", "costOfRevenue": "19371000000", "costofGoodsAndServicesSold": "19425000000", "operatingIncome": "1168000000", "sellingGeneralAndAdministrative": "408000000", "researchAndDevelopment": "None", "operatingExpenses": "511000000", "investmentIncomeNet": "11000000", "netInterestIncome": "-164000000", "interestIncome": "None", "interestExpense": "164000000", "nonInterestIncome": "216000000", "otherNonOperatingIncome": "None", "depreciation": "None", "depreciationAndAmortization": "540000000", "incomeBeforeTax": "850000000", "incomeTaxExpense": "-1166000000", "interestAndDebtExpense": "209000000", "netIncomeFromContinuingOperations": "1119000000", "comprehensiveIncomeNetOfTax": "2024000000", "ebit": "1168000000", "ebitda": "1554000000", "netIncome": "2016000000"}, {"fiscalDateEnding": "2017-09-30", "reportedCurrency": "USD", "grossProfit": "2109000000", "totalRevenue": "19210000000", "costOfRevenue": "17035000000", "costofGoodsAndServicesSold": "16617000000", "operatingIncome": "1577000000", "sellingGeneralAndAdministrative": "411000000", "researchAndDevelopment": "None", "operatingExpenses": "412000000", "investmentIncomeNet": "7000000", "netInterestIncome": "-158000000", "interestIncome": "None", "interestExpense": "158000000", "nonInterestIncome": "19053000000", "otherNonOperatingIncome": "None", "depreciation": "None", "depreciationAndAmortization": "517000000", "incomeBeforeTax": "1318000000", "incomeTaxExpense": "415000000", "interestAndDebtExpense": "158000000", "netIncomeFromContinuingOperations": "1004000000", "comprehensiveIncomeNetOfTax": "900000000", "ebit": "1577000000", "ebitda": "1993000000", "netIncome": "903000000"}, {"fiscalDateEnding": "2017-06-30", "reportedCurrency": "USD", "grossProfit": "1523000000", "totalRevenue": "18180000000", "costOfRevenue": "16593000000", "costofGoodsAndServicesSold": "16101000000", "operatingIncome": "982000000", "sellingGeneralAndAdministrative": "485000000", "researchAndDevelopment": "None", "operatingExpenses": "478000000", "investmentIncomeNet": "4000000", "netInterestIncome": "-155000000", "interestIncome": "None", "interestExpense": "155000000", "nonInterestIncome": "7000000", "otherNonOperatingIncome": "None", "depreciation": "None", "depreciationAndAmortization": "521000000", "incomeBeforeTax": "733000000", "incomeTaxExpense": "250000000", "interestAndDebtExpense": "158000000", "netIncomeFromContinuingOperations": "574000000", "comprehensiveIncomeNetOfTax": "484000000", "ebit": "982000000", "ebitda": "1409000000", "netIncome": "483000000"}, {"fiscalDateEnding": "2017-03-31", "reportedCurrency": "USD", "grossProfit": "1000000000", "totalRevenue": "16288000000", "costOfRevenue": "15342000000", "costofGoodsAndServicesSold": "14946000000", "operatingIncome": "291000000", "sellingGeneralAndAdministrative": "390000000", "researchAndDevelopment": "None", "operatingExpenses": "384000000", "investmentIncomeNet": "5000000", "netInterestIncome": "-148000000", "interestIncome": "None", "interestExpense": "148000000", "nonInterestIncome": "5000000", "otherNonOperatingIncome": "None", "depreciation": "None", "depreciationAndAmortization": "536000000", "incomeBeforeTax": "71000000", "incomeTaxExpense": "41000000", "interestAndDebtExpense": "149000000", "netIncomeFromContinuingOperations": "101000000", "comprehensiveIncomeNetOfTax": "27000000", "ebit": "291000000", "ebitda": "755000000", "netIncome": "30000000"}, {"fiscalDateEnding": "2016-12-31", "reportedCurrency": "USD", "grossProfit": "17155000000", "totalRevenue": "17155000000", "costOfRevenue": "16031000000", "costofGoodsAndServicesSold": "15568000000", "operatingIncome": "553000000", "sellingGeneralAndAdministrative": "398000000", "researchAndDevelopment": "None", "operatingExpenses": "450000000", "investmentIncomeNet": "1000000", "netInterestIncome": "-130000000", "interestIncome": "None", "interestExpense": "130000000", "nonInterestIncome": "252000000", "otherNonOperatingIncome": "None", "depreciation": "None", "depreciationAndAmortization": "504000000", "incomeBeforeTax": "355000000", "incomeTaxExpense": "128000000", "interestAndDebtExpense": "144000000", "netIncomeFromContinuingOperations": "553000000", "comprehensiveIncomeNetOfTax": "320000000", "ebit": "553000000", "ebitda": "989000000", "netIncome": "227000000"}]}