{"symbol": "MRK", "annualReports": [{"fiscalDateEnding": "2020-12-31", "reportedCurrency": "USD", "grossProfit": "18184000000", "totalRevenue": "47994000000", "costOfRevenue": "29810000000", "costofGoodsAndServicesSold": "15485000000", "operatingIncome": "-10038000000", "sellingGeneralAndAdministrative": "10468000000", "researchAndDevelopment": "13558000000", "operatingExpenses": "28222000000", "investmentIncomeNet": "59000000", "netInterestIncome": "-831000000", "interestIncome": "59000000", "interestExpense": "831000000", "nonInterestIncome": "-145000000", "otherNonOperatingIncome": "886000000", "depreciation": "1726000000", "depreciationAndAmortization": "1900000000", "incomeBeforeTax": "8776000000", "incomeTaxExpense": "1709000000", "interestAndDebtExpense": "831000000", "netIncomeFromContinuingOperations": "7082000000", "comprehensiveIncomeNetOfTax": "6626000000", "ebit": "9607000000", "ebitda": "11507000000", "netIncome": "7067000000"}, {"fiscalDateEnding": "2019-12-31", "reportedCurrency": "USD", "grossProfit": "18980000000", "totalRevenue": "46840000000", "costOfRevenue": "27860000000", "costofGoodsAndServicesSold": "14112000000", "operatingIncome": "-5185000000", "sellingGeneralAndAdministrative": "10615000000", "researchAndDevelopment": "9872000000", "operatingExpenses": "24165000000", "investmentIncomeNet": "274000000", "netInterestIncome": "-893000000", "interestIncome": "274000000", "interestExpense": "893000000", "nonInterestIncome": "-187000000", "otherNonOperatingIncome": "-139000000", "depreciation": "1679000000", "depreciationAndAmortization": "2000000000", "incomeBeforeTax": "11530000000", "incomeTaxExpense": "1687000000", "interestAndDebtExpense": "893000000", "netIncomeFromContinuingOperations": "9777000000", "comprehensiveIncomeNetOfTax": "9195000000", "ebit": "12423000000", "ebitda": "14423000000", "netIncome": "9843000000"}, {"fiscalDateEnding": "2018-12-31", "reportedCurrency": "USD", "grossProfit": "15367000000", "totalRevenue": "42294000000", "costOfRevenue": "26927000000", "costofGoodsAndServicesSold": "13509000000", "operatingIncome": "-8315000000", "sellingGeneralAndAdministrative": "10102000000", "researchAndDevelopment": "9752000000", "operatingExpenses": "23682000000", "investmentIncomeNet": "343000000", "netInterestIncome": "-772000000", "interestIncome": "343000000", "interestExpense": "772000000", "nonInterestIncome": "-145000000", "otherNonOperatingIncome": "402000000", "depreciation": "1416000000", "depreciationAndAmortization": "2900000000", "incomeBeforeTax": "8728000000", "incomeTaxExpense": "2508000000", "interestAndDebtExpense": "772000000", "netIncomeFromContinuingOperations": "6193000000", "comprehensiveIncomeNetOfTax": "5859000000", "ebit": "9500000000", "ebitda": "12400000000", "netIncome": "6220000000"}, {"fiscalDateEnding": "2017-12-31", "reportedCurrency": "USD", "grossProfit": "11961000000", "totalRevenue": "40122000000", "costOfRevenue": "27227000000", "costofGoodsAndServicesSold": "12912000000", "operatingIncome": "-12699000000", "sellingGeneralAndAdministrative": "10074000000", "researchAndDevelopment": "10339000000", "operatingExpenses": "24660000000", "investmentIncomeNet": "385000000", "netInterestIncome": "-754000000", "interestIncome": "385000000", "interestExpense": "754000000", "nonInterestIncome": "-180000000", "otherNonOperatingIncome": "500000000", "depreciation": "1500000000", "depreciationAndAmortization": "3200000000", "incomeBeforeTax": "6497000000", "incomeTaxExpense": "4103000000", "interestAndDebtExpense": "945000000", "netIncomeFromContinuingOperations": "2418000000", "comprehensiveIncomeNetOfTax": "2710000000", "ebit": "7251000000", "ebitda": "10451000000", "netIncome": "2394000000"}, {"fiscalDateEnding": "2016-12-31", "reportedCurrency": "USD", "grossProfit": "6888000000", "totalRevenue": "39807000000", "costOfRevenue": "32052000000", "costofGoodsAndServicesSold": "14030000000", "operatingIncome": "-22022000000", "sellingGeneralAndAdministrative": "10017000000", "researchAndDevelopment": "10261000000", "operatingExpenses": "28910000000", "investmentIncomeNet": "328000000", "netInterestIncome": "-693000000", "interestIncome": "328000000", "interestExpense": "693000000", "nonInterestIncome": "-174000000", "otherNonOperatingIncome": "-189000000", "depreciation": "1600000000", "depreciationAndAmortization": "3800000000", "incomeBeforeTax": "4638000000", "incomeTaxExpense": "718000000", "interestAndDebtExpense": "693000000", "netIncomeFromContinuingOperations": "3941000000", "comprehensiveIncomeNetOfTax": "2842000000", "ebit": "5331000000", "ebitda": "9131000000", "netIncome": "3920000000"}], "quarterlyReports": [{"fiscalDateEnding": "2021-09-30", "reportedCurrency": "USD", "grossProfit": "7221000000", "totalRevenue": "13154000000", "costOfRevenue": "5933000000", "costofGoodsAndServicesSold": "3450000000", "operatingIncome": "2333000000", "sellingGeneralAndAdministrative": "2336000000", "researchAndDevelopment": "2445000000", "operatingExpenses": "4888000000", "investmentIncomeNet": "7000000", "netInterestIncome": "-196000000", "interestIncome": "684000000", "interestExpense": "196000000", "nonInterestIncome": "-46000000", "otherNonOperatingIncome": "450000000", "depreciation": "399000000", "depreciationAndAmortization": "759000000", "incomeBeforeTax": "5262000000", "incomeTaxExpense": "695000000", "interestAndDebtExpense": "196000000", "netIncomeFromContinuingOperations": "4567000000", "comprehensiveIncomeNetOfTax": "4605000000", "ebit": "5458000000", "ebitda": "6217000000", "netIncome": "4567000000"}, {"fiscalDateEnding": "2021-06-30", "reportedCurrency": "USD", "grossProfit": "6045000000", "totalRevenue": "11402000000", "costOfRevenue": "5357000000", "costofGoodsAndServicesSold": "3104000000", "operatingIncome": "-639000000", "sellingGeneralAndAdministrative": "2281000000", "researchAndDevelopment": "4321000000", "operatingExpenses": "6684000000", "investmentIncomeNet": "9000000", "netInterestIncome": "-202000000", "interestIncome": "9000000", "interestExpense": "202000000", "nonInterestIncome": "-114000000", "otherNonOperatingIncome": "103000000", "depreciation": "353000000", "depreciationAndAmortization": "690000000", "incomeBeforeTax": "2048000000", "incomeTaxExpense": "503000000", "interestAndDebtExpense": "202000000", "netIncomeFromContinuingOperations": "1213000000", "comprehensiveIncomeNetOfTax": "3090000000", "ebit": "2250000000", "ebitda": "2940000000", "netIncome": "1545000000"}, {"fiscalDateEnding": "2021-03-31", "reportedCurrency": "USD", "grossProfit": "5568000000", "totalRevenue": "12080000000", "costOfRevenue": "6512000000", "costofGoodsAndServicesSold": "3670000000", "operatingIncome": "172000000", "sellingGeneralAndAdministrative": "2633000000", "researchAndDevelopment": "2465000000", "operatingExpenses": "5396000000", "investmentIncomeNet": "11000000", "netInterestIncome": "-200000000", "interestIncome": "11000000", "interestExpense": "200000000", "nonInterestIncome": "-47000000", "otherNonOperatingIncome": "448000000", "depreciation": "396000000", "depreciationAndAmortization": "930000000", "incomeBeforeTax": "3455000000", "incomeTaxExpense": "276000000", "interestAndDebtExpense": "200000000", "netIncomeFromContinuingOperations": "2745000000", "comprehensiveIncomeNetOfTax": "3191000000", "ebit": "3655000000", "ebitda": "4585000000", "netIncome": "3179000000"}, {"fiscalDateEnding": "2020-12-31", "reportedCurrency": "USD", "grossProfit": "85000000", "totalRevenue": "12515000000", "costOfRevenue": "12430000000", "costofGoodsAndServicesSold": "5533000000", "operatingIncome": "-12729000000", "sellingGeneralAndAdministrative": "3085000000", "researchAndDevelopment": "5837000000", "operatingExpenses": "12814000000", "investmentIncomeNet": "11000000", "netInterestIncome": "-207000000", "interestIncome": "11000000", "interestExpense": "207000000", "nonInterestIncome": "-56000000", "otherNonOperatingIncome": "256000000", "depreciation": "516000000", "depreciationAndAmortization": "904000000", "incomeBeforeTax": "-1996000000", "incomeTaxExpense": "98000000", "interestAndDebtExpense": "207000000", "netIncomeFromContinuingOperations": "-2091000000", "comprehensiveIncomeNetOfTax": "-2345000000", "ebit": "-1789000000", "ebitda": "-885000000", "netIncome": "-2094000000"}, {"fiscalDateEnding": "2020-09-30", "reportedCurrency": "USD", "grossProfit": "6594000000", "totalRevenue": "10929000000", "costOfRevenue": "5957000000", "costofGoodsAndServicesSold": "3013000000", "operatingIncome": "640000000", "sellingGeneralAndAdministrative": "2060000000", "researchAndDevelopment": "3349000000", "operatingExpenses": "5954000000", "investmentIncomeNet": "9000000", "netInterestIncome": "-203000000", "interestIncome": "156000000", "interestExpense": "203000000", "nonInterestIncome": "-10000000", "otherNonOperatingIncome": "312000000", "depreciation": "402000000", "depreciationAndAmortization": "852000000", "incomeBeforeTax": "3424000000", "incomeTaxExpense": "380000000", "interestAndDebtExpense": "203000000", "netIncomeFromContinuingOperations": "2324000000", "comprehensiveIncomeNetOfTax": "2951000000", "ebit": "3627000000", "ebitda": "4479000000", "netIncome": "2941000000"}, {"fiscalDateEnding": "2020-06-30", "reportedCurrency": "USD", "grossProfit": "5332000000", "totalRevenue": "9353000000", "costOfRevenue": "5540000000", "costofGoodsAndServicesSold": "2747000000", "operatingIncome": "748000000", "sellingGeneralAndAdministrative": "2085000000", "researchAndDevelopment": "2085000000", "operatingExpenses": "4584000000", "investmentIncomeNet": "14000000", "netInterestIncome": "-209000000", "interestIncome": "14000000", "interestExpense": "209000000", "nonInterestIncome": "-24000000", "otherNonOperatingIncome": "387000000", "depreciation": "397000000", "depreciationAndAmortization": "1048000000", "incomeBeforeTax": "3511000000", "incomeTaxExpense": "396000000", "interestAndDebtExpense": "209000000", "netIncomeFromContinuingOperations": "2341000000", "comprehensiveIncomeNetOfTax": "3000000000", "ebit": "3720000000", "ebitda": "4768000000", "netIncome": "3002000000"}, {"fiscalDateEnding": "2020-03-31", "reportedCurrency": "USD", "grossProfit": "6208000000", "totalRevenue": "12057000000", "costOfRevenue": "5849000000", "costofGoodsAndServicesSold": "3312000000", "operatingIncome": "1372000000", "sellingGeneralAndAdministrative": "2555000000", "researchAndDevelopment": "2209000000", "operatingExpenses": "4836000000", "investmentIncomeNet": "25000000", "netInterestIncome": "-212000000", "interestIncome": "25000000", "interestExpense": "212000000", "nonInterestIncome": "-54000000", "otherNonOperatingIncome": "-71000000", "depreciation": "411000000", "depreciationAndAmortization": "821000000", "incomeBeforeTax": "3838000000", "incomeTaxExpense": "619000000", "interestAndDebtExpense": "212000000", "netIncomeFromContinuingOperations": "2471000000", "comprehensiveIncomeNetOfTax": "3021000000", "ebit": "4050000000", "ebitda": "4871000000", "netIncome": "3219000000"}, {"fiscalDateEnding": "2019-12-31", "reportedCurrency": "USD", "grossProfit": "3076000000", "totalRevenue": "11868000000", "costOfRevenue": "8792000000", "costofGoodsAndServicesSold": "3669000000", "operatingIncome": "-4731000000", "sellingGeneralAndAdministrative": "2889000000", "researchAndDevelopment": "2548000000", "operatingExpenses": "7807000000", "investmentIncomeNet": "49000000", "netInterestIncome": "-219000000", "interestIncome": "49000000", "interestExpense": "219000000", "nonInterestIncome": "-21000000", "otherNonOperatingIncome": "223000000", "depreciation": "None", "depreciationAndAmortization": "936000000", "incomeBeforeTax": "2784000000", "incomeTaxExpense": "428000000", "interestAndDebtExpense": "219000000", "netIncomeFromContinuingOperations": "2363000000", "comprehensiveIncomeNetOfTax": "1553000000", "ebit": "3003000000", "ebitda": "3939000000", "netIncome": "2356000000"}, {"fiscalDateEnding": "2019-09-30", "reportedCurrency": "USD", "grossProfit": "5102000000", "totalRevenue": "12397000000", "costOfRevenue": "7295000000", "costofGoodsAndServicesSold": "3990000000", "operatingIncome": "-1535000000", "sellingGeneralAndAdministrative": "2589000000", "researchAndDevelopment": "3204000000", "operatingExpenses": "6637000000", "investmentIncomeNet": "61000000", "netInterestIncome": "-231000000", "interestIncome": "61000000", "interestExpense": "231000000", "nonInterestIncome": "-38000000", "otherNonOperatingIncome": "-35000000", "depreciation": "None", "depreciationAndAmortization": "845000000", "incomeBeforeTax": "2341000000", "incomeTaxExpense": "440000000", "interestAndDebtExpense": "231000000", "netIncomeFromContinuingOperations": "1907000000", "comprehensiveIncomeNetOfTax": "1873000000", "ebit": "2572000000", "ebitda": "3417000000", "netIncome": "1901000000"}, {"fiscalDateEnding": "2019-06-30", "reportedCurrency": "USD", "grossProfit": "5650000000", "totalRevenue": "11760000000", "costOfRevenue": "6110000000", "costofGoodsAndServicesSold": "3401000000", "operatingIncome": "612000000", "sellingGeneralAndAdministrative": "2712000000", "researchAndDevelopment": "2189000000", "operatingExpenses": "5038000000", "investmentIncomeNet": "75000000", "netInterestIncome": "-233000000", "interestIncome": "75000000", "interestExpense": "233000000", "nonInterestIncome": "-27000000", "otherNonOperatingIncome": "-140000000", "depreciation": "None", "depreciationAndAmortization": "973000000", "incomeBeforeTax": "3285000000", "incomeTaxExpense": "615000000", "interestAndDebtExpense": "233000000", "netIncomeFromContinuingOperations": "2644000000", "comprehensiveIncomeNetOfTax": "2654000000", "ebit": "3518000000", "ebitda": "4491000000", "netIncome": "2670000000"}, {"fiscalDateEnding": "2019-03-31", "reportedCurrency": "USD", "grossProfit": "5223000000", "totalRevenue": "10816000000", "costOfRevenue": "5593000000", "costofGoodsAndServicesSold": "3052000000", "operatingIncome": "610000000", "sellingGeneralAndAdministrative": "2425000000", "researchAndDevelopment": "1931000000", "operatingExpenses": "4613000000", "investmentIncomeNet": "89000000", "netInterestIncome": "-209000000", "interestIncome": "-246000000", "interestExpense": "209000000", "nonInterestIncome": "-101000000", "otherNonOperatingIncome": "-188000000", "depreciation": "None", "depreciationAndAmortization": "898000000", "incomeBeforeTax": "3120000000", "incomeTaxExpense": "205000000", "interestAndDebtExpense": "209000000", "netIncomeFromContinuingOperations": "2862000000", "comprehensiveIncomeNetOfTax": "3114000000", "ebit": "3329000000", "ebitda": "4227000000", "netIncome": "2915000000"}, {"fiscalDateEnding": "2018-12-31", "reportedCurrency": "USD", "grossProfit": "1860000000", "totalRevenue": "10998000000", "costOfRevenue": "9138000000", "costofGoodsAndServicesSold": "3289000000", "operatingIncome": "-6331000000", "sellingGeneralAndAdministrative": "2643000000", "researchAndDevelopment": "2214000000", "operatingExpenses": "8191000000", "investmentIncomeNet": "86000000", "netInterestIncome": "-203000000", "interestIncome": "None", "interestExpense": "203000000", "nonInterestIncome": "-26000000", "otherNonOperatingIncome": "-110000000", "depreciation": "None", "depreciationAndAmortization": "1095000000", "incomeBeforeTax": "2653000000", "incomeTaxExpense": "826000000", "interestAndDebtExpense": "203000000", "netIncomeFromContinuingOperations": "1778000000", "comprehensiveIncomeNetOfTax": "1433000000", "ebit": "2856000000", "ebitda": "3951000000", "netIncome": "1827000000"}, {"fiscalDateEnding": "2018-09-30", "reportedCurrency": "USD", "grossProfit": "4680000000", "totalRevenue": "10794000000", "costOfRevenue": "6114000000", "costofGoodsAndServicesSold": "3619000000", "operatingIncome": "-2000000", "sellingGeneralAndAdministrative": "2443000000", "researchAndDevelopment": "2068000000", "operatingExpenses": "4682000000", "investmentIncomeNet": "92000000", "netInterestIncome": "-190000000", "interestIncome": "None", "interestExpense": "190000000", "nonInterestIncome": "-42000000", "otherNonOperatingIncome": "172000000", "depreciation": "None", "depreciationAndAmortization": "1061000000", "incomeBeforeTax": "2657000000", "incomeTaxExpense": "707000000", "interestAndDebtExpense": "190000000", "netIncomeFromContinuingOperations": "1958000000", "comprehensiveIncomeNetOfTax": "1921000000", "ebit": "2847000000", "ebitda": "3908000000", "netIncome": "1950000000"}, {"fiscalDateEnding": "2018-06-30", "reportedCurrency": "USD", "grossProfit": "4442000000", "totalRevenue": "10465000000", "costOfRevenue": "6023000000", "costofGoodsAndServicesSold": "3417000000", "operatingIncome": "-568000000", "sellingGeneralAndAdministrative": "2508000000", "researchAndDevelopment": "2274000000", "operatingExpenses": "5010000000", "investmentIncomeNet": "81000000", "netInterestIncome": "-194000000", "interestIncome": "None", "interestExpense": "194000000", "nonInterestIncome": "-71000000", "otherNonOperatingIncome": "48000000", "depreciation": "None", "depreciationAndAmortization": "1226000000", "incomeBeforeTax": "2077000000", "incomeTaxExpense": "370000000", "interestAndDebtExpense": "194000000", "netIncomeFromContinuingOperations": "1716000000", "comprehensiveIncomeNetOfTax": "1645000000", "ebit": "2271000000", "ebitda": "3497000000", "netIncome": "1707000000"}, {"fiscalDateEnding": "2018-03-31", "reportedCurrency": "USD", "grossProfit": "4058000000", "totalRevenue": "10037000000", "costOfRevenue": "5787000000", "costofGoodsAndServicesSold": "3184000000", "operatingIncome": "-1741000000", "sellingGeneralAndAdministrative": "2508000000", "researchAndDevelopment": "3196000000", "operatingExpenses": "5799000000", "investmentIncomeNet": "85000000", "netInterestIncome": "-185000000", "interestIncome": "None", "interestExpense": "185000000", "nonInterestIncome": "-7000000", "otherNonOperatingIncome": "291000000", "depreciation": "None", "depreciationAndAmortization": "1137000000", "incomeBeforeTax": "1340000000", "incomeTaxExpense": "604000000", "interestAndDebtExpense": "185000000", "netIncomeFromContinuingOperations": "741000000", "comprehensiveIncomeNetOfTax": "860000000", "ebit": "1525000000", "ebitda": "2662000000", "netIncome": "736000000"}, {"fiscalDateEnding": "2017-12-31", "reportedCurrency": "USD", "grossProfit": "307000000", "totalRevenue": "10433000000", "costOfRevenue": "9761000000", "costofGoodsAndServicesSold": "3440000000", "operatingIncome": "-8329000000", "sellingGeneralAndAdministrative": "2642000000", "researchAndDevelopment": "2315000000", "operatingExpenses": "8636000000", "investmentIncomeNet": "101000000", "netInterestIncome": "-190000000", "interestIncome": "None", "interestExpense": "190000000", "nonInterestIncome": "-175000000", "otherNonOperatingIncome": "149000000", "depreciation": "None", "depreciationAndAmortization": "1128000000", "incomeBeforeTax": "1871000000", "incomeTaxExpense": "2917000000", "interestAndDebtExpense": "381000000", "netIncomeFromContinuingOperations": "-1038000000", "comprehensiveIncomeNetOfTax": "-1011000000", "ebit": "2061000000", "ebitda": "3189000000", "netIncome": "-1046000000"}, {"fiscalDateEnding": "2017-09-30", "reportedCurrency": "USD", "grossProfit": "4069000000", "totalRevenue": "10325000000", "costOfRevenue": "6073000000", "costofGoodsAndServicesSold": "3307000000", "operatingIncome": "-3113000000", "sellingGeneralAndAdministrative": "2459000000", "researchAndDevelopment": "4413000000", "operatingExpenses": "7182000000", "investmentIncomeNet": "90000000", "netInterestIncome": "-189000000", "interestIncome": "None", "interestExpense": "189000000", "nonInterestIncome": "6000000", "otherNonOperatingIncome": "207000000", "depreciation": "None", "depreciationAndAmortization": "1154000000", "incomeBeforeTax": "195000000", "incomeTaxExpense": "251000000", "interestAndDebtExpense": "189000000", "netIncomeFromContinuingOperations": "-51000000", "comprehensiveIncomeNetOfTax": "93000000", "ebit": "384000000", "ebitda": "1538000000", "netIncome": "-56000000"}, {"fiscalDateEnding": "2017-06-30", "reportedCurrency": "USD", "grossProfit": "4034000000", "totalRevenue": "9930000000", "costOfRevenue": "5684000000", "costofGoodsAndServicesSold": "3116000000", "operatingIncome": "-319000000", "sellingGeneralAndAdministrative": "2500000000", "researchAndDevelopment": "1782000000", "operatingExpenses": "4353000000", "investmentIncomeNet": "96000000", "netInterestIncome": "-193000000", "interestIncome": "None", "interestExpense": "193000000", "nonInterestIncome": "-19000000", "otherNonOperatingIncome": "73000000", "depreciation": "None", "depreciationAndAmortization": "1162000000", "incomeBeforeTax": "2434000000", "incomeTaxExpense": "488000000", "interestAndDebtExpense": "193000000", "netIncomeFromContinuingOperations": "1951000000", "comprehensiveIncomeNetOfTax": "1932000000", "ebit": "2627000000", "ebitda": "3789000000", "netIncome": "1946000000"}, {"fiscalDateEnding": "2017-03-31", "reportedCurrency": "USD", "grossProfit": "3603000000", "totalRevenue": "9435000000", "costOfRevenue": "5657000000", "costofGoodsAndServicesSold": "3049000000", "operatingIncome": "-835000000", "sellingGeneralAndAdministrative": "2472000000", "researchAndDevelopment": "1830000000", "operatingExpenses": "4438000000", "investmentIncomeNet": "97000000", "netInterestIncome": "-182000000", "interestIncome": "None", "interestExpense": "182000000", "nonInterestIncome": "8000000", "otherNonOperatingIncome": "71000000", "depreciation": "None", "depreciationAndAmortization": "1193000000", "incomeBeforeTax": "1998000000", "incomeTaxExpense": "447000000", "interestAndDebtExpense": "182000000", "netIncomeFromContinuingOperations": "1556000000", "comprehensiveIncomeNetOfTax": "1697000000", "ebit": "2180000000", "ebitda": "3373000000", "netIncome": "1551000000"}, {"fiscalDateEnding": "2016-12-31", "reportedCurrency": "USD", "grossProfit": "-3526000000", "totalRevenue": "10707000000", "costOfRevenue": "13366000000", "costofGoodsAndServicesSold": "3471000000", "operatingIncome": "-18951000000", "sellingGeneralAndAdministrative": "2848000000", "researchAndDevelopment": "4786000000", "operatingExpenses": "15425000000", "investmentIncomeNet": "84000000", "netInterestIncome": "-180000000", "interestIncome": "None", "interestExpense": "180000000", "nonInterestIncome": "-95000000", "otherNonOperatingIncome": "-101000000", "depreciation": "None", "depreciationAndAmortization": "1155000000", "incomeBeforeTax": "-1364000000", "incomeTaxExpense": "-769000000", "interestAndDebtExpense": "180000000", "netIncomeFromContinuingOperations": "-587000000", "comprehensiveIncomeNetOfTax": "-1569000000", "ebit": "-1184000000", "ebitda": "-29000000", "netIncome": "-595000000"}]}