{"symbol": "MSCI", "annualReports": [{"fiscalDateEnding": "2020-12-31", "reportedCurrency": "USD", "grossProfit": "1202432000", "totalRevenue": "1494136000", "costOfRevenue": "291704000", "costofGoodsAndServicesSold": "291704000", "operatingIncome": "884764000", "sellingGeneralAndAdministrative": "331123000", "researchAndDevelopment": "101053000", "operatingExpenses": "489117000", "investmentIncomeNet": "5030000", "netInterestIncome": "-156324000", "interestIncome": "5030000", "interestExpense": "156324000", "nonInterestIncome": "1650460000", "otherNonOperatingIncome": "-47245000", "depreciation": "29805000", "depreciationAndAmortization": "56941000", "incomeBeforeTax": "686225000", "incomeTaxExpense": "84403000", "interestAndDebtExpense": "201254000", "netIncomeFromContinuingOperations": "601822000", "comprehensiveIncomeNetOfTax": "605542000", "ebit": "842549000", "ebitda": "899490000", "netIncome": "601822000"}, {"fiscalDateEnding": "2019-12-31", "reportedCurrency": "USD", "grossProfit": "1098000000", "totalRevenue": "1392961000", "costOfRevenue": "294961000", "costofGoodsAndServicesSold": "294961000", "operatingIncome": "755701000", "sellingGeneralAndAdministrative": "329391000", "researchAndDevelopment": "98334000", "operatingExpenses": "478159000", "investmentIncomeNet": "16403000", "netInterestIncome": "-148041000", "interestIncome": "16403000", "interestExpense": "148041000", "nonInterestIncome": "1541002000", "otherNonOperatingIncome": "-20745000", "depreciation": "29999000", "depreciationAndAmortization": "49410000", "incomeBeforeTax": "603318000", "incomeTaxExpense": "39670000", "interestAndDebtExpense": "164835000", "netIncomeFromContinuingOperations": "563648000", "comprehensiveIncomeNetOfTax": "559468000", "ebit": "751359000", "ebitda": "800769000", "netIncome": "563648000"}, {"fiscalDateEnding": "2018-12-31", "reportedCurrency": "USD", "grossProfit": "1074937000", "totalRevenue": "1362272000", "costOfRevenue": "287335000", "costofGoodsAndServicesSold": "287335000", "operatingIncome": "686898000", "sellingGeneralAndAdministrative": "292805000", "researchAndDevelopment": "81411000", "operatingExpenses": "367003000", "investmentIncomeNet": "19669000", "netInterestIncome": "-133114000", "interestIncome": "19669000", "interestExpense": "133114000", "nonInterestIncome": "1495386000", "otherNonOperatingIncome": "56443000", "depreciation": "31346000", "depreciationAndAmortization": "54189000", "incomeBeforeTax": "629896000", "incomeTaxExpense": "122011000", "interestAndDebtExpense": "133114000", "netIncomeFromContinuingOperations": "507885000", "comprehensiveIncomeNetOfTax": "497833000", "ebit": "763010000", "ebitda": "817199000", "netIncome": "507885000"}, {"fiscalDateEnding": "2017-12-31", "reportedCurrency": "USD", "grossProfit": "1000491000", "totalRevenue": "1274172000", "costOfRevenue": "273681000", "costofGoodsAndServicesSold": "273913000", "operatingIncome": "579770000", "sellingGeneralAndAdministrative": "265200000", "researchAndDevelopment": "75849000", "operatingExpenses": "387053000", "investmentIncomeNet": "6314000", "netInterestIncome": "-116098000", "interestIncome": "6314000", "interestExpense": "116098000", "nonInterestIncome": "1274172000", "otherNonOperatingIncome": "-3087000", "depreciation": "35440000", "depreciationAndAmortization": "44547000", "incomeBeforeTax": "466899000", "incomeTaxExpense": "162927000", "interestAndDebtExpense": "116098000", "netIncomeFromContinuingOperations": "303972000", "comprehensiveIncomeNetOfTax": "316360000", "ebit": "582997000", "ebitda": "627544000", "netIncome": "303972000"}, {"fiscalDateEnding": "2016-12-31", "reportedCurrency": "USD", "grossProfit": "898562000", "totalRevenue": "1150669000", "costOfRevenue": "252107000", "costofGoodsAndServicesSold": "252107000", "operatingIncome": "488104000", "sellingGeneralAndAdministrative": "253901000", "researchAndDevelopment": "75204000", "operatingExpenses": "377149000", "investmentIncomeNet": "2906000", "netInterestIncome": "-101651000", "interestIncome": "2906000", "interestExpense": "101651000", "nonInterestIncome": "449000", "otherNonOperatingIncome": "-3421000", "depreciation": "34320000", "depreciationAndAmortization": "47033000", "incomeBeforeTax": "385938000", "incomeTaxExpense": "125083000", "interestAndDebtExpense": "101651000", "netIncomeFromContinuingOperations": "260855000", "comprehensiveIncomeNetOfTax": "235865000", "ebit": "487589000", "ebitda": "534622000", "netIncome": "260855000"}], "quarterlyReports": [{"fiscalDateEnding": "2021-09-30", "reportedCurrency": "USD", "grossProfit": "385288000", "totalRevenue": "474962000", "costOfRevenue": "89674000", "costofGoodsAndServicesSold": "89674000", "operatingIncome": "280230000", "sellingGeneralAndAdministrative": "97929000", "researchAndDevelopment": "28352000", "operatingExpenses": "140386000", "investmentIncomeNet": "396000", "netInterestIncome": "-42137000", "interestIncome": "396000", "interestExpense": "42137000", "nonInterestIncome": "517099000", "otherNonOperatingIncome": "-37839000", "depreciation": "6800000", "depreciationAndAmortization": "14105000", "incomeBeforeTax": "200650000", "incomeTaxExpense": "30774000", "interestAndDebtExpense": "42137000", "netIncomeFromContinuingOperations": "169876000", "comprehensiveIncomeNetOfTax": "167210000", "ebit": "242787000", "ebitda": "256892000", "netIncome": "169876000"}, {"fiscalDateEnding": "2021-06-30", "reportedCurrency": "USD", "grossProfit": "371296000", "totalRevenue": "458623000", "costOfRevenue": "87327000", "costofGoodsAndServicesSold": "87327000", "operatingIncome": "257533000", "sellingGeneralAndAdministrative": "88373000", "researchAndDevelopment": "27531000", "operatingExpenses": "146300000", "investmentIncomeNet": "347000", "netInterestIncome": "-39557000", "interestIncome": "347000", "interestExpense": "39557000", "nonInterestIncome": "498180000", "otherNonOperatingIncome": "-22628000", "depreciation": "7020000", "depreciationAndAmortization": "30396000", "incomeBeforeTax": "195695000", "incomeTaxExpense": "30272000", "interestAndDebtExpense": "39557000", "netIncomeFromContinuingOperations": "165423000", "comprehensiveIncomeNetOfTax": "166230000", "ebit": "235252000", "ebitda": "265648000", "netIncome": "165423000"}, {"fiscalDateEnding": "2021-03-31", "reportedCurrency": "USD", "grossProfit": "355059000", "totalRevenue": "440839000", "costOfRevenue": "85780000", "costofGoodsAndServicesSold": "85780000", "operatingIncome": "254375000", "sellingGeneralAndAdministrative": "91195000", "researchAndDevelopment": "24862000", "operatingExpenses": "131125000", "investmentIncomeNet": "386000", "netInterestIncome": "-37584000", "interestIncome": "386000", "interestExpense": "37584000", "nonInterestIncome": "478423000", "otherNonOperatingIncome": "-1149000", "depreciation": "7143000", "depreciationAndAmortization": "15068000", "incomeBeforeTax": "216028000", "incomeTaxExpense": "19209000", "interestAndDebtExpense": "37584000", "netIncomeFromContinuingOperations": "196819000", "comprehensiveIncomeNetOfTax": "195862000", "ebit": "253612000", "ebitda": "268680000", "netIncome": "196819000"}, {"fiscalDateEnding": "2020-12-31", "reportedCurrency": "USD", "grossProfit": "330396000", "totalRevenue": "406331000", "costOfRevenue": "75935000", "costofGoodsAndServicesSold": "75935000", "operatingIncome": "234085000", "sellingGeneralAndAdministrative": "84534000", "researchAndDevelopment": "27056000", "operatingExpenses": "126360000", "investmentIncomeNet": "301000", "netInterestIncome": "-37330000", "interestIncome": "301000", "interestExpense": "37330000", "nonInterestIncome": "443661000", "otherNonOperatingIncome": "-1890000", "depreciation": "7281000", "depreciationAndAmortization": "14770000", "incomeBeforeTax": "195166000", "incomeTaxExpense": "38950000", "interestAndDebtExpense": "37330000", "netIncomeFromContinuingOperations": "156216000", "comprehensiveIncomeNetOfTax": "162653000", "ebit": "232496000", "ebitda": "247266000", "netIncome": "156216000"}, {"fiscalDateEnding": "2020-09-30", "reportedCurrency": "USD", "grossProfit": "317093000", "totalRevenue": "387797000", "costOfRevenue": "70704000", "costofGoodsAndServicesSold": "70704000", "operatingIncome": "227620000", "sellingGeneralAndAdministrative": "80281000", "researchAndDevelopment": "24901000", "operatingExpenses": "119515000", "investmentIncomeNet": "475000", "netInterestIncome": "-37536000", "interestIncome": "475000", "interestExpense": "37536000", "nonInterestIncome": "425333000", "otherNonOperatingIncome": "-1516000", "depreciation": "7500000", "depreciationAndAmortization": "14333000", "incomeBeforeTax": "189043000", "incomeTaxExpense": "6685000", "interestAndDebtExpense": "37536000", "netIncomeFromContinuingOperations": "182358000", "comprehensiveIncomeNetOfTax": "188130000", "ebit": "226579000", "ebitda": "240912000", "netIncome": "182358000"}, {"fiscalDateEnding": "2020-06-30", "reportedCurrency": "USD", "grossProfit": "297933000", "totalRevenue": "368389000", "costOfRevenue": "70456000", "costofGoodsAndServicesSold": "70456000", "operatingIncome": "215175000", "sellingGeneralAndAdministrative": "79926000", "researchAndDevelopment": "22534000", "operatingExpenses": "116560000", "investmentIncomeNet": "771000", "netInterestIncome": "-41227000", "interestIncome": "771000", "interestExpense": "41227000", "nonInterestIncome": "409616000", "otherNonOperatingIncome": "-35552000", "depreciation": "7463000", "depreciationAndAmortization": "14100000", "incomeBeforeTax": "139167000", "incomeTaxExpense": "24044000", "interestAndDebtExpense": "41227000", "netIncomeFromContinuingOperations": "115123000", "comprehensiveIncomeNetOfTax": "116259000", "ebit": "180394000", "ebitda": "194494000", "netIncome": "115123000"}, {"fiscalDateEnding": "2020-03-31", "reportedCurrency": "USD", "grossProfit": "291974000", "totalRevenue": "366583000", "costOfRevenue": "74609000", "costofGoodsAndServicesSold": "74609000", "operatingIncome": "207884000", "sellingGeneralAndAdministrative": "86382000", "researchAndDevelopment": "26562000", "operatingExpenses": "126720000", "investmentIncomeNet": "3483000", "netInterestIncome": "-40231000", "interestIncome": "3483000", "interestExpense": "40231000", "nonInterestIncome": "406814000", "otherNonOperatingIncome": "-8287000", "depreciation": "7567000", "depreciationAndAmortization": "13776000", "incomeBeforeTax": "162849000", "incomeTaxExpense": "14724000", "interestAndDebtExpense": "50197000", "netIncomeFromContinuingOperations": "148125000", "comprehensiveIncomeNetOfTax": "138500000", "ebit": "203080000", "ebitda": "216856000", "netIncome": "148125000"}, {"fiscalDateEnding": "2019-12-31", "reportedCurrency": "USD", "grossProfit": "296163000", "totalRevenue": "366317000", "costOfRevenue": "70154000", "costofGoodsAndServicesSold": "70154000", "operatingIncome": "199429000", "sellingGeneralAndAdministrative": "89145000", "researchAndDevelopment": "27100000", "operatingExpenses": "129488000", "investmentIncomeNet": "5299000", "netInterestIncome": "-40289000", "interestIncome": "5299000", "interestExpense": "40289000", "nonInterestIncome": "406606000", "otherNonOperatingIncome": "-17906000", "depreciation": "7535000", "depreciationAndAmortization": "13243000", "incomeBeforeTax": "146533000", "incomeTaxExpense": "23750000", "interestAndDebtExpense": "40289000", "netIncomeFromContinuingOperations": "122783000", "comprehensiveIncomeNetOfTax": "122302000", "ebit": "186822000", "ebitda": "200065000", "netIncome": "122783000"}, {"fiscalDateEnding": "2019-09-30", "reportedCurrency": "USD", "grossProfit": "287843000", "totalRevenue": "358329000", "costOfRevenue": "70486000", "costofGoodsAndServicesSold": "70486000", "operatingIncome": "201219000", "sellingGeneralAndAdministrative": "78666000", "researchAndDevelopment": "24310000", "operatingExpenses": "115376000", "investmentIncomeNet": "3673000", "netInterestIncome": "-35922000", "interestIncome": "3673000", "interestExpense": "35922000", "nonInterestIncome": "394251000", "otherNonOperatingIncome": "-222000", "depreciation": "7209000", "depreciationAndAmortization": "12400000", "incomeBeforeTax": "168748000", "incomeTaxExpense": "31765000", "interestAndDebtExpense": "35922000", "netIncomeFromContinuingOperations": "136983000", "comprehensiveIncomeNetOfTax": "132644000", "ebit": "204670000", "ebitda": "217070000", "netIncome": "136983000"}, {"fiscalDateEnding": "2019-06-30", "reportedCurrency": "USD", "grossProfit": "277668000", "totalRevenue": "349643000", "costOfRevenue": "71975000", "costofGoodsAndServicesSold": "71975000", "operatingIncome": "192378000", "sellingGeneralAndAdministrative": "78035000", "researchAndDevelopment": "23752000", "operatingExpenses": "113800000", "investmentIncomeNet": "3345000", "netInterestIncome": "-35915000", "interestIncome": "3345000", "interestExpense": "35915000", "nonInterestIncome": "385558000", "otherNonOperatingIncome": "-63000", "depreciation": "7405000", "depreciationAndAmortization": "12013000", "incomeBeforeTax": "159745000", "incomeTaxExpense": "34055000", "interestAndDebtExpense": "35915000", "netIncomeFromContinuingOperations": "125690000", "comprehensiveIncomeNetOfTax": "125133000", "ebit": "195660000", "ebitda": "207673000", "netIncome": "125690000"}, {"fiscalDateEnding": "2019-03-31", "reportedCurrency": "USD", "grossProfit": "253120000", "totalRevenue": "335466000", "costOfRevenue": "82346000", "costofGoodsAndServicesSold": "82346000", "operatingIncome": "162675000", "sellingGeneralAndAdministrative": "83545000", "researchAndDevelopment": "23172000", "operatingExpenses": "118510000", "investmentIncomeNet": "4086000", "netInterestIncome": "-35915000", "interestIncome": "4086000", "interestExpense": "35915000", "nonInterestIncome": "371381000", "otherNonOperatingIncome": "-2554000", "depreciation": "7850000", "depreciationAndAmortization": "11793000", "incomeBeforeTax": "128292000", "incomeTaxExpense": "-49900000", "interestAndDebtExpense": "35915000", "netIncomeFromContinuingOperations": "178192000", "comprehensiveIncomeNetOfTax": "179389000", "ebit": "164207000", "ebitda": "176000000", "netIncome": "178192000"}, {"fiscalDateEnding": "2018-12-31", "reportedCurrency": "USD", "grossProfit": "252040000", "totalRevenue": "325797000", "costOfRevenue": "73757000", "costofGoodsAndServicesSold": "73757000", "operatingIncome": "169818000", "sellingGeneralAndAdministrative": "77857000", "researchAndDevelopment": "20312000", "operatingExpenses": "109802000", "investmentIncomeNet": "6096000", "netInterestIncome": "-35891000", "interestIncome": "None", "interestExpense": "35891000", "nonInterestIncome": "361688000", "otherNonOperatingIncome": "47266000", "depreciation": "8311000", "depreciationAndAmortization": "11633000", "incomeBeforeTax": "187289000", "incomeTaxExpense": "35157000", "interestAndDebtExpense": "35891000", "netIncomeFromContinuingOperations": "152132000", "comprehensiveIncomeNetOfTax": "151942000", "ebit": "223180000", "ebitda": "234813000", "netIncome": "152132000"}, {"fiscalDateEnding": "2018-09-30", "reportedCurrency": "USD", "grossProfit": "287028000", "totalRevenue": "357934000", "costOfRevenue": "70906000", "costofGoodsAndServicesSold": "70906000", "operatingIncome": "176403000", "sellingGeneralAndAdministrative": "70900000", "researchAndDevelopment": "20591000", "operatingExpenses": "103172000", "investmentIncomeNet": "6522000", "netInterestIncome": "-35902000", "interestIncome": "None", "interestExpense": "35902000", "nonInterestIncome": "357934000", "otherNonOperatingIncome": "-177000", "depreciation": "7453000", "depreciationAndAmortization": "11681000", "incomeBeforeTax": "146846000", "incomeTaxExpense": "23014000", "interestAndDebtExpense": "35902000", "netIncomeFromContinuingOperations": "123832000", "comprehensiveIncomeNetOfTax": "120506000", "ebit": "182748000", "ebitda": "194429000", "netIncome": "123832000"}, {"fiscalDateEnding": "2018-06-30", "reportedCurrency": "USD", "grossProfit": "291678000", "totalRevenue": "363046000", "costOfRevenue": "71368000", "costofGoodsAndServicesSold": "71368000", "operatingIncome": "173511000", "sellingGeneralAndAdministrative": "71452000", "researchAndDevelopment": "19801000", "operatingExpenses": "110790000", "investmentIncomeNet": "4281000", "netInterestIncome": "-31761000", "interestIncome": "None", "interestExpense": "31761000", "nonInterestIncome": "363046000", "otherNonOperatingIncome": "10292000", "depreciation": "7377000", "depreciationAndAmortization": "19537000", "incomeBeforeTax": "156323000", "incomeTaxExpense": "39494000", "interestAndDebtExpense": "31761000", "netIncomeFromContinuingOperations": "116829000", "comprehensiveIncomeNetOfTax": "106281000", "ebit": "188084000", "ebitda": "207621000", "netIncome": "116829000"}, {"fiscalDateEnding": "2018-03-31", "reportedCurrency": "USD", "grossProfit": "280012000", "totalRevenue": "351316000", "costOfRevenue": "71304000", "costofGoodsAndServicesSold": "71304000", "operatingIncome": "167166000", "sellingGeneralAndAdministrative": "72596000", "researchAndDevelopment": "20707000", "operatingExpenses": "104641000", "investmentIncomeNet": "2770000", "netInterestIncome": "-29560000", "interestIncome": "None", "interestExpense": "29560000", "nonInterestIncome": "351316000", "otherNonOperatingIncome": "-938000", "depreciation": "8205000", "depreciationAndAmortization": "11338000", "incomeBeforeTax": "139438000", "incomeTaxExpense": "24346000", "interestAndDebtExpense": "29560000", "netIncomeFromContinuingOperations": "115092000", "comprehensiveIncomeNetOfTax": "119104000", "ebit": "168998000", "ebitda": "180336000", "netIncome": "115092000"}, {"fiscalDateEnding": "2017-12-31", "reportedCurrency": "USD", "grossProfit": "265532000", "totalRevenue": "334779000", "costOfRevenue": "69247000", "costofGoodsAndServicesSold": "69306000", "operatingIncome": "154139000", "sellingGeneralAndAdministrative": "71119000", "researchAndDevelopment": "20709000", "operatingExpenses": "103400000", "investmentIncomeNet": "2237000", "netInterestIncome": "-29027000", "interestIncome": "None", "interestExpense": "29027000", "nonInterestIncome": "334779000", "otherNonOperatingIncome": "-389000", "depreciation": "8118000", "depreciationAndAmortization": "11560000", "incomeBeforeTax": "126960000", "incomeTaxExpense": "62358000", "interestAndDebtExpense": "29027000", "netIncomeFromContinuingOperations": "64602000", "comprehensiveIncomeNetOfTax": "66337000", "ebit": "155987000", "ebitda": "167547000", "netIncome": "64602000"}, {"fiscalDateEnding": "2017-09-30", "reportedCurrency": "USD", "grossProfit": "253664000", "totalRevenue": "322097000", "costOfRevenue": "68433000", "costofGoodsAndServicesSold": "68491000", "operatingIncome": "148799000", "sellingGeneralAndAdministrative": "67021000", "researchAndDevelopment": "17974000", "operatingExpenses": "95618000", "investmentIncomeNet": "1835000", "netInterestIncome": "-29020000", "interestIncome": "None", "interestExpense": "29020000", "nonInterestIncome": "322097000", "otherNonOperatingIncome": "-811000", "depreciation": "9325000", "depreciationAndAmortization": "10614000", "incomeBeforeTax": "120803000", "incomeTaxExpense": "35650000", "interestAndDebtExpense": "29020000", "netIncomeFromContinuingOperations": "85153000", "comprehensiveIncomeNetOfTax": "88436000", "ebit": "149823000", "ebitda": "160437000", "netIncome": "85153000"}, {"fiscalDateEnding": "2017-06-30", "reportedCurrency": "USD", "grossProfit": "247551000", "totalRevenue": "316089000", "costOfRevenue": "68538000", "costofGoodsAndServicesSold": "68595000", "operatingIncome": "146100000", "sellingGeneralAndAdministrative": "63042000", "researchAndDevelopment": "18196000", "operatingExpenses": "92367000", "investmentIncomeNet": "1310000", "netInterestIncome": "-29027000", "interestIncome": "None", "interestExpense": "29027000", "nonInterestIncome": "316089000", "otherNonOperatingIncome": "-872000", "depreciation": "9159000", "depreciationAndAmortization": "11122000", "incomeBeforeTax": "117511000", "incomeTaxExpense": "36245000", "interestAndDebtExpense": "29027000", "netIncomeFromContinuingOperations": "81266000", "comprehensiveIncomeNetOfTax": "85757000", "ebit": "146538000", "ebitda": "157660000", "netIncome": "81266000"}, {"fiscalDateEnding": "2017-03-31", "reportedCurrency": "USD", "grossProfit": "233744000", "totalRevenue": "301207000", "costOfRevenue": "67463000", "costofGoodsAndServicesSold": "67521000", "operatingIncome": "130732000", "sellingGeneralAndAdministrative": "64018000", "researchAndDevelopment": "18970000", "operatingExpenses": "94246000", "investmentIncomeNet": "932000", "netInterestIncome": "-29024000", "interestIncome": "None", "interestExpense": "29024000", "nonInterestIncome": "301207000", "otherNonOperatingIncome": "-1015000", "depreciation": "8838000", "depreciationAndAmortization": "11251000", "incomeBeforeTax": "101625000", "incomeTaxExpense": "28674000", "interestAndDebtExpense": "29024000", "netIncomeFromContinuingOperations": "72951000", "comprehensiveIncomeNetOfTax": "75830000", "ebit": "130649000", "ebitda": "141900000", "netIncome": "72951000"}, {"fiscalDateEnding": "2016-12-31", "reportedCurrency": "USD", "grossProfit": "228993000", "totalRevenue": "292812000", "costOfRevenue": "63819000", "costofGoodsAndServicesSold": "63819000", "operatingIncome": "126012000", "sellingGeneralAndAdministrative": "63076000", "researchAndDevelopment": "18960000", "operatingExpenses": "93534000", "investmentIncomeNet": "901000", "netInterestIncome": "-29039000", "interestIncome": "None", "interestExpense": "29039000", "nonInterestIncome": "0", "otherNonOperatingIncome": "-779000", "depreciation": "9447000", "depreciationAndAmortization": "11498000", "incomeBeforeTax": "97095000", "incomeTaxExpense": "28845000", "interestAndDebtExpense": "29039000", "netIncomeFromContinuingOperations": "68250000", "comprehensiveIncomeNetOfTax": "58417000", "ebit": "126134000", "ebitda": "137632000", "netIncome": "68250000"}]}