{"symbol": "MTCH", "annualReports": [{"fiscalDateEnding": "2020-12-31", "reportedCurrency": "USD", "grossProfit": "956797000", "totalRevenue": "2391269000", "costOfRevenue": "1434472000", "costofGoodsAndServicesSold": "635833000", "operatingIncome": "745715000", "sellingGeneralAndAdministrative": "791114000", "researchAndDevelopment": "169811000", "operatingExpenses": "1003450000", "investmentIncomeNet": "2700000", "netInterestIncome": "-174791000", "interestIncome": "None", "interestExpense": "174791000", "nonInterestIncome": "2375369000", "otherNonOperatingIncome": "15861000", "depreciation": "41271000", "depreciationAndAmortization": "7525000", "incomeBeforeTax": "161435000", "incomeTaxExpense": "32874000", "interestAndDebtExpense": "191291000", "netIncomeFromContinuingOperations": "494312000", "comprehensiveIncomeNetOfTax": "169047000", "ebit": "745715000", "ebitda": "343751000", "netIncome": "128561000"}, {"fiscalDateEnding": "2019-12-31", "reportedCurrency": "USD", "grossProfit": "923838000", "totalRevenue": "2051258000", "costOfRevenue": "1127420000", "costofGoodsAndServicesSold": "527184000", "operatingIncome": "645454000", "sellingGeneralAndAdministrative": "2518573000", "researchAndDevelopment": "151960000", "operatingExpenses": "3025688000", "investmentIncomeNet": "4400000", "netInterestIncome": "-153563000", "interestIncome": "-12993000", "interestExpense": "140570000", "nonInterestIncome": "4780131000", "otherNonOperatingIncome": "None", "depreciation": "34355000", "depreciationAndAmortization": "92595000", "incomeBeforeTax": "439356000", "incomeTaxExpense": "8225000", "interestAndDebtExpense": "153563000", "netIncomeFromContinuingOperations": "391232000", "comprehensiveIncomeNetOfTax": "423189000", "ebit": "645454000", "ebitda": "672521000", "netIncome": "431131000"}, {"fiscalDateEnding": "2018-12-31", "reportedCurrency": "USD", "grossProfit": "818704000", "totalRevenue": "1729850000", "costOfRevenue": "911146000", "costofGoodsAndServicesSold": "410000000", "operatingIncome": "549469000", "sellingGeneralAndAdministrative": "2293519000", "researchAndDevelopment": "132030000", "operatingExpenses": "2760292000", "investmentIncomeNet": "4900000", "netInterestIncome": "-109327000", "interestIncome": "-14759000", "interestExpense": "94568000", "nonInterestIncome": "4290766000", "otherNonOperatingIncome": "7765000", "depreciation": "34827000", "depreciationAndAmortization": "108399000", "incomeBeforeTax": "638268000", "incomeTaxExpense": "11307000", "interestAndDebtExpense": "109327000", "netIncomeFromContinuingOperations": "365917000", "comprehensiveIncomeNetOfTax": "601683000", "ebit": "549469000", "ebitda": "841235000", "netIncome": "626961000"}, {"fiscalDateEnding": "2017-12-31", "reportedCurrency": "USD", "grossProfit": "2656231000", "totalRevenue": "3307239000", "costOfRevenue": "651008000", "costofGoodsAndServicesSold": "651008000", "operatingIncome": "188466000", "sellingGeneralAndAdministrative": "2100478000", "researchAndDevelopment": "250879000", "operatingExpenses": "2393500000", "investmentIncomeNet": "None", "netInterestIncome": "-105295000", "interestIncome": "-81065000", "interestExpense": "105295000", "nonInterestIncome": "3307239000", "otherNonOperatingIncome": "-30827000", "depreciation": "74265000", "depreciationAndAmortization": "42143000", "incomeBeforeTax": "13874000", "incomeTaxExpense": "-291050000", "interestAndDebtExpense": "105295000", "netIncomeFromContinuingOperations": "358008000", "comprehensiveIncomeNetOfTax": "367370000", "ebit": "188466000", "ebitda": "161312000", "netIncome": "304924000"}, {"fiscalDateEnding": "2016-12-31", "reportedCurrency": "USD", "grossProfit": "2384152000", "totalRevenue": "3139882000", "costOfRevenue": "755730000", "costofGoodsAndServicesSold": "755730000", "operatingIncome": "-32625000", "sellingGeneralAndAdministrative": "1792423000", "researchAndDevelopment": "212765000", "operatingExpenses": "2363401000", "investmentIncomeNet": "None", "netInterestIncome": "-109110000", "interestIncome": "633000", "interestExpense": "109110000", "nonInterestIncome": "3139882000", "otherNonOperatingIncome": "7892000", "depreciation": "71676000", "depreciationAndAmortization": "79426000", "incomeBeforeTax": "-106214000", "incomeTaxExpense": "-64934000", "interestAndDebtExpense": "109110000", "netIncomeFromContinuingOperations": "-41469000", "comprehensiveIncomeNetOfTax": "-76431000", "ebit": "-32625000", "ebitda": "82322000", "netIncome": "-41280000"}], "quarterlyReports": [{"fiscalDateEnding": "2021-09-30", "reportedCurrency": "USD", "grossProfit": "297668000", "totalRevenue": "801835000", "costOfRevenue": "504167000", "costofGoodsAndServicesSold": "232211000", "operatingIncome": "220590000", "sellingGeneralAndAdministrative": "256890000", "researchAndDevelopment": "66974000", "operatingExpenses": "338930000", "investmentIncomeNet": "None", "netInterestIncome": "-31850000", "interestIncome": "None", "interestExpense": "31850000", "nonInterestIncome": "801835000", "otherNonOperatingIncome": "-39212000", "depreciation": "10104000", "depreciationAndAmortization": "15066000", "incomeBeforeTax": "149810000", "incomeTaxExpense": "18600000", "interestAndDebtExpense": "31850000", "netIncomeFromContinuingOperations": "131210000", "comprehensiveIncomeNetOfTax": "31902000", "ebit": "220590000", "ebitda": "196726000", "netIncome": "131210000"}, {"fiscalDateEnding": "2021-06-30", "reportedCurrency": "USD", "grossProfit": "272108000", "totalRevenue": "707760000", "costOfRevenue": "435652000", "costofGoodsAndServicesSold": "193099000", "operatingIncome": "209914000", "sellingGeneralAndAdministrative": "242311000", "researchAndDevelopment": "52133000", "operatingExpenses": "294686000", "investmentIncomeNet": "None", "netInterestIncome": "-32219000", "interestIncome": "None", "interestExpense": "32219000", "nonInterestIncome": "707760000", "otherNonOperatingIncome": "-355000", "depreciation": "10061000", "depreciationAndAmortization": "242000", "incomeBeforeTax": "178215000", "incomeTaxExpense": "37320000", "interestAndDebtExpense": "32219000", "netIncomeFromContinuingOperations": "140386000", "comprehensiveIncomeNetOfTax": "138836000", "ebit": "209914000", "ebitda": "210676000", "netIncome": "140895000"}, {"fiscalDateEnding": "2021-03-31", "reportedCurrency": "USD", "grossProfit": "255291000", "totalRevenue": "667612000", "costOfRevenue": "412321000", "costofGoodsAndServicesSold": "179455000", "operatingIncome": "189258000", "sellingGeneralAndAdministrative": "232653000", "researchAndDevelopment": "55576000", "operatingExpenses": "288442000", "investmentIncomeNet": "None", "netInterestIncome": "-31838000", "interestIncome": "None", "interestExpense": "31838000", "nonInterestIncome": "667612000", "otherNonOperatingIncome": "-1319000", "depreciation": "10457000", "depreciationAndAmortization": "213000", "incomeBeforeTax": "156503000", "incomeTaxExpense": "-17747000", "interestAndDebtExpense": "31838000", "netIncomeFromContinuingOperations": "174250000", "comprehensiveIncomeNetOfTax": "153674000", "ebit": "189258000", "ebitda": "188554000", "netIncome": "174250000"}, {"fiscalDateEnding": "2020-12-31", "reportedCurrency": "USD", "grossProfit": "478144000", "totalRevenue": "651407000", "costOfRevenue": "173263000", "costofGoodsAndServicesSold": "173263000", "operatingIncome": "212582000", "sellingGeneralAndAdministrative": "209480000", "researchAndDevelopment": "44832000", "operatingExpenses": "289575000", "investmentIncomeNet": "None", "netInterestIncome": "-43306000", "interestIncome": "32831000", "interestExpense": "43306000", "nonInterestIncome": "635507000", "otherNonOperatingIncome": "50267000", "depreciation": "10987000", "depreciationAndAmortization": "263000", "incomeBeforeTax": "378378000", "incomeTaxExpense": "25617000", "interestAndDebtExpense": "59806000", "netIncomeFromContinuingOperations": "140579000", "comprehensiveIncomeNetOfTax": "167236000", "ebit": "212582000", "ebitda": "421947000", "netIncome": "352761000"}, {"fiscalDateEnding": "2020-09-30", "reportedCurrency": "USD", "grossProfit": "250668000", "totalRevenue": "639770000", "costOfRevenue": "389102000", "costofGoodsAndServicesSold": "169823000", "operatingIncome": "200167000", "sellingGeneralAndAdministrative": "218820000", "researchAndDevelopment": "39280000", "operatingExpenses": "258559000", "investmentIncomeNet": "None", "netInterestIncome": "-43189000", "interestIncome": "-11180000", "interestExpense": "32009000", "nonInterestIncome": "639770000", "otherNonOperatingIncome": "None", "depreciation": "11221000", "depreciationAndAmortization": "459000", "incomeBeforeTax": "156149000", "incomeTaxExpense": "26100000", "interestAndDebtExpense": "43189000", "netIncomeFromContinuingOperations": "140699000", "comprehensiveIncomeNetOfTax": "157408000", "ebit": "200167000", "ebitda": "199797000", "netIncome": "132581000"}, {"fiscalDateEnding": "2020-06-30", "reportedCurrency": "USD", "grossProfit": "247192000", "totalRevenue": "555450000", "costOfRevenue": "308258000", "costofGoodsAndServicesSold": "148853000", "operatingIncome": "195594000", "sellingGeneralAndAdministrative": "159005000", "researchAndDevelopment": "41929000", "operatingExpenses": "201334000", "investmentIncomeNet": "None", "netInterestIncome": "-45647000", "interestIncome": "-10896000", "interestExpense": "34751000", "nonInterestIncome": "555450000", "otherNonOperatingIncome": "None", "depreciation": "9669000", "depreciationAndAmortization": "400000", "incomeBeforeTax": "100877000", "incomeTaxExpense": "36856000", "interestAndDebtExpense": "45647000", "netIncomeFromContinuingOperations": "111581000", "comprehensiveIncomeNetOfTax": "93884000", "ebit": "195594000", "ebitda": "146924000", "netIncome": "66441000"}, {"fiscalDateEnding": "2020-03-31", "reportedCurrency": "USD", "grossProfit": "-116901000", "totalRevenue": "544642000", "costOfRevenue": "1300812000", "costofGoodsAndServicesSold": "143894000", "operatingIncome": "137372000", "sellingGeneralAndAdministrative": "688718000", "researchAndDevelopment": "43770000", "operatingExpenses": "1103255000", "investmentIncomeNet": "None", "netInterestIncome": "-44866000", "interestIncome": "-12972000", "interestExpense": "31894000", "nonInterestIncome": "1228777000", "otherNonOperatingIncome": "3854000", "depreciation": "9394000", "depreciationAndAmortization": "76900000", "incomeBeforeTax": "-259242000", "incomeTaxExpense": "-48202000", "interestAndDebtExpense": "44866000", "netIncomeFromContinuingOperations": "126765000", "comprehensiveIncomeNetOfTax": "-224169000", "ebit": "-227348000", "ebitda": "-150448000", "netIncome": "-211040000"}, {"fiscalDateEnding": "2019-12-31", "reportedCurrency": "USD", "grossProfit": "252592000", "totalRevenue": "547167000", "costOfRevenue": "294575000", "costofGoodsAndServicesSold": "142070000", "operatingIncome": "181349000", "sellingGeneralAndAdministrative": "614720000", "researchAndDevelopment": "38397000", "operatingExpenses": "696886000", "investmentIncomeNet": "None", "netInterestIncome": "-43082000", "interestIncome": "-2502000", "interestExpense": "40580000", "nonInterestIncome": "1217680000", "otherNonOperatingIncome": "None", "depreciation": "8777000", "depreciationAndAmortization": "-36133000", "incomeBeforeTax": "139243000", "incomeTaxExpense": "14971000", "interestAndDebtExpense": "43082000", "netIncomeFromContinuingOperations": "94657000", "comprehensiveIncomeNetOfTax": "108786000", "ebit": "181349000", "ebitda": "143690000", "netIncome": "124272000"}, {"fiscalDateEnding": "2019-09-30", "reportedCurrency": "USD", "grossProfit": "245108000", "totalRevenue": "541493000", "costOfRevenue": "296385000", "costofGoodsAndServicesSold": "138225000", "operatingIncome": "175236000", "sellingGeneralAndAdministrative": "631761000", "researchAndDevelopment": "36609000", "operatingExpenses": "764637000", "investmentIncomeNet": "None", "netInterestIncome": "-42132000", "interestIncome": "-3139000", "interestExpense": "38993000", "nonInterestIncome": "1246866000", "otherNonOperatingIncome": "2787000", "depreciation": "8533000", "depreciationAndAmortization": "46276000", "incomeBeforeTax": "129784000", "incomeTaxExpense": "1240000", "interestAndDebtExpense": "42132000", "netIncomeFromContinuingOperations": "108474000", "comprehensiveIncomeNetOfTax": "110155000", "ebit": "168777000", "ebitda": "215053000", "netIncome": "128544000"}, {"fiscalDateEnding": "2019-06-30", "reportedCurrency": "USD", "grossProfit": "221584000", "totalRevenue": "497973000", "costOfRevenue": "276389000", "costofGoodsAndServicesSold": "126665000", "operatingIncome": "171309000", "sellingGeneralAndAdministrative": "636616000", "researchAndDevelopment": "32680000", "operatingExpenses": "755959000", "investmentIncomeNet": "None", "netInterestIncome": "-37206000", "interestIncome": "-3661000", "interestExpense": "33545000", "nonInterestIncome": "1186624000", "otherNonOperatingIncome": "2538000", "depreciation": "8752000", "depreciationAndAmortization": "40729000", "incomeBeforeTax": "134543000", "incomeTaxExpense": "21076000", "interestAndDebtExpense": "37206000", "netIncomeFromContinuingOperations": "94134000", "comprehensiveIncomeNetOfTax": "114558000", "ebit": "168088000", "ebitda": "208817000", "netIncome": "113467000"}, {"fiscalDateEnding": "2019-03-31", "reportedCurrency": "USD", "grossProfit": "204554000", "totalRevenue": "464625000", "costOfRevenue": "260071000", "costofGoodsAndServicesSold": "120224000", "operatingIncome": "117560000", "sellingGeneralAndAdministrative": "635476000", "researchAndDevelopment": "88700000", "operatingExpenses": "789004000", "investmentIncomeNet": "None", "netInterestIncome": "-31143000", "interestIncome": "-22086000", "interestExpense": "31143000", "nonInterestIncome": "1095921000", "otherNonOperatingIncome": "-1488000", "depreciation": "18971000", "depreciationAndAmortization": "41723000", "incomeBeforeTax": "25091000", "incomeTaxExpense": "-63604000", "interestAndDebtExpense": "31143000", "netIncomeFromContinuingOperations": "93966000", "comprehensiveIncomeNetOfTax": "89690000", "ebit": "56234000", "ebitda": "97957000", "netIncome": "88695000"}, {"fiscalDateEnding": "2018-12-31", "reportedCurrency": "USD", "grossProfit": "863478000", "totalRevenue": "1117200000", "costOfRevenue": "253722000", "costofGoodsAndServicesSold": "-247424000", "operatingIncome": "133920000", "sellingGeneralAndAdministrative": "570775000", "researchAndDevelopment": "-98092000", "operatingExpenses": "27700000", "investmentIncomeNet": "None", "netInterestIncome": "-27856000", "interestIncome": "-14759000", "interestExpense": "13097000", "nonInterestIncome": "1104103000", "otherNonOperatingIncome": "None", "depreciation": "-22160000", "depreciationAndAmortization": "-8881000", "incomeBeforeTax": "244671000", "incomeTaxExpense": "27194000", "interestAndDebtExpense": "27856000", "netIncomeFromContinuingOperations": "-174353000", "comprehensiveIncomeNetOfTax": "176090000", "ebit": "133920000", "ebitda": "248887000", "netIncome": "217477000"}, {"fiscalDateEnding": "2018-09-30", "reportedCurrency": "USD", "grossProfit": "225164000", "totalRevenue": "1079184000", "costOfRevenue": "237238000", "costofGoodsAndServicesSold": "237238000", "operatingIncome": "172832000", "sellingGeneralAndAdministrative": "577705000", "researchAndDevelopment": "77740000", "operatingExpenses": "694522000", "investmentIncomeNet": "None", "netInterestIncome": "-27610000", "interestIncome": "None", "interestExpense": "27610000", "nonInterestIncome": "1106094000", "otherNonOperatingIncome": "894000", "depreciation": "18925000", "depreciationAndAmortization": "39077000", "incomeBeforeTax": "127532000", "incomeTaxExpense": "-18242000", "interestAndDebtExpense": "27610000", "netIncomeFromContinuingOperations": "171535000", "comprehensiveIncomeNetOfTax": "145245000", "ebit": "155142000", "ebitda": "194219000", "netIncome": "145774000"}, {"fiscalDateEnding": "2018-06-30", "reportedCurrency": "USD", "grossProfit": "272606000", "totalRevenue": "1069041000", "costOfRevenue": "218224000", "costofGoodsAndServicesSold": "218224000", "operatingIncome": "168437000", "sellingGeneralAndAdministrative": "558023000", "researchAndDevelopment": "75445000", "operatingExpenses": "653656000", "investmentIncomeNet": "None", "netInterestIncome": "-27356000", "interestIncome": "None", "interestExpense": "27356000", "nonInterestIncome": "1096397000", "otherNonOperatingIncome": "11004000", "depreciation": "18805000", "depreciationAndAmortization": "20188000", "incomeBeforeTax": "249753000", "incomeTaxExpense": "31400000", "interestAndDebtExpense": "27356000", "netIncomeFromContinuingOperations": "280854000", "comprehensiveIncomeNetOfTax": "180909000", "ebit": "277109000", "ebitda": "297297000", "netIncome": "218353000"}, {"fiscalDateEnding": "2018-03-31", "reportedCurrency": "USD", "grossProfit": "793113000", "totalRevenue": "995075000", "costOfRevenue": "201962000", "costofGoodsAndServicesSold": "201962000", "operatingIncome": "89950000", "sellingGeneralAndAdministrative": "587016000", "researchAndDevelopment": "76937000", "operatingExpenses": "683906000", "investmentIncomeNet": "None", "netInterestIncome": "-26505000", "interestIncome": "None", "interestExpense": "26505000", "nonInterestIncome": "995075000", "otherNonOperatingIncome": "-7221000", "depreciation": "19257000", "depreciationAndAmortization": "19953000", "incomeBeforeTax": "42069000", "incomeTaxExpense": "-29013000", "interestAndDebtExpense": "26505000", "netIncomeFromContinuingOperations": "87839000", "comprehensiveIncomeNetOfTax": "99439000", "ebit": "68574000", "ebitda": "88527000", "netIncome": "71082000"}, {"fiscalDateEnding": "2017-12-31", "reportedCurrency": "USD", "grossProfit": "750858000", "totalRevenue": "950585000", "costOfRevenue": "199727000", "costofGoodsAndServicesSold": "199727000", "operatingIncome": "94360000", "sellingGeneralAndAdministrative": "547687000", "researchAndDevelopment": "70044000", "operatingExpenses": "637723000", "investmentIncomeNet": "None", "netInterestIncome": "-30739000", "interestIncome": "None", "interestExpense": "30739000", "nonInterestIncome": "950585000", "otherNonOperatingIncome": "None", "depreciation": "18775000", "depreciationAndAmortization": "19992000", "incomeBeforeTax": "55099000", "incomeTaxExpense": "31750000", "interestAndDebtExpense": "30739000", "netIncomeFromContinuingOperations": "94360000", "comprehensiveIncomeNetOfTax": "28640000", "ebit": "94360000", "ebitda": "105830000", "netIncome": "23349000"}, {"fiscalDateEnding": "2017-09-30", "reportedCurrency": "USD", "grossProfit": "662144000", "totalRevenue": "828434000", "costOfRevenue": "166290000", "costofGoodsAndServicesSold": "166290000", "operatingIncome": "-18589000", "sellingGeneralAndAdministrative": "588459000", "researchAndDevelopment": "70645000", "operatingExpenses": "663470000", "investmentIncomeNet": "None", "netInterestIncome": "-25036000", "interestIncome": "None", "interestExpense": "25036000", "nonInterestIncome": "818234000", "otherNonOperatingIncome": "-9925000", "depreciation": "17263000", "depreciationAndAmortization": "4366000", "incomeBeforeTax": "436643000", "incomeTaxExpense": "257000000", "interestAndDebtExpense": "25036000", "netIncomeFromContinuingOperations": "225639000", "comprehensiveIncomeNetOfTax": "216868000", "ebit": "461679000", "ebitda": "466045000", "netIncome": "179643000"}, {"fiscalDateEnding": "2017-06-30", "reportedCurrency": "USD", "grossProfit": "628354000", "totalRevenue": "767387000", "costOfRevenue": "139033000", "costofGoodsAndServicesSold": "139033000", "operatingIncome": "75635000", "sellingGeneralAndAdministrative": "470326000", "researchAndDevelopment": "55430000", "operatingExpenses": "534380000", "investmentIncomeNet": "None", "netInterestIncome": "-24728000", "interestIncome": "None", "interestExpense": "24728000", "nonInterestIncome": "763787000", "otherNonOperatingIncome": "-9550000", "depreciation": "18339000", "depreciationAndAmortization": "8624000", "incomeBeforeTax": "46848000", "incomeTaxExpense": "-19420000", "interestAndDebtExpense": "24728000", "netIncomeFromContinuingOperations": "80557000", "comprehensiveIncomeNetOfTax": "76875000", "ebit": "71576000", "ebitda": "80200000", "netIncome": "66268000"}, {"fiscalDateEnding": "2017-03-31", "reportedCurrency": "USD", "grossProfit": "614875000", "totalRevenue": "760833000", "costOfRevenue": "145958000", "costofGoodsAndServicesSold": "145958000", "operatingIncome": "37060000", "sellingGeneralAndAdministrative": "494006000", "researchAndDevelopment": "54760000", "operatingExpenses": "557927000", "investmentIncomeNet": "None", "netInterestIncome": "-24792000", "interestIncome": "None", "interestExpense": "24792000", "nonInterestIncome": "760833000", "otherNonOperatingIncome": "-5978000", "depreciation": "19888000", "depreciationAndAmortization": "9161000", "incomeBeforeTax": "2300000", "incomeTaxExpense": "-23909000", "interestAndDebtExpense": "24792000", "netIncomeFromContinuingOperations": "28463000", "comprehensiveIncomeNetOfTax": "44987000", "ebit": "27092000", "ebitda": "36253000", "netIncome": "26209000"}, {"fiscalDateEnding": "2016-12-31", "reportedCurrency": "USD", "grossProfit": "598694000", "totalRevenue": "811162000", "costOfRevenue": "212468000", "costofGoodsAndServicesSold": "212468000", "operatingIncome": "112820000", "sellingGeneralAndAdministrative": "404958000", "researchAndDevelopment": "50398000", "operatingExpenses": "483819000", "investmentIncomeNet": "None", "netInterestIncome": "-26488000", "interestIncome": "None", "interestExpense": "26488000", "nonInterestIncome": "3115845000", "otherNonOperatingIncome": "None", "depreciation": "20355000", "depreciationAndAmortization": "14364000", "incomeBeforeTax": "126577000", "incomeTaxExpense": "12460000", "interestAndDebtExpense": "26488000", "netIncomeFromContinuingOperations": "101862000", "comprehensiveIncomeNetOfTax": "58612000", "ebit": "112820000", "ebitda": "167429000", "netIncome": "114117000"}]}