{"symbol": "MTD", "annualReports": [{"fiscalDateEnding": "2020-12-31", "reportedCurrency": "USD", "grossProfit": "1801031000", "totalRevenue": "3085177000", "costOfRevenue": "1284146000", "costofGoodsAndServicesSold": "1284146000", "operatingIncome": "773527000", "sellingGeneralAndAdministrative": "820221000", "researchAndDevelopment": "140102000", "operatingExpenses": "1027504000", "investmentIncomeNet": "None", "netInterestIncome": "-38616000", "interestIncome": "None", "interestExpense": "38616000", "nonInterestIncome": "3085177000", "otherNonOperatingIncome": "13832000", "depreciation": "42044000", "depreciationAndAmortization": "56665000", "incomeBeforeTax": "748743000", "incomeTaxExpense": "146004000", "interestAndDebtExpense": "38616000", "netIncomeFromContinuingOperations": "602739000", "comprehensiveIncomeNetOfTax": "591487000", "ebit": "787359000", "ebitda": "844024000", "netIncome": "602739000"}, {"fiscalDateEnding": "2019-12-31", "reportedCurrency": "USD", "grossProfit": "1741211000", "totalRevenue": "3008652000", "costOfRevenue": "1267441000", "costofGoodsAndServicesSold": "1267441000", "operatingIncome": "712588000", "sellingGeneralAndAdministrative": "819183000", "researchAndDevelopment": "143950000", "operatingExpenses": "1028623000", "investmentIncomeNet": "None", "netInterestIncome": "-37411000", "interestIncome": "None", "interestExpense": "37411000", "nonInterestIncome": "3008652000", "otherNonOperatingIncome": "6177000", "depreciation": "38991000", "depreciationAndAmortization": "49690000", "incomeBeforeTax": "681394000", "incomeTaxExpense": "120285000", "interestAndDebtExpense": "37411000", "netIncomeFromContinuingOperations": "561109000", "comprehensiveIncomeNetOfTax": "539850000", "ebit": "718805000", "ebitda": "768495000", "netIncome": "561109000"}, {"fiscalDateEnding": "2018-12-31", "reportedCurrency": "USD", "grossProfit": "1684378000", "totalRevenue": "2935586000", "costOfRevenue": "1251208000", "costofGoodsAndServicesSold": "1251208000", "operatingIncome": "664561000", "sellingGeneralAndAdministrative": "812802000", "researchAndDevelopment": "141071000", "operatingExpenses": "1019817000", "investmentIncomeNet": "None", "netInterestIncome": "-34511000", "interestIncome": "None", "interestExpense": "34511000", "nonInterestIncome": "2935586000", "otherNonOperatingIncome": "21808000", "depreciation": "37167000", "depreciationAndAmortization": "47524000", "incomeBeforeTax": "651858000", "incomeTaxExpense": "139247000", "interestAndDebtExpense": "34511000", "netIncomeFromContinuingOperations": "512611000", "comprehensiveIncomeNetOfTax": "475603000", "ebit": "686369000", "ebitda": "733893000", "netIncome": "512611000"}, {"fiscalDateEnding": "2017-12-31", "reportedCurrency": "USD", "grossProfit": "1575751000", "totalRevenue": "2725053000", "costOfRevenue": "1149302000", "costofGoodsAndServicesSold": "1151740000", "operatingIncome": "601141000", "sellingGeneralAndAdministrative": "794861000", "researchAndDevelopment": "128308000", "operatingExpenses": "968778000", "investmentIncomeNet": "None", "netInterestIncome": "-32785000", "interestIncome": "None", "interestExpense": "32785000", "nonInterestIncome": "3394000", "otherNonOperatingIncome": "9868000", "depreciation": "33458000", "depreciationAndAmortization": "42671000", "incomeBeforeTax": "574222000", "incomeTaxExpense": "198250000", "interestAndDebtExpense": "32785000", "netIncomeFromContinuingOperations": "375972000", "comprehensiveIncomeNetOfTax": "465564000", "ebit": "607007000", "ebitda": "649678000", "netIncome": "375972000"}, {"fiscalDateEnding": "2016-12-31", "reportedCurrency": "USD", "grossProfit": "1437732000", "totalRevenue": "2508257000", "costOfRevenue": "1070525000", "costofGoodsAndServicesSold": "1072670000", "operatingIncome": "540710000", "sellingGeneralAndAdministrative": "745358000", "researchAndDevelopment": "119196000", "operatingExpenses": "894877000", "investmentIncomeNet": "None", "netInterestIncome": "-28026000", "interestIncome": "None", "interestExpense": "28026000", "nonInterestIncome": "0", "otherNonOperatingIncome": "1328000", "depreciation": "32743000", "depreciationAndAmortization": "36052000", "incomeBeforeTax": "504193000", "incomeTaxExpense": "119823000", "interestAndDebtExpense": "28026000", "netIncomeFromContinuingOperations": "384370000", "comprehensiveIncomeNetOfTax": "296021000", "ebit": "532219000", "ebitda": "568271000", "netIncome": "384370000"}], "quarterlyReports": [{"fiscalDateEnding": "2021-09-30", "reportedCurrency": "USD", "grossProfit": "555820000", "totalRevenue": "951950000", "costOfRevenue": "396130000", "costofGoodsAndServicesSold": "396130000", "operatingIncome": "256121000", "sellingGeneralAndAdministrative": "240734000", "researchAndDevelopment": "42276000", "operatingExpenses": "299699000", "investmentIncomeNet": "None", "netInterestIncome": "-11791000", "interestIncome": "None", "interestExpense": "11791000", "nonInterestIncome": "951950000", "otherNonOperatingIncome": "3257000", "depreciation": "11179000", "depreciationAndAmortization": "16039000", "incomeBeforeTax": "247587000", "incomeTaxExpense": "43899000", "interestAndDebtExpense": "11791000", "netIncomeFromContinuingOperations": "203688000", "comprehensiveIncomeNetOfTax": "208428000", "ebit": "259378000", "ebitda": "275417000", "netIncome": "203688000"}, {"fiscalDateEnding": "2021-06-30", "reportedCurrency": "USD", "grossProfit": "536904000", "totalRevenue": "924351000", "costOfRevenue": "387447000", "costofGoodsAndServicesSold": "387447000", "operatingIncome": "238162000", "sellingGeneralAndAdministrative": "239045000", "researchAndDevelopment": "42603000", "operatingExpenses": "298742000", "investmentIncomeNet": "None", "netInterestIncome": "-10439000", "interestIncome": "None", "interestExpense": "10439000", "nonInterestIncome": "924351000", "otherNonOperatingIncome": "2661000", "depreciation": "11318000", "depreciationAndAmortization": "16218000", "incomeBeforeTax": "230384000", "incomeTaxExpense": "45621000", "interestAndDebtExpense": "10439000", "netIncomeFromContinuingOperations": "184763000", "comprehensiveIncomeNetOfTax": "193915000", "ebit": "240823000", "ebitda": "257041000", "netIncome": "184763000"}, {"fiscalDateEnding": "2021-03-31", "reportedCurrency": "USD", "grossProfit": "471696000", "totalRevenue": "804390000", "costOfRevenue": "332694000", "costofGoodsAndServicesSold": "332694000", "operatingIncome": "192795000", "sellingGeneralAndAdministrative": "221752000", "researchAndDevelopment": "39272000", "operatingExpenses": "278901000", "investmentIncomeNet": "None", "netInterestIncome": "-9471000", "interestIncome": "None", "interestExpense": "9471000", "nonInterestIncome": "804390000", "otherNonOperatingIncome": "-710000", "depreciation": "10943000", "depreciationAndAmortization": "13884000", "incomeBeforeTax": "185414000", "incomeTaxExpense": "35751000", "interestAndDebtExpense": "9471000", "netIncomeFromContinuingOperations": "149663000", "comprehensiveIncomeNetOfTax": "172844000", "ebit": "194885000", "ebitda": "208769000", "netIncome": "149663000"}, {"fiscalDateEnding": "2020-12-31", "reportedCurrency": "USD", "grossProfit": "559044000", "totalRevenue": "937985000", "costOfRevenue": "378941000", "costofGoodsAndServicesSold": "378941000", "operatingIncome": "559044000", "sellingGeneralAndAdministrative": "226369000", "researchAndDevelopment": "39866000", "operatingExpenses": "284073000", "investmentIncomeNet": "None", "netInterestIncome": "-9505000", "interestIncome": "None", "interestExpense": "9505000", "nonInterestIncome": "937985000", "otherNonOperatingIncome": "3714000", "depreciation": "11095000", "depreciationAndAmortization": "14657000", "incomeBeforeTax": "269180000", "incomeTaxExpense": "52885000", "interestAndDebtExpense": "9505000", "netIncomeFromContinuingOperations": "559044000", "comprehensiveIncomeNetOfTax": "208643000", "ebit": "278685000", "ebitda": "293342000", "netIncome": "216295000"}, {"fiscalDateEnding": "2020-09-30", "reportedCurrency": "USD", "grossProfit": "469608000", "totalRevenue": "807357000", "costOfRevenue": "337749000", "costofGoodsAndServicesSold": "337749000", "operatingIncome": "211287000", "sellingGeneralAndAdministrative": "204974000", "researchAndDevelopment": "34656000", "operatingExpenses": "258321000", "investmentIncomeNet": "None", "netInterestIncome": "-9310000", "interestIncome": "None", "interestExpense": "9310000", "nonInterestIncome": "807357000", "otherNonOperatingIncome": "3832000", "depreciation": "10622000", "depreciationAndAmortization": "14121000", "incomeBeforeTax": "205809000", "incomeTaxExpense": "44042000", "interestAndDebtExpense": "9310000", "netIncomeFromContinuingOperations": "161767000", "comprehensiveIncomeNetOfTax": "180099000", "ebit": "215119000", "ebitda": "229240000", "netIncome": "161767000"}, {"fiscalDateEnding": "2020-06-30", "reportedCurrency": "USD", "grossProfit": "397970000", "totalRevenue": "690673000", "costOfRevenue": "292703000", "costofGoodsAndServicesSold": "292703000", "operatingIncome": "161894000", "sellingGeneralAndAdministrative": "190134000", "researchAndDevelopment": "31193000", "operatingExpenses": "236076000", "investmentIncomeNet": "None", "netInterestIncome": "-9582000", "interestIncome": "None", "interestExpense": "9582000", "nonInterestIncome": "690673000", "otherNonOperatingIncome": "2943000", "depreciation": "10194000", "depreciationAndAmortization": "13889000", "incomeBeforeTax": "155255000", "incomeTaxExpense": "28693000", "interestAndDebtExpense": "9582000", "netIncomeFromContinuingOperations": "126562000", "comprehensiveIncomeNetOfTax": "128658000", "ebit": "164837000", "ebitda": "178726000", "netIncome": "126562000"}, {"fiscalDateEnding": "2020-03-31", "reportedCurrency": "USD", "grossProfit": "374409000", "totalRevenue": "649162000", "costOfRevenue": "274753000", "costofGoodsAndServicesSold": "274753000", "operatingIncome": "125375000", "sellingGeneralAndAdministrative": "198744000", "researchAndDevelopment": "34387000", "operatingExpenses": "249034000", "investmentIncomeNet": "None", "netInterestIncome": "-10219000", "interestIncome": "None", "interestExpense": "10219000", "nonInterestIncome": "649162000", "otherNonOperatingIncome": "3343000", "depreciation": "10133000", "depreciationAndAmortization": "13998000", "incomeBeforeTax": "118499000", "incomeTaxExpense": "20384000", "interestAndDebtExpense": "10219000", "netIncomeFromContinuingOperations": "98115000", "comprehensiveIncomeNetOfTax": "74087000", "ebit": "128718000", "ebitda": "142716000", "netIncome": "98115000"}, {"fiscalDateEnding": "2019-12-31", "reportedCurrency": "USD", "grossProfit": "498298000", "totalRevenue": "843968000", "costOfRevenue": "345670000", "costofGoodsAndServicesSold": "345670000", "operatingIncome": "498298000", "sellingGeneralAndAdministrative": "206717000", "researchAndDevelopment": "35300000", "operatingExpenses": "259484000", "investmentIncomeNet": "None", "netInterestIncome": "-9635000", "interestIncome": "None", "interestExpense": "9635000", "nonInterestIncome": "843968000", "otherNonOperatingIncome": "1924000", "depreciation": "9643000", "depreciationAndAmortization": "12813000", "incomeBeforeTax": "231143000", "incomeTaxExpense": "38394000", "interestAndDebtExpense": "9635000", "netIncomeFromContinuingOperations": "498298000", "comprehensiveIncomeNetOfTax": "184062000", "ebit": "240778000", "ebitda": "253591000", "netIncome": "192749000"}, {"fiscalDateEnding": "2019-09-30", "reportedCurrency": "USD", "grossProfit": "435056000", "totalRevenue": "753866000", "costOfRevenue": "318810000", "costofGoodsAndServicesSold": "318810000", "operatingIncome": "177154000", "sellingGeneralAndAdministrative": "202826000", "researchAndDevelopment": "36015000", "operatingExpenses": "257902000", "investmentIncomeNet": "None", "netInterestIncome": "-9800000", "interestIncome": "None", "interestExpense": "9800000", "nonInterestIncome": "753866000", "otherNonOperatingIncome": "2005000", "depreciation": "9958000", "depreciationAndAmortization": "12329000", "incomeBeforeTax": "169359000", "incomeTaxExpense": "39964000", "interestAndDebtExpense": "9800000", "netIncomeFromContinuingOperations": "129395000", "comprehensiveIncomeNetOfTax": "115842000", "ebit": "179159000", "ebitda": "191488000", "netIncome": "129395000"}, {"fiscalDateEnding": "2019-06-30", "reportedCurrency": "USD", "grossProfit": "419538000", "totalRevenue": "731366000", "costOfRevenue": "311828000", "costofGoodsAndServicesSold": "311828000", "operatingIncome": "162524000", "sellingGeneralAndAdministrative": "205215000", "researchAndDevelopment": "36582000", "operatingExpenses": "257014000", "investmentIncomeNet": "None", "netInterestIncome": "-8882000", "interestIncome": "None", "interestExpense": "8882000", "nonInterestIncome": "731366000", "otherNonOperatingIncome": "1574000", "depreciation": "9623000", "depreciationAndAmortization": "12326000", "incomeBeforeTax": "155216000", "incomeTaxExpense": "28056000", "interestAndDebtExpense": "8882000", "netIncomeFromContinuingOperations": "127160000", "comprehensiveIncomeNetOfTax": "115481000", "ebit": "164098000", "ebitda": "176424000", "netIncome": "127160000"}, {"fiscalDateEnding": "2019-03-31", "reportedCurrency": "USD", "grossProfit": "388319000", "totalRevenue": "679452000", "costOfRevenue": "291133000", "costofGoodsAndServicesSold": "291133000", "operatingIncome": "134096000", "sellingGeneralAndAdministrative": "204425000", "researchAndDevelopment": "36053000", "operatingExpenses": "254223000", "investmentIncomeNet": "None", "netInterestIncome": "-9094000", "interestIncome": "None", "interestExpense": "9094000", "nonInterestIncome": "679452000", "otherNonOperatingIncome": "674000", "depreciation": "9767000", "depreciationAndAmortization": "12222000", "incomeBeforeTax": "125676000", "incomeTaxExpense": "13871000", "interestAndDebtExpense": "9094000", "netIncomeFromContinuingOperations": "111805000", "comprehensiveIncomeNetOfTax": "124465000", "ebit": "134770000", "ebitda": "146992000", "netIncome": "111805000"}, {"fiscalDateEnding": "2018-12-31", "reportedCurrency": "USD", "grossProfit": "477566000", "totalRevenue": "817923000", "costOfRevenue": "340357000", "costofGoodsAndServicesSold": "340357000", "operatingIncome": "477566000", "sellingGeneralAndAdministrative": "201653000", "researchAndDevelopment": "36205000", "operatingExpenses": "254285000", "investmentIncomeNet": "None", "netInterestIncome": "-8840000", "interestIncome": "None", "interestExpense": "8840000", "nonInterestIncome": "817923000", "otherNonOperatingIncome": "16013000", "depreciation": "9278000", "depreciationAndAmortization": "11963000", "incomeBeforeTax": "230454000", "incomeTaxExpense": "49268000", "interestAndDebtExpense": "8840000", "netIncomeFromContinuingOperations": "477566000", "comprehensiveIncomeNetOfTax": "162301000", "ebit": "239294000", "ebitda": "251257000", "netIncome": "181186000"}, {"fiscalDateEnding": "2018-09-30", "reportedCurrency": "USD", "grossProfit": "419254000", "totalRevenue": "734846000", "costOfRevenue": "315592000", "costofGoodsAndServicesSold": "315592000", "operatingIncome": "167887000", "sellingGeneralAndAdministrative": "202451000", "researchAndDevelopment": "34838000", "operatingExpenses": "251367000", "investmentIncomeNet": "None", "netInterestIncome": "-9003000", "interestIncome": "None", "interestExpense": "9003000", "nonInterestIncome": "734846000", "otherNonOperatingIncome": "1479000", "depreciation": "9283000", "depreciationAndAmortization": "11856000", "incomeBeforeTax": "160363000", "incomeTaxExpense": "33710000", "interestAndDebtExpense": "9003000", "netIncomeFromContinuingOperations": "126653000", "comprehensiveIncomeNetOfTax": "108845000", "ebit": "169366000", "ebitda": "181222000", "netIncome": "126653000"}, {"fiscalDateEnding": "2018-06-30", "reportedCurrency": "USD", "grossProfit": "412625000", "totalRevenue": "721996000", "costOfRevenue": "309371000", "costofGoodsAndServicesSold": "309371000", "operatingIncome": "149995000", "sellingGeneralAndAdministrative": "208024000", "researchAndDevelopment": "35315000", "operatingExpenses": "262630000", "investmentIncomeNet": "None", "netInterestIncome": "-8309000", "interestIncome": "None", "interestExpense": "8309000", "nonInterestIncome": "721996000", "otherNonOperatingIncome": "1916000", "depreciation": "9449000", "depreciationAndAmortization": "11970000", "incomeBeforeTax": "143602000", "incomeTaxExpense": "32134000", "interestAndDebtExpense": "8309000", "netIncomeFromContinuingOperations": "111468000", "comprehensiveIncomeNetOfTax": "82263000", "ebit": "151911000", "ebitda": "163881000", "netIncome": "111468000"}, {"fiscalDateEnding": "2018-03-31", "reportedCurrency": "USD", "grossProfit": "374933000", "totalRevenue": "660821000", "costOfRevenue": "285888000", "costofGoodsAndServicesSold": "285888000", "operatingIncome": "123398000", "sellingGeneralAndAdministrative": "200674000", "researchAndDevelopment": "34713000", "operatingExpenses": "251535000", "investmentIncomeNet": "None", "netInterestIncome": "-8359000", "interestIncome": "None", "interestExpense": "8359000", "nonInterestIncome": "660821000", "otherNonOperatingIncome": "2400000", "depreciation": "9157000", "depreciationAndAmortization": "11735000", "incomeBeforeTax": "117439000", "incomeTaxExpense": "24135000", "interestAndDebtExpense": "8359000", "netIncomeFromContinuingOperations": "93304000", "comprehensiveIncomeNetOfTax": "122194000", "ebit": "125798000", "ebitda": "137533000", "netIncome": "93304000"}, {"fiscalDateEnding": "2017-12-31", "reportedCurrency": "USD", "grossProfit": "455775000", "totalRevenue": "778031000", "costOfRevenue": "322256000", "costofGoodsAndServicesSold": "322812000", "operatingIncome": "455219000", "sellingGeneralAndAdministrative": "206548000", "researchAndDevelopment": "32323000", "operatingExpenses": "249601003", "investmentIncomeNet": "None", "netInterestIncome": "-8625000", "interestIncome": "None", "interestExpense": "8625000", "nonInterestIncome": "0", "otherNonOperatingIncome": "1214000", "depreciation": "9037000", "depreciationAndAmortization": "11661000", "incomeBeforeTax": "193900000", "incomeTaxExpense": "116924000", "interestAndDebtExpense": "8625000", "netIncomeFromContinuingOperations": "455219000", "comprehensiveIncomeNetOfTax": "89207000", "ebit": "202525000", "ebitda": "214186000", "netIncome": "76976000"}, {"fiscalDateEnding": "2017-09-30", "reportedCurrency": "USD", "grossProfit": "400975000", "totalRevenue": "698799000", "costOfRevenue": "297824000", "costofGoodsAndServicesSold": "298522000", "operatingIncome": "148784000", "sellingGeneralAndAdministrative": "207033000", "researchAndDevelopment": "32203000", "operatingExpenses": "251493000", "investmentIncomeNet": "None", "netInterestIncome": "-8248000", "interestIncome": "None", "interestExpense": "8248000", "nonInterestIncome": "0", "otherNonOperatingIncome": "237000", "depreciation": "8502000", "depreciationAndAmortization": "10716000", "incomeBeforeTax": "139627000", "incomeTaxExpense": "34677000", "interestAndDebtExpense": "8248000", "netIncomeFromContinuingOperations": "104950000", "comprehensiveIncomeNetOfTax": "125699000", "ebit": "147875000", "ebitda": "158591000", "netIncome": "104950000"}, {"fiscalDateEnding": "2017-06-30", "reportedCurrency": "USD", "grossProfit": "375612000", "totalRevenue": "653656000", "costOfRevenue": "278044000", "costofGoodsAndServicesSold": "278739000", "operatingIncome": "134274000", "sellingGeneralAndAdministrative": "195624000", "researchAndDevelopment": "32582000", "operatingExpenses": "240643000", "investmentIncomeNet": "None", "netInterestIncome": "-8171000", "interestIncome": "None", "interestExpense": "8171000", "nonInterestIncome": "0", "otherNonOperatingIncome": "1884000", "depreciation": "7953000", "depreciationAndAmortization": "10249000", "incomeBeforeTax": "126847000", "incomeTaxExpense": "25267000", "interestAndDebtExpense": "8171000", "netIncomeFromContinuingOperations": "101580000", "comprehensiveIncomeNetOfTax": "134314000", "ebit": "135018000", "ebitda": "145267000", "netIncome": "101580000"}, {"fiscalDateEnding": "2017-03-31", "reportedCurrency": "USD", "grossProfit": "343389000", "totalRevenue": "594567000", "costOfRevenue": "251178000", "costofGoodsAndServicesSold": "251667000", "operatingIncome": "115859000", "sellingGeneralAndAdministrative": "185656000", "researchAndDevelopment": "31200000", "operatingExpenses": "223647000", "investmentIncomeNet": "None", "netInterestIncome": "-7741000", "interestIncome": "None", "interestExpense": "7741000", "nonInterestIncome": "3394000", "otherNonOperatingIncome": "6533000", "depreciation": "7966000", "depreciationAndAmortization": "10045000", "incomeBeforeTax": "113848000", "incomeTaxExpense": "21382000", "interestAndDebtExpense": "7741000", "netIncomeFromContinuingOperations": "92466000", "comprehensiveIncomeNetOfTax": "116344000", "ebit": "121589000", "ebitda": "131634000", "netIncome": "92466000"}, {"fiscalDateEnding": "2016-12-31", "reportedCurrency": "USD", "grossProfit": "418610000", "totalRevenue": "709699000", "costOfRevenue": "291089000", "costofGoodsAndServicesSold": "291089000", "operatingIncome": "418610000", "sellingGeneralAndAdministrative": "200959000", "researchAndDevelopment": "29383000", "operatingExpenses": "229920000", "investmentIncomeNet": "None", "netInterestIncome": "-7407000", "interestIncome": "None", "interestExpense": "7407000", "nonInterestIncome": "0", "otherNonOperatingIncome": "9820000", "depreciation": "8216000", "depreciationAndAmortization": "9886000", "incomeBeforeTax": "181284000", "incomeTaxExpense": "43508000", "interestAndDebtExpense": "7407000", "netIncomeFromContinuingOperations": "418610000", "comprehensiveIncomeNetOfTax": "49181000", "ebit": "188691000", "ebitda": "198577000", "netIncome": "137776000"}]}