{"symbol": "NCLH", "annualReports": [{"fiscalDateEnding": "2020-12-31", "reportedCurrency": "USD", "grossProfit": "-4253126000", "totalRevenue": "1162118000", "costOfRevenue": "5415244000", "costofGoodsAndServicesSold": "1822961000", "operatingIncome": "-3484135000", "sellingGeneralAndAdministrative": "745345000", "researchAndDevelopment": "None", "operatingExpenses": "3070982000", "investmentIncomeNet": "None", "netInterestIncome": "-93199000", "interestIncome": "-454518000", "interestExpense": "93199000", "nonInterestIncome": "1253528000", "otherNonOperatingIncome": "-33600000", "depreciation": "707900000", "depreciationAndAmortization": "717840000", "incomeBeforeTax": "-4000047000", "incomeTaxExpense": "12467000", "interestAndDebtExpense": "103679000", "netIncomeFromContinuingOperations": "-4012514000", "comprehensiveIncomeNetOfTax": "-3957141000", "ebit": "-3906848000", "ebitda": "-3189008000", "netIncome": "-4012514000"}, {"fiscalDateEnding": "2019-12-31", "reportedCurrency": "USD", "grossProfit": "-223016000", "totalRevenue": "6185140000", "costOfRevenue": "6408156000", "costofGoodsAndServicesSold": "3862961000", "operatingIncome": "1178077000", "sellingGeneralAndAdministrative": "974850000", "researchAndDevelopment": "None", "operatingExpenses": "1621038000", "investmentIncomeNet": "None", "netInterestIncome": "-272900000", "interestIncome": "-256191000", "interestExpense": "272900000", "nonInterestIncome": "6455979000", "otherNonOperatingIncome": "6155000", "depreciation": "627700000", "depreciationAndAmortization": "646188000", "incomeBeforeTax": "911365000", "incomeTaxExpense": "-18863000", "interestAndDebtExpense": "286297000", "netIncomeFromContinuingOperations": "930228000", "comprehensiveIncomeNetOfTax": "796385000", "ebit": "1184265000", "ebitda": "1830453000", "netIncome": "930228000"}, {"fiscalDateEnding": "2018-12-31", "reportedCurrency": "USD", "grossProfit": "-158591000", "totalRevenue": "5758580000", "costOfRevenue": "5917171000", "costofGoodsAndServicesSold": "3576576000", "operatingIncome": "1219061000", "sellingGeneralAndAdministrative": "897929000", "researchAndDevelopment": "None", "operatingExpenses": "1458989000", "investmentIncomeNet": "None", "netInterestIncome": "-270400000", "interestIncome": "-270404000", "interestExpense": "270400000", "nonInterestIncome": "6028980000", "otherNonOperatingIncome": "20653000", "depreciation": "534900000", "depreciationAndAmortization": "561060000", "incomeBeforeTax": "969310000", "incomeTaxExpense": "14467000", "interestAndDebtExpense": "276746000", "netIncomeFromContinuingOperations": "954843000", "comprehensiveIncomeNetOfTax": "766230000", "ebit": "1239710000", "ebitda": "1800770000", "netIncome": "954843000"}, {"fiscalDateEnding": "2017-12-31", "reportedCurrency": "USD", "grossProfit": "206338000", "totalRevenue": "5396175000", "costOfRevenue": "5189837000", "costofGoodsAndServicesSold": "3906125000", "operatingIncome": "1048819000", "sellingGeneralAndAdministrative": "773755000", "researchAndDevelopment": "None", "operatingExpenses": "1283712000", "investmentIncomeNet": "None", "netInterestIncome": "-267800000", "interestIncome": "-268194000", "interestExpense": "267800000", "nonInterestIncome": "23900000", "otherNonOperatingIncome": "-10401000", "depreciation": "478700000", "depreciationAndAmortization": "509957000", "incomeBeforeTax": "770614000", "incomeTaxExpense": "10742000", "interestAndDebtExpense": "243900000", "netIncomeFromContinuingOperations": "759872000", "comprehensiveIncomeNetOfTax": "1101311000", "ebit": "1038414000", "ebitda": "1548371000", "netIncome": "759872000"}, {"fiscalDateEnding": "2016-12-31", "reportedCurrency": "USD", "grossProfit": "113600000", "totalRevenue": "4874340000", "costOfRevenue": "4760740000", "costofGoodsAndServicesSold": "3662089000", "operatingIncome": "925464000", "sellingGeneralAndAdministrative": "666156000", "researchAndDevelopment": "None", "operatingExpenses": "1098651000", "investmentIncomeNet": "None", "netInterestIncome": "-276859000", "interestIncome": "41000", "interestExpense": "276900000", "nonInterestIncome": "48300000", "otherNonOperatingIncome": "-8302000", "depreciation": "411400000", "depreciationAndAmortization": "432495000", "incomeBeforeTax": "640303000", "incomeTaxExpense": "7218000", "interestAndDebtExpense": "249200000", "netIncomeFromContinuingOperations": "633085000", "comprehensiveIncomeNetOfTax": "731262000", "ebit": "917203000", "ebitda": "1349698000", "netIncome": "633085000"}], "quarterlyReports": [{"fiscalDateEnding": "2021-09-30", "reportedCurrency": "USD", "grossProfit": "-700783000", "totalRevenue": "141404000", "costOfRevenue": "842187000", "costofGoodsAndServicesSold": "439756000", "operatingIncome": "-689106000", "sellingGeneralAndAdministrative": "229142000", "researchAndDevelopment": "None", "operatingExpenses": "402431000", "investmentIncomeNet": "None", "netInterestIncome": "-21577000", "interestIncome": "None", "interestExpense": "21577000", "nonInterestIncome": "162981000", "otherNonOperatingIncome": "4700000", "depreciation": "None", "depreciationAndAmortization": "173289000", "incomeBeforeTax": "-845591000", "incomeTaxExpense": "294000", "interestAndDebtExpense": "21577000", "netIncomeFromContinuingOperations": "-845885000", "comprehensiveIncomeNetOfTax": "-877973000", "ebit": "-824014000", "ebitda": "-650725000", "netIncome": "-845885000"}, {"fiscalDateEnding": "2021-06-30", "reportedCurrency": "USD", "grossProfit": "-712852000", "totalRevenue": "4368000", "costOfRevenue": "696119000", "costofGoodsAndServicesSold": "249727000", "operatingIncome": "-605104000", "sellingGeneralAndAdministrative": "185483000", "researchAndDevelopment": "None", "operatingExpenses": "359745000", "investmentIncomeNet": "None", "netInterestIncome": "-21301000", "interestIncome": "None", "interestExpense": "21301000", "nonInterestIncome": "4568000", "otherNonOperatingIncome": "25501000", "depreciation": "None", "depreciationAndAmortization": "174262000", "incomeBeforeTax": "-716862000", "incomeTaxExpense": "927000", "interestAndDebtExpense": "21301000", "netIncomeFromContinuingOperations": "-717789000", "comprehensiveIncomeNetOfTax": "-659474000", "ebit": "-695561000", "ebitda": "-521299000", "netIncome": "-717789000"}, {"fiscalDateEnding": "2021-03-31", "reportedCurrency": "USD", "grossProfit": "-1292390000", "totalRevenue": "3100000", "costOfRevenue": "656504000", "costofGoodsAndServicesSold": "200855000", "operatingIncome": "-571266000", "sellingGeneralAndAdministrative": "203195000", "researchAndDevelopment": "None", "operatingExpenses": "373511000", "investmentIncomeNet": "None", "netInterestIncome": "-27033000", "interestIncome": "-150441000", "interestExpense": "27033000", "nonInterestIncome": "-608853000", "otherNonOperatingIncome": "27200000", "depreciation": "None", "depreciationAndAmortization": "170316000", "incomeBeforeTax": "-1368464000", "incomeTaxExpense": "1728000", "interestAndDebtExpense": "648927000", "netIncomeFromContinuingOperations": "-1370192000", "comprehensiveIncomeNetOfTax": "-1421293000", "ebit": "-1341431000", "ebitda": "-1171115000", "netIncome": "-1370192000"}, {"fiscalDateEnding": "2020-12-31", "reportedCurrency": "USD", "grossProfit": "9579000", "totalRevenue": "9579000", "costOfRevenue": "766198000", "costofGoodsAndServicesSold": "336892000", "operatingIncome": "-546880000", "sellingGeneralAndAdministrative": "186564000", "researchAndDevelopment": "None", "operatingExpenses": "349467000", "investmentIncomeNet": "None", "netInterestIncome": "-51150000", "interestIncome": "-103615000", "interestExpense": "51150000", "nonInterestIncome": "9579000", "otherNonOperatingIncome": "-1325000", "depreciation": "None", "depreciationAndAmortization": "162903000", "incomeBeforeTax": "-707366000", "incomeTaxExpense": "31567000", "interestAndDebtExpense": "51150000", "netIncomeFromContinuingOperations": "-546880000", "comprehensiveIncomeNetOfTax": "-607046000", "ebit": "-656216000", "ebitda": "-493313000", "netIncome": "-738933000"}, {"fiscalDateEnding": "2020-09-30", "reportedCurrency": "USD", "grossProfit": "-625174000", "totalRevenue": "6518000", "costOfRevenue": "589872000", "costofGoodsAndServicesSold": "190157000", "operatingIncome": "-517783000", "sellingGeneralAndAdministrative": "156656000", "researchAndDevelopment": "None", "operatingExpenses": "334144000", "investmentIncomeNet": "None", "netInterestIncome": "-29520000", "interestIncome": "-146300000", "interestExpense": "29520000", "nonInterestIncome": "-5782000", "otherNonOperatingIncome": "-23700000", "depreciation": "None", "depreciationAndAmortization": "177488000", "incomeBeforeTax": "-681127000", "incomeTaxExpense": "-3761000", "interestAndDebtExpense": "29520000", "netIncomeFromContinuingOperations": "-677366000", "comprehensiveIncomeNetOfTax": "-553483000", "ebit": "-651607000", "ebitda": "-474119000", "netIncome": "-677366000"}, {"fiscalDateEnding": "2020-06-30", "reportedCurrency": "USD", "grossProfit": "-734355000", "totalRevenue": "6729000", "costOfRevenue": "741084000", "costofGoodsAndServicesSold": "301652000", "operatingIncome": "-595411000", "sellingGeneralAndAdministrative": "131436000", "researchAndDevelopment": "None", "operatingExpenses": "310688000", "investmentIncomeNet": "None", "netInterestIncome": "-114537000", "interestIncome": "-135696000", "interestExpense": "114537000", "nonInterestIncome": "6729000", "otherNonOperatingIncome": "-14418000", "depreciation": "None", "depreciationAndAmortization": "179252000", "incomeBeforeTax": "-724343000", "incomeTaxExpense": "-9123000", "interestAndDebtExpense": "None", "netIncomeFromContinuingOperations": "-715266000", "comprehensiveIncomeNetOfTax": "-631881000", "ebit": "-595411000", "ebitda": "-416159000", "netIncome": "-715243000"}, {"fiscalDateEnding": "2020-03-31", "reportedCurrency": "USD", "grossProfit": "-2051308000", "totalRevenue": "1266782000", "costOfRevenue": "3318090000", "costofGoodsAndServicesSold": "994260000", "operatingIncome": "-1824061000", "sellingGeneralAndAdministrative": "270689000", "researchAndDevelopment": "None", "operatingExpenses": "2076683000", "investmentIncomeNet": "None", "netInterestIncome": "-68907000", "interestIncome": "-68507000", "interestExpense": "68907000", "nonInterestIncome": "1266782000", "otherNonOperatingIncome": "5800000", "depreciation": "None", "depreciationAndAmortization": "198197000", "incomeBeforeTax": "-1887145000", "incomeTaxExpense": "-6173000", "interestAndDebtExpense": "None", "netIncomeFromContinuingOperations": "-1880972000", "comprehensiveIncomeNetOfTax": "-2164731000", "ebit": "-1824061000", "ebitda": "-1625864000", "netIncome": "-1880972000"}, {"fiscalDateEnding": "2019-12-31", "reportedCurrency": "USD", "grossProfit": "1480618000", "totalRevenue": "1480618000", "costOfRevenue": "1716774000", "costofGoodsAndServicesSold": "1087122000", "operatingIncome": "199376000", "sellingGeneralAndAdministrative": "229859000", "researchAndDevelopment": "None", "operatingExpenses": "393820000", "investmentIncomeNet": "None", "netInterestIncome": "-271914000", "interestIncome": "-63799000", "interestExpense": "271914000", "nonInterestIncome": "1480618000", "otherNonOperatingIncome": "-7278000", "depreciation": "None", "depreciationAndAmortization": "163961000", "incomeBeforeTax": "118934000", "incomeTaxExpense": "-2363000", "interestAndDebtExpense": "281323000", "netIncomeFromContinuingOperations": "199376000", "comprehensiveIncomeNetOfTax": "215440000", "ebit": "199376000", "ebitda": "554809000", "netIncome": "121297000"}, {"fiscalDateEnding": "2019-09-30", "reportedCurrency": "USD", "grossProfit": "285941000", "totalRevenue": "1923901000", "costOfRevenue": "1637960000", "costofGoodsAndServicesSold": "990764000", "operatingIncome": "511724000", "sellingGeneralAndAdministrative": "255148000", "researchAndDevelopment": "None", "operatingExpenses": "411363000", "investmentIncomeNet": "None", "netInterestIncome": "-318000", "interestIncome": "-60188000", "interestExpense": "318000", "nonInterestIncome": "1923751000", "otherNonOperatingIncome": "10300000", "depreciation": "None", "depreciationAndAmortization": "156215000", "incomeBeforeTax": "461784000", "incomeTaxExpense": "11200000", "interestAndDebtExpense": "318000", "netIncomeFromContinuingOperations": "450584000", "comprehensiveIncomeNetOfTax": "240720000", "ebit": "511724000", "ebitda": "618317000", "netIncome": "450584000"}, {"fiscalDateEnding": "2019-06-30", "reportedCurrency": "USD", "grossProfit": "76155000", "totalRevenue": "1661136000", "costOfRevenue": "1584981000", "costofGoodsAndServicesSold": "958424000", "operatingIncome": "308681000", "sellingGeneralAndAdministrative": "240901000", "researchAndDevelopment": "None", "operatingExpenses": "397172000", "investmentIncomeNet": "None", "netInterestIncome": "-326000", "interestIncome": "-64794000", "interestExpense": "326000", "nonInterestIncome": "1660977000", "otherNonOperatingIncome": "3600000", "depreciation": "None", "depreciationAndAmortization": "156271000", "incomeBeforeTax": "246290000", "incomeTaxExpense": "6100000", "interestAndDebtExpense": "326000", "netIncomeFromContinuingOperations": "240190000", "comprehensiveIncomeNetOfTax": "213821000", "ebit": "308681000", "ebitda": "402887000", "netIncome": "240190000"}, {"fiscalDateEnding": "2019-03-31", "reportedCurrency": "USD", "grossProfit": "-68714000", "totalRevenue": "1399727000", "costOfRevenue": "1468441000", "costofGoodsAndServicesSold": "826651000", "operatingIncome": "158296000", "sellingGeneralAndAdministrative": "248942000", "researchAndDevelopment": "None", "operatingExpenses": "418683000", "investmentIncomeNet": "None", "netInterestIncome": "-342000", "interestIncome": "-67410000", "interestExpense": "342000", "nonInterestIncome": "1399727000", "otherNonOperatingIncome": "-434000", "depreciation": "None", "depreciationAndAmortization": "169741000", "incomeBeforeTax": "84359000", "incomeTaxExpense": "-33798000", "interestAndDebtExpense": "2903000", "netIncomeFromContinuingOperations": "118157000", "comprehensiveIncomeNetOfTax": "126404000", "ebit": "158296000", "ebitda": "254442000", "netIncome": "118157000"}, {"fiscalDateEnding": "2018-12-31", "reportedCurrency": "USD", "grossProfit": "1381193000", "totalRevenue": "1381193000", "costOfRevenue": "1595851000", "costofGoodsAndServicesSold": "1016758000", "operatingIncome": "209580000", "sellingGeneralAndAdministrative": "208943000", "researchAndDevelopment": "None", "operatingExpenses": "354355000", "investmentIncomeNet": "None", "netInterestIncome": "None", "interestIncome": "None", "interestExpense": "68178000", "nonInterestIncome": "1381193000", "otherNonOperatingIncome": "9299000", "depreciation": "None", "depreciationAndAmortization": "145412000", "incomeBeforeTax": "150701000", "incomeTaxExpense": "-3933000", "interestAndDebtExpense": "270400000", "netIncomeFromContinuingOperations": "209580000", "comprehensiveIncomeNetOfTax": "-63131000", "ebit": "209580000", "ebitda": "354992000", "netIncome": "154634000"}, {"fiscalDateEnding": "2018-09-30", "reportedCurrency": "USD", "grossProfit": "322369000", "totalRevenue": "1858156000", "costOfRevenue": "1535787000", "costofGoodsAndServicesSold": "928944000", "operatingIncome": "550276000", "sellingGeneralAndAdministrative": "235436000", "researchAndDevelopment": "None", "operatingExpenses": "379136000", "investmentIncomeNet": "None", "netInterestIncome": "None", "interestIncome": "None", "interestExpense": "69540000", "nonInterestIncome": "1858156000", "otherNonOperatingIncome": "98000", "depreciation": "None", "depreciationAndAmortization": "143700000", "incomeBeforeTax": "480834000", "incomeTaxExpense": "10456000", "interestAndDebtExpense": "0", "netIncomeFromContinuingOperations": "470378000", "comprehensiveIncomeNetOfTax": "475144000", "ebit": "550276000", "ebitda": "693976000", "netIncome": "470378000"}, {"fiscalDateEnding": "2018-06-30", "reportedCurrency": "USD", "grossProfit": "85515000", "totalRevenue": "1534874000", "costOfRevenue": "1449359000", "costofGoodsAndServicesSold": "862783000", "operatingIncome": "292152000", "sellingGeneralAndAdministrative": "226535000", "researchAndDevelopment": "None", "operatingExpenses": "367239000", "investmentIncomeNet": "None", "netInterestIncome": "None", "interestIncome": "None", "interestExpense": "72988000", "nonInterestIncome": "1534874000", "otherNonOperatingIncome": "12900000", "depreciation": "None", "depreciationAndAmortization": "140704000", "incomeBeforeTax": "232086000", "incomeTaxExpense": "5410000", "interestAndDebtExpense": "None", "netIncomeFromContinuingOperations": "226676000", "comprehensiveIncomeNetOfTax": "204166000", "ebit": "292152000", "ebitda": "432856000", "netIncome": "226676000"}, {"fiscalDateEnding": "2018-03-31", "reportedCurrency": "USD", "grossProfit": "-8755000", "totalRevenue": "1293403000", "costOfRevenue": "1302158000", "costofGoodsAndServicesSold": "943899000", "operatingIncome": "167053000", "sellingGeneralAndAdministrative": "227015000", "researchAndDevelopment": "None", "operatingExpenses": "358259000", "investmentIncomeNet": "None", "netInterestIncome": "None", "interestIncome": "None", "interestExpense": "59698000", "nonInterestIncome": "1800000", "otherNonOperatingIncome": "-1666000", "depreciation": "None", "depreciationAndAmortization": "131244000", "incomeBeforeTax": "105689000", "incomeTaxExpense": "2534000", "interestAndDebtExpense": "None", "netIncomeFromContinuingOperations": "103155000", "comprehensiveIncomeNetOfTax": "150051000", "ebit": "167053000", "ebitda": "298297000", "netIncome": "103155000"}, {"fiscalDateEnding": "2017-12-31", "reportedCurrency": "USD", "grossProfit": "1249553000", "totalRevenue": "1249553000", "costOfRevenue": "1395899000", "costofGoodsAndServicesSold": "1079879000", "operatingIncome": "177194000", "sellingGeneralAndAdministrative": "185841000", "researchAndDevelopment": "None", "operatingExpenses": "318920000", "investmentIncomeNet": "None", "netInterestIncome": "-84305000", "interestIncome": "None", "interestExpense": "84309000", "nonInterestIncome": "1249553000", "otherNonOperatingIncome": "1285000", "depreciation": "None", "depreciationAndAmortization": "133079000", "incomeBeforeTax": "94170000", "incomeTaxExpense": "-4627000", "interestAndDebtExpense": "None", "netIncomeFromContinuingOperations": "177194000", "comprehensiveIncomeNetOfTax": "186818000", "ebit": "177194000", "ebitda": "310273000", "netIncome": "98797000"}, {"fiscalDateEnding": "2017-09-30", "reportedCurrency": "USD", "grossProfit": "300677000", "totalRevenue": "1651738000", "costOfRevenue": "1351061000", "costofGoodsAndServicesSold": "1014308000", "operatingIncome": "476820000", "sellingGeneralAndAdministrative": "202221000", "researchAndDevelopment": "None", "operatingExpenses": "336753000", "investmentIncomeNet": "None", "netInterestIncome": "-66339000", "interestIncome": "None", "interestExpense": "66339000", "nonInterestIncome": "1647738000", "otherNonOperatingIncome": "-3262000", "depreciation": "None", "depreciationAndAmortization": "134532000", "incomeBeforeTax": "407219000", "incomeTaxExpense": "6527000", "interestAndDebtExpense": "None", "netIncomeFromContinuingOperations": "400692000", "comprehensiveIncomeNetOfTax": "509716000", "ebit": "476820000", "ebitda": "611352000", "netIncome": "400692000"}, {"fiscalDateEnding": "2017-06-30", "reportedCurrency": "USD", "grossProfit": "110898000", "totalRevenue": "1344103000", "costOfRevenue": "1233205000", "costofGoodsAndServicesSold": "916415000", "operatingIncome": "275071000", "sellingGeneralAndAdministrative": "193649000", "researchAndDevelopment": "None", "operatingExpenses": "316790000", "investmentIncomeNet": "None", "netInterestIncome": "-64196000", "interestIncome": "None", "interestExpense": "64196000", "nonInterestIncome": "1336003000", "otherNonOperatingIncome": "-5609000", "depreciation": "None", "depreciationAndAmortization": "123141000", "incomeBeforeTax": "205266000", "incomeTaxExpense": "6793000", "interestAndDebtExpense": "None", "netIncomeFromContinuingOperations": "198473000", "comprehensiveIncomeNetOfTax": "340340000", "ebit": "275071000", "ebitda": "398212000", "netIncome": "198473000"}, {"fiscalDateEnding": "2017-03-31", "reportedCurrency": "USD", "grossProfit": "-55991000", "totalRevenue": "1150781000", "costOfRevenue": "1206772000", "costofGoodsAndServicesSold": "895523000", "operatingIncome": "119734000", "sellingGeneralAndAdministrative": "192044000", "researchAndDevelopment": "None", "operatingExpenses": "311249000", "investmentIncomeNet": "None", "netInterestIncome": "-52960000", "interestIncome": "None", "interestExpense": "52960000", "nonInterestIncome": "2800000", "otherNonOperatingIncome": "-2815000", "depreciation": "None", "depreciationAndAmortization": "119205000", "incomeBeforeTax": "63959000", "incomeTaxExpense": "2049000", "interestAndDebtExpense": "None", "netIncomeFromContinuingOperations": "61910000", "comprehensiveIncomeNetOfTax": "64437000", "ebit": "119734000", "ebitda": "238939000", "netIncome": "61910000"}, {"fiscalDateEnding": "2016-12-31", "reportedCurrency": "USD", "grossProfit": "1125137000", "totalRevenue": "1125137000", "costOfRevenue": "1280404000", "costofGoodsAndServicesSold": "1004037000", "operatingIncome": "153550000", "sellingGeneralAndAdministrative": "161462000", "researchAndDevelopment": "None", "operatingExpenses": "276477000", "investmentIncomeNet": "None", "netInterestIncome": "-88023000", "interestIncome": "177340000", "interestExpense": "265363000", "nonInterestIncome": "59837000", "otherNonOperatingIncome": "-8302000", "depreciation": "None", "depreciationAndAmortization": "115015000", "incomeBeforeTax": "70506000", "incomeTaxExpense": "-1726000", "interestAndDebtExpense": "237663000", "netIncomeFromContinuingOperations": "153550000", "comprehensiveIncomeNetOfTax": "-19080000", "ebit": "153550000", "ebitda": "450884000", "netIncome": "72232000"}]}