{"symbol": "NDAQ", "annualReports": [{"fiscalDateEnding": "2020-12-31", "reportedCurrency": "USD", "grossProfit": "2903000000", "totalRevenue": "5627000000", "costOfRevenue": "2724000000", "costofGoodsAndServicesSold": "3510000000", "operatingIncome": "1234000000", "sellingGeneralAndAdministrative": "181000000", "researchAndDevelopment": "None", "operatingExpenses": "1669000000", "investmentIncomeNet": "4000000", "netInterestIncome": "-101000000", "interestIncome": "4000000", "interestExpense": "101000000", "nonInterestIncome": "5591000000", "otherNonOperatingIncome": "5000000", "depreciation": "None", "depreciationAndAmortization": "202000000", "incomeBeforeTax": "1212000000", "incomeTaxExpense": "279000000", "interestAndDebtExpense": "137000000", "netIncomeFromContinuingOperations": "933000000", "comprehensiveIncomeNetOfTax": "1251000000", "ebit": "1313000000", "ebitda": "1515000000", "netIncome": "933000000"}, {"fiscalDateEnding": "2019-12-31", "reportedCurrency": "USD", "grossProfit": "2535000000", "totalRevenue": "4262000000", "costOfRevenue": "1727000000", "costofGoodsAndServicesSold": "2434000000", "operatingIncome": "1017000000", "sellingGeneralAndAdministrative": "164000000", "researchAndDevelopment": "None", "operatingExpenses": "1518000000", "investmentIncomeNet": "10000000", "netInterestIncome": "-124000000", "interestIncome": "10000000", "interestExpense": "124000000", "nonInterestIncome": "4289000000", "otherNonOperatingIncome": "5000000", "depreciation": "None", "depreciationAndAmortization": "190000000", "incomeBeforeTax": "1019000000", "incomeTaxExpense": "245000000", "interestAndDebtExpense": "124000000", "netIncomeFromContinuingOperations": "774000000", "comprehensiveIncomeNetOfTax": "618000000", "ebit": "1143000000", "ebitda": "1333000000", "netIncome": "774000000"}, {"fiscalDateEnding": "2018-12-31", "reportedCurrency": "USD", "grossProfit": "2526000000", "totalRevenue": "4277000000", "costOfRevenue": "1751000000", "costofGoodsAndServicesSold": "2463000000", "operatingIncome": "1028000000", "sellingGeneralAndAdministrative": "157000000", "researchAndDevelopment": "None", "operatingExpenses": "1498000000", "investmentIncomeNet": "10000000", "netInterestIncome": "-150000000", "interestIncome": "10000000", "interestExpense": "150000000", "nonInterestIncome": "4310000000", "otherNonOperatingIncome": "7000000", "depreciation": "None", "depreciationAndAmortization": "210000000", "incomeBeforeTax": "1064000000", "incomeTaxExpense": "606000000", "interestAndDebtExpense": "150000000", "netIncomeFromContinuingOperations": "458000000", "comprehensiveIncomeNetOfTax": "207000000", "ebit": "1214000000", "ebitda": "1424000000", "netIncome": "458000000"}, {"fiscalDateEnding": "2017-12-31", "reportedCurrency": "USD", "grossProfit": "2411000000", "totalRevenue": "3948000000", "costOfRevenue": "1537000000", "costofGoodsAndServicesSold": "2212000000", "operatingIncome": "991000000", "sellingGeneralAndAdministrative": "113000000", "researchAndDevelopment": "None", "operatingExpenses": "1420000000", "investmentIncomeNet": "7000000", "netInterestIncome": "-143000000", "interestIncome": "7000000", "interestExpense": "143000000", "nonInterestIncome": "3948000000", "otherNonOperatingIncome": "2000000", "depreciation": "None", "depreciationAndAmortization": "188000000", "incomeBeforeTax": "872000000", "incomeTaxExpense": "143000000", "interestAndDebtExpense": "143000000", "netIncomeFromContinuingOperations": "734000000", "comprehensiveIncomeNetOfTax": "846000000", "ebit": "1015000000", "ebitda": "1203000000", "netIncome": "729000000"}, {"fiscalDateEnding": "2016-12-31", "reportedCurrency": "USD", "grossProfit": "2276000000", "totalRevenue": "3704000000", "costOfRevenue": "1428000000", "costofGoodsAndServicesSold": "2092000000", "operatingIncome": "836000000", "sellingGeneralAndAdministrative": "102000000", "researchAndDevelopment": "None", "operatingExpenses": "1440000000", "investmentIncomeNet": "5000000", "netInterestIncome": "-135000000", "interestIncome": "5000000", "interestExpense": "135000000", "nonInterestIncome": "3704000000", "otherNonOperatingIncome": "10000000", "depreciation": "None", "depreciationAndAmortization": "170000000", "incomeBeforeTax": "133000000", "incomeTaxExpense": "27000000", "interestAndDebtExpense": "135000000", "netIncomeFromContinuingOperations": "108000000", "comprehensiveIncomeNetOfTax": "-9000000", "ebit": "268000000", "ebitda": "438000000", "netIncome": "106000000"}], "quarterlyReports": [{"fiscalDateEnding": "2021-09-30", "reportedCurrency": "USD", "grossProfit": "838000000", "totalRevenue": "1357000000", "costOfRevenue": "519000000", "costofGoodsAndServicesSold": "749000000", "operatingIncome": "356000000", "sellingGeneralAndAdministrative": "54000000", "researchAndDevelopment": "None", "operatingExpenses": "482000000", "investmentIncomeNet": "0", "netInterestIncome": "-33000000", "interestIncome": "None", "interestExpense": "33000000", "nonInterestIncome": "1357000000", "otherNonOperatingIncome": "42000000", "depreciation": "None", "depreciationAndAmortization": "67000000", "incomeBeforeTax": "371000000", "incomeTaxExpense": "83000000", "interestAndDebtExpense": "33000000", "netIncomeFromContinuingOperations": "288000000", "comprehensiveIncomeNetOfTax": "229000000", "ebit": "404000000", "ebitda": "471000000", "netIncome": "288000000"}, {"fiscalDateEnding": "2021-06-30", "reportedCurrency": "USD", "grossProfit": "846000000", "totalRevenue": "1412000000", "costOfRevenue": "566000000", "costofGoodsAndServicesSold": "797000000", "operatingIncome": "376000000", "sellingGeneralAndAdministrative": "21000000", "researchAndDevelopment": "None", "operatingExpenses": "470000000", "investmentIncomeNet": "0", "netInterestIncome": "-33000000", "interestIncome": "None", "interestExpense": "33000000", "nonInterestIncome": "1496000000", "otherNonOperatingIncome": "0", "depreciation": "None", "depreciationAndAmortization": "68000000", "incomeBeforeTax": "454000000", "incomeTaxExpense": "113000000", "interestAndDebtExpense": "33000000", "netIncomeFromContinuingOperations": "341000000", "comprehensiveIncomeNetOfTax": "394000000", "ebit": "487000000", "ebitda": "555000000", "netIncome": "341000000"}, {"fiscalDateEnding": "2021-03-31", "reportedCurrency": "USD", "grossProfit": "851000000", "totalRevenue": "1652000000", "costOfRevenue": "801000000", "costofGoodsAndServicesSold": "1040000000", "operatingIncome": "365000000", "sellingGeneralAndAdministrative": "23000000", "researchAndDevelopment": "None", "operatingExpenses": "486000000", "investmentIncomeNet": "1000000", "netInterestIncome": "-29000000", "interestIncome": "1000000", "interestExpense": "29000000", "nonInterestIncome": "1652000000", "otherNonOperatingIncome": "1000000", "depreciation": "None", "depreciationAndAmortization": "63000000", "incomeBeforeTax": "395000000", "incomeTaxExpense": "97000000", "interestAndDebtExpense": "29000000", "netIncomeFromContinuingOperations": "298000000", "comprehensiveIncomeNetOfTax": "161000000", "ebit": "424000000", "ebitda": "487000000", "netIncome": "298000000"}, {"fiscalDateEnding": "2020-12-31", "reportedCurrency": "USD", "grossProfit": "788000000", "totalRevenue": "1462000000", "costOfRevenue": "674000000", "costofGoodsAndServicesSold": "878000000", "operatingIncome": "318000000", "sellingGeneralAndAdministrative": "62000000", "researchAndDevelopment": "None", "operatingExpenses": "470000000", "investmentIncomeNet": "0", "netInterestIncome": "-24000000", "interestIncome": "None", "interestExpense": "24000000", "nonInterestIncome": "1462000000", "otherNonOperatingIncome": "0", "depreciation": "None", "depreciationAndAmortization": "53000000", "incomeBeforeTax": "267000000", "incomeTaxExpense": "42000000", "interestAndDebtExpense": "24000000", "netIncomeFromContinuingOperations": "225000000", "comprehensiveIncomeNetOfTax": "489000000", "ebit": "291000000", "ebitda": "344000000", "netIncome": "225000000"}, {"fiscalDateEnding": "2020-09-30", "reportedCurrency": "USD", "grossProfit": "715000000", "totalRevenue": "1414000000", "costOfRevenue": "698000000", "costofGoodsAndServicesSold": "897000000", "operatingIncome": "326000000", "sellingGeneralAndAdministrative": "20000000", "researchAndDevelopment": "None", "operatingExpenses": "389000000", "investmentIncomeNet": "1000000", "netInterestIncome": "-24000000", "interestIncome": "None", "interestExpense": "24000000", "nonInterestIncome": "1414000000", "otherNonOperatingIncome": "1000000", "depreciation": "None", "depreciationAndAmortization": "51000000", "incomeBeforeTax": "357000000", "incomeTaxExpense": "93000000", "interestAndDebtExpense": "24000000", "netIncomeFromContinuingOperations": "264000000", "comprehensiveIncomeNetOfTax": "347000000", "ebit": "381000000", "ebitda": "432000000", "netIncome": "264000000"}, {"fiscalDateEnding": "2020-06-30", "reportedCurrency": "USD", "grossProfit": "699000000", "totalRevenue": "1398000000", "costOfRevenue": "699000000", "costofGoodsAndServicesSold": "888000000", "operatingIncome": "315000000", "sellingGeneralAndAdministrative": "29000000", "researchAndDevelopment": "None", "operatingExpenses": "384000000", "investmentIncomeNet": "1000000", "netInterestIncome": "-26000000", "interestIncome": "1000000", "interestExpense": "26000000", "nonInterestIncome": "1398000000", "otherNonOperatingIncome": "0", "depreciation": "None", "depreciationAndAmortization": "50000000", "incomeBeforeTax": "316000000", "incomeTaxExpense": "75000000", "interestAndDebtExpense": "26000000", "netIncomeFromContinuingOperations": "241000000", "comprehensiveIncomeNetOfTax": "435000000", "ebit": "342000000", "ebitda": "392000000", "netIncome": "241000000"}, {"fiscalDateEnding": "2020-03-31", "reportedCurrency": "USD", "grossProfit": "701000000", "totalRevenue": "1353000000", "costOfRevenue": "652000000", "costofGoodsAndServicesSold": "847000000", "operatingIncome": "275000000", "sellingGeneralAndAdministrative": "70000000", "researchAndDevelopment": "None", "operatingExpenses": "426000000", "investmentIncomeNet": "2000000", "netInterestIncome": "-26000000", "interestIncome": "2000000", "interestExpense": "26000000", "nonInterestIncome": "1317000000", "otherNonOperatingIncome": "5000000", "depreciation": "None", "depreciationAndAmortization": "48000000", "incomeBeforeTax": "273000000", "incomeTaxExpense": "70000000", "interestAndDebtExpense": "62000000", "netIncomeFromContinuingOperations": "203000000", "comprehensiveIncomeNetOfTax": "-20000000", "ebit": "299000000", "ebitda": "347000000", "netIncome": "203000000"}, {"fiscalDateEnding": "2019-12-31", "reportedCurrency": "USD", "grossProfit": "646000000", "totalRevenue": "1065000000", "costOfRevenue": "419000000", "costofGoodsAndServicesSold": "608000000", "operatingIncome": "260000000", "sellingGeneralAndAdministrative": "40000000", "researchAndDevelopment": "None", "operatingExpenses": "386000000", "investmentIncomeNet": "2000000", "netInterestIncome": "-27000000", "interestIncome": "2000000", "interestExpense": "27000000", "nonInterestIncome": "1065000000", "otherNonOperatingIncome": "4000000", "depreciation": "None", "depreciationAndAmortization": "47000000", "incomeBeforeTax": "252000000", "incomeTaxExpense": "49000000", "interestAndDebtExpense": "27000000", "netIncomeFromContinuingOperations": "203000000", "comprehensiveIncomeNetOfTax": "350000000", "ebit": "279000000", "ebitda": "326000000", "netIncome": "203000000"}, {"fiscalDateEnding": "2019-09-30", "reportedCurrency": "USD", "grossProfit": "632000000", "totalRevenue": "1096000000", "costOfRevenue": "464000000", "costofGoodsAndServicesSold": "639000000", "operatingIncome": "226000000", "sellingGeneralAndAdministrative": "48000000", "researchAndDevelopment": "None", "operatingExpenses": "406000000", "investmentIncomeNet": "3000000", "netInterestIncome": "-29000000", "interestIncome": "3000000", "interestExpense": "29000000", "nonInterestIncome": "1096000000", "otherNonOperatingIncome": "0", "depreciation": "None", "depreciationAndAmortization": "47000000", "incomeBeforeTax": "215000000", "incomeTaxExpense": "65000000", "interestAndDebtExpense": "29000000", "netIncomeFromContinuingOperations": "150000000", "comprehensiveIncomeNetOfTax": "-17000000", "ebit": "244000000", "ebitda": "291000000", "netIncome": "150000000"}, {"fiscalDateEnding": "2019-06-30", "reportedCurrency": "USD", "grossProfit": "623000000", "totalRevenue": "1061000000", "costOfRevenue": "438000000", "costofGoodsAndServicesSold": "607000000", "operatingIncome": "256000000", "sellingGeneralAndAdministrative": "50000000", "researchAndDevelopment": "None", "operatingExpenses": "367000000", "investmentIncomeNet": "3000000", "netInterestIncome": "-31000000", "interestIncome": "3000000", "interestExpense": "31000000", "nonInterestIncome": "1061000000", "otherNonOperatingIncome": "1000000", "depreciation": "None", "depreciationAndAmortization": "48000000", "incomeBeforeTax": "239000000", "incomeTaxExpense": "65000000", "interestAndDebtExpense": "31000000", "netIncomeFromContinuingOperations": "174000000", "comprehensiveIncomeNetOfTax": "153000000", "ebit": "270000000", "ebitda": "318000000", "netIncome": "174000000"}, {"fiscalDateEnding": "2019-03-31", "reportedCurrency": "USD", "grossProfit": "634000000", "totalRevenue": "1039000000", "costOfRevenue": "405000000", "costofGoodsAndServicesSold": "580000000", "operatingIncome": "275000000", "sellingGeneralAndAdministrative": "26000000", "researchAndDevelopment": "None", "operatingExpenses": "359000000", "investmentIncomeNet": "3000000", "netInterestIncome": "-37000000", "interestIncome": "3000000", "interestExpense": "37000000", "nonInterestIncome": "1066000000", "otherNonOperatingIncome": "0", "depreciation": "None", "depreciationAndAmortization": "48000000", "incomeBeforeTax": "313000000", "incomeTaxExpense": "66000000", "interestAndDebtExpense": "37000000", "netIncomeFromContinuingOperations": "247000000", "comprehensiveIncomeNetOfTax": "132000000", "ebit": "350000000", "ebitda": "398000000", "netIncome": "247000000"}, {"fiscalDateEnding": "2018-12-31", "reportedCurrency": "USD", "grossProfit": "644000000", "totalRevenue": "1136000000", "costOfRevenue": "492000000", "costofGoodsAndServicesSold": "670000000", "operatingIncome": "241000000", "sellingGeneralAndAdministrative": "57000000", "researchAndDevelopment": "None", "operatingExpenses": "403000000", "investmentIncomeNet": "2000000", "netInterestIncome": "-38000000", "interestIncome": "None", "interestExpense": "38000000", "nonInterestIncome": "1136000000", "otherNonOperatingIncome": "125000000", "depreciation": "None", "depreciationAndAmortization": "51000000", "incomeBeforeTax": "328000000", "incomeTaxExpense": "372000000", "interestAndDebtExpense": "38000000", "netIncomeFromContinuingOperations": "-44000000", "comprehensiveIncomeNetOfTax": "27000000", "ebit": "366000000", "ebitda": "417000000", "netIncome": "-44000000"}, {"fiscalDateEnding": "2018-09-30", "reportedCurrency": "USD", "grossProfit": "600000000", "totalRevenue": "964000000", "costOfRevenue": "364000000", "costofGoodsAndServicesSold": "528000000", "operatingIncome": "246000000", "sellingGeneralAndAdministrative": "35000000", "researchAndDevelopment": "None", "operatingExpenses": "354000000", "investmentIncomeNet": "3000000", "netInterestIncome": "-38000000", "interestIncome": "None", "interestExpense": "38000000", "nonInterestIncome": "956000000", "otherNonOperatingIncome": "1000000", "depreciation": "None", "depreciationAndAmortization": "53000000", "incomeBeforeTax": "209000000", "incomeTaxExpense": "46000000", "interestAndDebtExpense": "38000000", "netIncomeFromContinuingOperations": "163000000", "comprehensiveIncomeNetOfTax": "170000000", "ebit": "247000000", "ebitda": "300000000", "netIncome": "163000000"}, {"fiscalDateEnding": "2018-06-30", "reportedCurrency": "USD", "grossProfit": "615000000", "totalRevenue": "1027000000", "costOfRevenue": "412000000", "costofGoodsAndServicesSold": "585000000", "operatingIncome": "269000000", "sellingGeneralAndAdministrative": "35000000", "researchAndDevelopment": "None", "operatingExpenses": "346000000", "investmentIncomeNet": "2000000", "netInterestIncome": "-37000000", "interestIncome": "None", "interestExpense": "37000000", "nonInterestIncome": "1068000000", "otherNonOperatingIncome": "56000000", "depreciation": "None", "depreciationAndAmortization": "53000000", "incomeBeforeTax": "288000000", "incomeTaxExpense": "126000000", "interestAndDebtExpense": "37000000", "netIncomeFromContinuingOperations": "162000000", "comprehensiveIncomeNetOfTax": "31000000", "ebit": "325000000", "ebitda": "378000000", "netIncome": "162000000"}, {"fiscalDateEnding": "2018-03-31", "reportedCurrency": "USD", "grossProfit": "666000000", "totalRevenue": "1151000000", "costOfRevenue": "485000000", "costofGoodsAndServicesSold": "682000000", "operatingIncome": "273000000", "sellingGeneralAndAdministrative": "31000000", "researchAndDevelopment": "None", "operatingExpenses": "393000000", "investmentIncomeNet": "2000000", "netInterestIncome": "-38000000", "interestIncome": "None", "interestExpense": "38000000", "nonInterestIncome": "1151000000", "otherNonOperatingIncome": "4000000", "depreciation": "None", "depreciationAndAmortization": "53000000", "incomeBeforeTax": "239000000", "incomeTaxExpense": "62000000", "interestAndDebtExpense": "38000000", "netIncomeFromContinuingOperations": "177000000", "comprehensiveIncomeNetOfTax": "-21000000", "ebit": "277000000", "ebitda": "330000000", "netIncome": "177000000"}, {"fiscalDateEnding": "2017-12-31", "reportedCurrency": "USD", "grossProfit": "631000000", "totalRevenue": "1007000000", "costOfRevenue": "388000000", "costofGoodsAndServicesSold": "570000000", "operatingIncome": "241000000", "sellingGeneralAndAdministrative": "27000000", "researchAndDevelopment": "None", "operatingExpenses": "390000000", "investmentIncomeNet": "1000000", "netInterestIncome": "-36000000", "interestIncome": "None", "interestExpense": "36000000", "nonInterestIncome": "3957000000", "otherNonOperatingIncome": "7000000", "depreciation": "None", "depreciationAndAmortization": "48000000", "incomeBeforeTax": "211000000", "incomeTaxExpense": "-35000000", "interestAndDebtExpense": "27000000", "netIncomeFromContinuingOperations": "246000000", "comprehensiveIncomeNetOfTax": "209000000", "ebit": "247000000", "ebitda": "295000000", "netIncome": "246000000"}, {"fiscalDateEnding": "2017-09-30", "reportedCurrency": "USD", "grossProfit": "603000000", "totalRevenue": "969000000", "costOfRevenue": "362000000", "costofGoodsAndServicesSold": "531000000", "operatingIncome": "262000000", "sellingGeneralAndAdministrative": "22000000", "researchAndDevelopment": "None", "operatingExpenses": "341000000", "investmentIncomeNet": "2000000", "netInterestIncome": "-34000000", "interestIncome": "None", "interestExpense": "34000000", "nonInterestIncome": "965000000", "otherNonOperatingIncome": "6000000", "depreciation": "None", "depreciationAndAmortization": "47000000", "incomeBeforeTax": "234000000", "incomeTaxExpense": "64000000", "interestAndDebtExpense": "34000000", "netIncomeFromContinuingOperations": "171000000", "comprehensiveIncomeNetOfTax": "237000000", "ebit": "268000000", "ebitda": "315000000", "netIncome": "170000000"}, {"fiscalDateEnding": "2017-06-30", "reportedCurrency": "USD", "grossProfit": "596000000", "totalRevenue": "1000000000", "costOfRevenue": "398000000", "costofGoodsAndServicesSold": "561000000", "operatingIncome": "242000000", "sellingGeneralAndAdministrative": "38000000", "researchAndDevelopment": "None", "operatingExpenses": "354000000", "investmentIncomeNet": "2000000", "netInterestIncome": "-36000000", "interestIncome": "None", "interestExpense": "36000000", "nonInterestIncome": "994000000", "otherNonOperatingIncome": "5000000", "depreciation": "None", "depreciationAndAmortization": "47000000", "incomeBeforeTax": "211000000", "incomeTaxExpense": "65000000", "interestAndDebtExpense": "36000000", "netIncomeFromContinuingOperations": "147000000", "comprehensiveIncomeNetOfTax": "241000000", "ebit": "247000000", "ebitda": "294000000", "netIncome": "146000000"}, {"fiscalDateEnding": "2017-03-31", "reportedCurrency": "USD", "grossProfit": "581000000", "totalRevenue": "969000000", "costOfRevenue": "388000000", "costofGoodsAndServicesSold": "549000000", "operatingIncome": "246000000", "sellingGeneralAndAdministrative": "26000000", "researchAndDevelopment": "None", "operatingExpenses": "335000000", "investmentIncomeNet": "2000000", "netInterestIncome": "-37000000", "interestIncome": "None", "interestExpense": "37000000", "nonInterestIncome": "-1003000000", "otherNonOperatingIncome": "6000000", "depreciation": "None", "depreciationAndAmortization": "45000000", "incomeBeforeTax": "215000000", "incomeTaxExpense": "47000000", "interestAndDebtExpense": "37000000", "netIncomeFromContinuingOperations": "169000000", "comprehensiveIncomeNetOfTax": "160000000", "ebit": "252000000", "ebitda": "297000000", "netIncome": "168000000"}, {"fiscalDateEnding": "2016-12-31", "reportedCurrency": "USD", "grossProfit": "598000000", "totalRevenue": "972000000", "costOfRevenue": "374000000", "costofGoodsAndServicesSold": "554000000", "operatingIncome": "210000000", "sellingGeneralAndAdministrative": "30000000", "researchAndDevelopment": "None", "operatingExpenses": "388000000", "investmentIncomeNet": "2000000", "netInterestIncome": "-37000000", "interestIncome": "None", "interestExpense": "37000000", "nonInterestIncome": "None", "otherNonOperatingIncome": "-1000000", "depreciation": "None", "depreciationAndAmortization": "45000000", "incomeBeforeTax": "-408000000", "incomeTaxExpense": "-181000000", "interestAndDebtExpense": "37000000", "netIncomeFromContinuingOperations": "-225000000", "comprehensiveIncomeNetOfTax": "-324000000", "ebit": "-371000000", "ebitda": "-326000000", "netIncome": "-227000000"}]}