{"symbol": "NFLX", "annualReports": [{"fiscalDateEnding": "2020-12-31", "reportedCurrency": "USD", "grossProfit": "9719737000", "totalRevenue": "24996056000", "costOfRevenue": "15276319000", "costofGoodsAndServicesSold": "15276319000", "operatingIncome": "4585289000", "sellingGeneralAndAdministrative": "4751848000", "researchAndDevelopment": "1984000000", "operatingExpenses": "6735848000", "investmentIncomeNet": "None", "netInterestIncome": "-767499000", "interestIncome": "None", "interestExpense": "767499000", "nonInterestIncome": "-533278000", "otherNonOperatingIncome": "-618441000", "depreciation": "None", "depreciationAndAmortization": "10922622000", "incomeBeforeTax": "3199349000", "incomeTaxExpense": "437954000", "interestAndDebtExpense": "767499000", "netIncomeFromContinuingOperations": "2761395000", "comprehensiveIncomeNetOfTax": "2829314000", "ebit": "3966848000", "ebitda": "15507911000", "netIncome": "2761395000"}, {"fiscalDateEnding": "2019-12-31", "reportedCurrency": "USD", "grossProfit": "7716234000", "totalRevenue": "20156447000", "costOfRevenue": "12440213000", "costofGoodsAndServicesSold": "12440213000", "operatingIncome": "2604254000", "sellingGeneralAndAdministrative": "5445831000", "researchAndDevelopment": "1673000000", "operatingExpenses": "7118831000", "investmentIncomeNet": "None", "netInterestIncome": "-626023000", "interestIncome": "84000000", "interestExpense": "626023000", "nonInterestIncome": "45576000", "otherNonOperatingIncome": "84000000", "depreciation": "None", "depreciationAndAmortization": "9319826000", "incomeBeforeTax": "2062231000", "incomeTaxExpense": "195315000", "interestAndDebtExpense": "626023000", "netIncomeFromContinuingOperations": "1866916000", "comprehensiveIncomeNetOfTax": "1862977000", "ebit": "2688254000", "ebitda": "12008080000", "netIncome": "1866916000"}, {"fiscalDateEnding": "2018-12-31", "reportedCurrency": "USD", "grossProfit": "5826803000", "totalRevenue": "15794341000", "costOfRevenue": "9967538000", "costofGoodsAndServicesSold": "9967538000", "operatingIncome": "1605226000", "sellingGeneralAndAdministrative": "4807763000", "researchAndDevelopment": "1218000000", "operatingExpenses": "7869871000", "investmentIncomeNet": "None", "netInterestIncome": "-420493000", "interestIncome": "41725000", "interestExpense": "420493000", "nonInterestIncome": "73953000", "otherNonOperatingIncome": "41725000", "depreciation": "None", "depreciationAndAmortization": "7656457000", "incomeBeforeTax": "1226458000", "incomeTaxExpense": "15216000", "interestAndDebtExpense": "420493000", "netIncomeFromContinuingOperations": "1211242000", "comprehensiveIncomeNetOfTax": "1212217000", "ebit": "1646951000", "ebitda": "9303408000", "netIncome": "1211242000"}, {"fiscalDateEnding": "2017-12-31", "reportedCurrency": "USD", "grossProfit": "3659713000", "totalRevenue": "11692713000", "costOfRevenue": "8033000000", "costofGoodsAndServicesSold": "7659666000", "operatingIncome": "838679000", "sellingGeneralAndAdministrative": "3232690000", "researchAndDevelopment": "981000000", "operatingExpenses": "6130336000", "investmentIncomeNet": "None", "netInterestIncome": "-238204000", "interestIncome": "-115154000", "interestExpense": "238204000", "nonInterestIncome": "-127900000", "otherNonOperatingIncome": "-115154000", "depreciation": "None", "depreciationAndAmortization": "6330385000", "incomeBeforeTax": "485321000", "incomeTaxExpense": "-73608000", "interestAndDebtExpense": "238204000", "netIncomeFromContinuingOperations": "558929000", "comprehensiveIncomeNetOfTax": "586937000", "ebit": "723525000", "ebitda": "7169064000", "netIncome": "558929000"}, {"fiscalDateEnding": "2016-12-31", "reportedCurrency": "USD", "grossProfit": "2800768000", "totalRevenue": "8830669000", "costOfRevenue": "6257462000", "costofGoodsAndServicesSold": "6029901000", "operatingIncome": "379793000", "sellingGeneralAndAdministrative": "2411277000", "researchAndDevelopment": "768000000", "operatingExpenses": "4609474000", "investmentIncomeNet": "None", "netInterestIncome": "-150114000", "interestIncome": "30828000", "interestExpense": "150114000", "nonInterestIncome": "22800000", "otherNonOperatingIncome": "30828000", "depreciation": "None", "depreciationAndAmortization": "4924978000", "incomeBeforeTax": "260507000", "incomeTaxExpense": "73829000", "interestAndDebtExpense": "150114000", "netIncomeFromContinuingOperations": "186678000", "comprehensiveIncomeNetOfTax": "181421000", "ebit": "410621000", "ebitda": "5335599000", "netIncome": "186678000"}], "quarterlyReports": [{"fiscalDateEnding": "2021-09-30", "reportedCurrency": "USD", "grossProfit": "3276878000", "totalRevenue": "7483467000", "costOfRevenue": "4206589000", "costofGoodsAndServicesSold": "4206589000", "operatingIncome": "1755253000", "sellingGeneralAndAdministrative": "957738000", "researchAndDevelopment": "563887000", "operatingExpenses": "1521625000", "investmentIncomeNet": "None", "netInterestIncome": "-190429000", "interestIncome": "96135000", "interestExpense": "190429000", "nonInterestIncome": "136488000", "otherNonOperatingIncome": "96135000", "depreciation": "None", "depreciationAndAmortization": "3033304000", "incomeBeforeTax": "1660959000", "incomeTaxExpense": "211888000", "interestAndDebtExpense": "190429000", "netIncomeFromContinuingOperations": "1449071000", "comprehensiveIncomeNetOfTax": "1419461000", "ebit": "1851388000", "ebitda": "4884692000", "netIncome": "1449071000"}, {"fiscalDateEnding": "2021-06-30", "reportedCurrency": "USD", "grossProfit": "3323769000", "totalRevenue": "7341777000", "costOfRevenue": "4018008000", "costofGoodsAndServicesSold": "4018008000", "operatingIncome": "1847630000", "sellingGeneralAndAdministrative": "938818000", "researchAndDevelopment": "537321000", "operatingExpenses": "1476139000", "investmentIncomeNet": "None", "netInterestIncome": "-191322000", "interestIncome": "None", "interestExpense": "191322000", "nonInterestIncome": "-63074000", "otherNonOperatingIncome": "-62519000", "depreciation": "None", "depreciationAndAmortization": "2845237000", "incomeBeforeTax": "1593789000", "incomeTaxExpense": "240776000", "interestAndDebtExpense": "191322000", "netIncomeFromContinuingOperations": "1353013000", "comprehensiveIncomeNetOfTax": "1358651000", "ebit": "1785111000", "ebitda": "4692867000", "netIncome": "1353013000"}, {"fiscalDateEnding": "2021-03-31", "reportedCurrency": "USD", "grossProfit": "3294771000", "totalRevenue": "7163282000", "costOfRevenue": "3868511000", "costofGoodsAndServicesSold": "3868511000", "operatingIncome": "1959856000", "sellingGeneralAndAdministrative": "809708000", "researchAndDevelopment": "525207000", "operatingExpenses": "1334915000", "investmentIncomeNet": "None", "netInterestIncome": "-194440000", "interestIncome": "269086000", "interestExpense": "194440000", "nonInterestIncome": "253330000", "otherNonOperatingIncome": "269086000", "depreciation": "None", "depreciationAndAmortization": "2754937000", "incomeBeforeTax": "2034502000", "incomeTaxExpense": "327787000", "interestAndDebtExpense": "194440000", "netIncomeFromContinuingOperations": "1706715000", "comprehensiveIncomeNetOfTax": "1666454000", "ebit": "2228942000", "ebitda": "4983879000", "netIncome": "1706715000"}, {"fiscalDateEnding": "2020-12-31", "reportedCurrency": "USD", "grossProfit": "2479282000", "totalRevenue": "6644442000", "costOfRevenue": "4165160000", "costofGoodsAndServicesSold": "4165160000", "operatingIncome": "954242000", "sellingGeneralAndAdministrative": "2485104000", "researchAndDevelopment": "641336000", "operatingExpenses": "3126440000", "investmentIncomeNet": "None", "netInterestIncome": "-197186000", "interestIncome": "None", "interestExpense": "197186000", "nonInterestIncome": "-257983000", "otherNonOperatingIncome": "-250639000", "depreciation": "None", "depreciationAndAmortization": "3014568000", "incomeBeforeTax": "506417000", "incomeTaxExpense": "-35739000", "interestAndDebtExpense": "197186000", "netIncomeFromContinuingOperations": "2479282000", "comprehensiveIncomeNetOfTax": "587701000", "ebit": "703603000", "ebitda": "3968810000", "netIncome": "542156000"}, {"fiscalDateEnding": "2020-09-30", "reportedCurrency": "USD", "grossProfit": "2567886000", "totalRevenue": "6435637000", "costOfRevenue": "3867751000", "costofGoodsAndServicesSold": "3867751000", "operatingIncome": "1314863000", "sellingGeneralAndAdministrative": "799221000", "researchAndDevelopment": "453802000", "operatingExpenses": "1253023000", "investmentIncomeNet": "None", "netInterestIncome": "-197079000", "interestIncome": "None", "interestExpense": "197079000", "nonInterestIncome": "-249194000", "otherNonOperatingIncome": "-256324000", "depreciation": "None", "depreciationAndAmortization": "2762332000", "incomeBeforeTax": "861460000", "incomeTaxExpense": "71484000", "interestAndDebtExpense": "197079000", "netIncomeFromContinuingOperations": "789976000", "comprehensiveIncomeNetOfTax": "822901000", "ebit": "1058539000", "ebitda": "4077195000", "netIncome": "789976000"}, {"fiscalDateEnding": "2020-06-30", "reportedCurrency": "USD", "grossProfit": "2504579000", "totalRevenue": "6148286000", "costOfRevenue": "3643707000", "costofGoodsAndServicesSold": "3643707000", "operatingIncome": "1357928000", "sellingGeneralAndAdministrative": "711606000", "researchAndDevelopment": "435045000", "operatingExpenses": "1146651000", "investmentIncomeNet": "None", "netInterestIncome": "-189151000", "interestIncome": "-133175000", "interestExpense": "189151000", "nonInterestIncome": "-119161000", "otherNonOperatingIncome": "-133175000", "depreciation": "None", "depreciationAndAmortization": "2633820000", "incomeBeforeTax": "1035602000", "incomeTaxExpense": "315406000", "interestAndDebtExpense": "189151000", "netIncomeFromContinuingOperations": "720196000", "comprehensiveIncomeNetOfTax": "733178000", "ebit": "1224753000", "ebitda": "3991748000", "netIncome": "720196000"}, {"fiscalDateEnding": "2020-03-31", "reportedCurrency": "USD", "grossProfit": "2167990000", "totalRevenue": "5767691000", "costOfRevenue": "3599701000", "costofGoodsAndServicesSold": "3599701000", "operatingIncome": "958256000", "sellingGeneralAndAdministrative": "755917000", "researchAndDevelopment": "453817000", "operatingExpenses": "1209734000", "investmentIncomeNet": "None", "netInterestIncome": "-184083000", "interestIncome": "21697000", "interestExpense": "184083000", "nonInterestIncome": "93060000", "otherNonOperatingIncome": "21697000", "depreciation": "None", "depreciationAndAmortization": "2511902000", "incomeBeforeTax": "795870000", "incomeTaxExpense": "86803000", "interestAndDebtExpense": "184083000", "netIncomeFromContinuingOperations": "709067000", "comprehensiveIncomeNetOfTax": "685534000", "ebit": "979953000", "ebitda": "3491855000", "netIncome": "709067000"}, {"fiscalDateEnding": "2019-12-31", "reportedCurrency": "USD", "grossProfit": "2001411000", "totalRevenue": "5467434000", "costOfRevenue": "3466023000", "costofGoodsAndServicesSold": "3466023000", "operatingIncome": "458512000", "sellingGeneralAndAdministrative": "3012523000", "researchAndDevelopment": "537227000", "operatingExpenses": "1754194000", "investmentIncomeNet": "None", "netInterestIncome": "-177801000", "interestIncome": "-131378000", "interestExpense": "177801000", "nonInterestIncome": "-122100000", "otherNonOperatingIncome": "-131378000", "depreciation": "None", "depreciationAndAmortization": "2584668000", "incomeBeforeTax": "149333000", "incomeTaxExpense": "-437637000", "interestAndDebtExpense": "177801000", "netIncomeFromContinuingOperations": "2001411000", "comprehensiveIncomeNetOfTax": "604695000", "ebit": "327134000", "ebitda": "2911802000", "netIncome": "586970000"}, {"fiscalDateEnding": "2019-09-30", "reportedCurrency": "USD", "grossProfit": "2146986000", "totalRevenue": "5244905000", "costOfRevenue": "3097919000", "costofGoodsAndServicesSold": "3097919000", "operatingIncome": "980239000", "sellingGeneralAndAdministrative": "786971000", "researchAndDevelopment": "379776000", "operatingExpenses": "1779697000", "investmentIncomeNet": "None", "netInterestIncome": "-160660000", "interestIncome": "192744000", "interestExpense": "160660000", "nonInterestIncome": "171360000", "otherNonOperatingIncome": "192744000", "depreciation": "None", "depreciationAndAmortization": "2313335000", "incomeBeforeTax": "1012323000", "incomeTaxExpense": "347079000", "interestAndDebtExpense": "160660000", "netIncomeFromContinuingOperations": "665244000", "comprehensiveIncomeNetOfTax": "644350000", "ebit": "1172983000", "ebitda": "3486318000", "netIncome": "665244000"}, {"fiscalDateEnding": "2019-06-30", "reportedCurrency": "USD", "grossProfit": "1917459000", "totalRevenue": "4923116000", "costOfRevenue": "3005657000", "costofGoodsAndServicesSold": "3005657000", "operatingIncome": "706419000", "sellingGeneralAndAdministrative": "827807000", "researchAndDevelopment": "383233000", "operatingExpenses": "1818930000", "investmentIncomeNet": "None", "netInterestIncome": "-152033000", "interestIncome": "-53470000", "interestExpense": "152033000", "nonInterestIncome": "-61284000", "otherNonOperatingIncome": "-53470000", "depreciation": "None", "depreciationAndAmortization": "2265067000", "incomeBeforeTax": "500916000", "incomeTaxExpense": "230266000", "interestAndDebtExpense": "152033000", "netIncomeFromContinuingOperations": "270650000", "comprehensiveIncomeNetOfTax": "275898000", "ebit": "652949000", "ebitda": "2971486000", "netIncome": "270650000"}, {"fiscalDateEnding": "2019-03-31", "reportedCurrency": "USD", "grossProfit": "1650378000", "totalRevenue": "4520992000", "costOfRevenue": "2870614000", "costofGoodsAndServicesSold": "2870614000", "operatingIncome": "459084000", "sellingGeneralAndAdministrative": "818530000", "researchAndDevelopment": "372764000", "operatingExpenses": "1766010000", "investmentIncomeNet": "None", "netInterestIncome": "-135529000", "interestIncome": "76104000", "interestExpense": "135529000", "nonInterestIncome": "57600000", "otherNonOperatingIncome": "76104000", "depreciation": "None", "depreciationAndAmortization": "2156756000", "incomeBeforeTax": "399659000", "incomeTaxExpense": "55607000", "interestAndDebtExpense": "135529000", "netIncomeFromContinuingOperations": "344052000", "comprehensiveIncomeNetOfTax": "338034000", "ebit": "535188000", "ebitda": "2691944000", "netIncome": "344052000"}, {"fiscalDateEnding": "2018-12-31", "reportedCurrency": "USD", "grossProfit": "1453441000", "totalRevenue": "4186841000", "costOfRevenue": "2733400000", "costofGoodsAndServicesSold": "3069250000", "operatingIncome": "215767000", "sellingGeneralAndAdministrative": "2432979000", "researchAndDevelopment": "327975000", "operatingExpenses": "2671636000", "investmentIncomeNet": "None", "netInterestIncome": "-128807000", "interestIncome": "None", "interestExpense": "128807000", "nonInterestIncome": "21953000", "otherNonOperatingIncome": "32436000", "depreciation": "None", "depreciationAndAmortization": "2085844000", "incomeBeforeTax": "119396000", "incomeTaxExpense": "-14538000", "interestAndDebtExpense": "128807000", "netIncomeFromContinuingOperations": "1453441000", "comprehensiveIncomeNetOfTax": "128860000", "ebit": "248203000", "ebitda": "2334047000", "netIncome": "133934000"}, {"fiscalDateEnding": "2018-09-30", "reportedCurrency": "USD", "grossProfit": "1468246000", "totalRevenue": "3999374000", "costOfRevenue": "2531128000", "costofGoodsAndServicesSold": "2412346000", "operatingIncome": "480668000", "sellingGeneralAndAdministrative": "779334000", "researchAndDevelopment": "308620000", "operatingExpenses": "1777451000", "investmentIncomeNet": "None", "netInterestIncome": "-108862000", "interestIncome": "None", "interestExpense": "108862000", "nonInterestIncome": "7670000", "otherNonOperatingIncome": "7004000", "depreciation": "None", "depreciationAndAmortization": "1942887000", "incomeBeforeTax": "378810000", "incomeTaxExpense": "-24025000", "interestAndDebtExpense": "108862000", "netIncomeFromContinuingOperations": "402835000", "comprehensiveIncomeNetOfTax": "400754000", "ebit": "487672000", "ebitda": "2430559000", "netIncome": "402835000"}, {"fiscalDateEnding": "2018-06-30", "reportedCurrency": "USD", "grossProfit": "1504839000", "totalRevenue": "3907270000", "costOfRevenue": "2402431000", "costofGoodsAndServicesSold": "2289867000", "operatingIncome": "462213000", "sellingGeneralAndAdministrative": "837977000", "researchAndDevelopment": "299095000", "operatingExpenses": "1783600000", "investmentIncomeNet": "None", "netInterestIncome": "-101605000", "interestIncome": "None", "interestExpense": "101605000", "nonInterestIncome": "85410000", "otherNonOperatingIncome": "68028000", "depreciation": "None", "depreciationAndAmortization": "1848707000", "incomeBeforeTax": "428636000", "incomeTaxExpense": "44287000", "interestAndDebtExpense": "101605000", "netIncomeFromContinuingOperations": "384349000", "comprehensiveIncomeNetOfTax": "367658000", "ebit": "530241000", "ebitda": "2378948000", "netIncome": "384349000"}, {"fiscalDateEnding": "2018-03-31", "reportedCurrency": "USD", "grossProfit": "1400277000", "totalRevenue": "3700856000", "costOfRevenue": "2300579000", "costofGoodsAndServicesSold": "2196075000", "operatingIncome": "446578000", "sellingGeneralAndAdministrative": "757473000", "researchAndDevelopment": "282310000", "operatingExpenses": "1637184000", "investmentIncomeNet": "None", "netInterestIncome": "-81219000", "interestIncome": "None", "interestExpense": "81219000", "nonInterestIncome": "-41080000", "otherNonOperatingIncome": "-65743000", "depreciation": "None", "depreciationAndAmortization": "1779019000", "incomeBeforeTax": "299616000", "incomeTaxExpense": "9492000", "interestAndDebtExpense": "81219000", "netIncomeFromContinuingOperations": "290124000", "comprehensiveIncomeNetOfTax": "314945000", "ebit": "380835000", "ebitda": "2225597000", "netIncome": "290124000"}, {"fiscalDateEnding": "2017-12-31", "reportedCurrency": "USD", "grossProfit": "1071421000", "totalRevenue": "3285755000", "costOfRevenue": "2214334000", "costofGoodsAndServicesSold": "2107354000", "operatingIncome": "245303000", "sellingGeneralAndAdministrative": "578986000", "researchAndDevelopment": "201573000", "operatingExpenses": "578986000", "investmentIncomeNet": "None", "netInterestIncome": "-75292000", "interestIncome": "None", "interestExpense": "75292000", "nonInterestIncome": "-12850000", "otherNonOperatingIncome": "-38681000", "depreciation": "None", "depreciationAndAmortization": "1745225000", "incomeBeforeTax": "264617000", "incomeTaxExpense": "79100000", "interestAndDebtExpense": "75292000", "netIncomeFromContinuingOperations": "1099301000", "comprehensiveIncomeNetOfTax": "190322000", "ebit": "339909000", "ebitda": "1990528000", "netIncome": "185517000"}, {"fiscalDateEnding": "2017-09-30", "reportedCurrency": "USD", "grossProfit": "898620000", "totalRevenue": "2984859000", "costOfRevenue": "2086239000", "costofGoodsAndServicesSold": "1992980000", "operatingIncome": "208627000", "sellingGeneralAndAdministrative": "528016000", "researchAndDevelopment": "255236000", "operatingExpenses": "1254014000", "investmentIncomeNet": "None", "netInterestIncome": "-60688000", "interestIncome": "None", "interestExpense": "60688000", "nonInterestIncome": "-50830000", "otherNonOperatingIncome": "-31702000", "depreciation": "None", "depreciationAndAmortization": "1659974000", "incomeBeforeTax": "116237000", "incomeTaxExpense": "-13353000", "interestAndDebtExpense": "60688000", "netIncomeFromContinuingOperations": "129590000", "comprehensiveIncomeNetOfTax": "135596000", "ebit": "176925000", "ebitda": "1868601000", "netIncome": "129590000"}, {"fiscalDateEnding": "2017-06-30", "reportedCurrency": "USD", "grossProfit": "793768000", "totalRevenue": "2785464000", "costOfRevenue": "1991696000", "costofGoodsAndServicesSold": "1902308000", "operatingIncome": "127807000", "sellingGeneralAndAdministrative": "488266000", "researchAndDevelopment": "267083000", "operatingExpenses": "1236375000", "investmentIncomeNet": "None", "netInterestIncome": "-55482000", "interestIncome": "None", "interestExpense": "55482000", "nonInterestIncome": "-64220000", "otherNonOperatingIncome": "-58363000", "depreciation": "None", "depreciationAndAmortization": "1585856000", "incomeBeforeTax": "13962000", "incomeTaxExpense": "-51638000", "interestAndDebtExpense": "55482000", "netIncomeFromContinuingOperations": "65600000", "comprehensiveIncomeNetOfTax": "80091000", "ebit": "69444000", "ebitda": "1713663000", "netIncome": "65600000"}, {"fiscalDateEnding": "2017-03-31", "reportedCurrency": "USD", "grossProfit": "895904000", "totalRevenue": "2636635000", "costOfRevenue": "1740731000", "costofGoodsAndServicesSold": "1657024000", "operatingIncome": "256942000", "sellingGeneralAndAdministrative": "465561000", "researchAndDevelopment": "257108000", "operatingExpenses": "1174068000", "investmentIncomeNet": "None", "netInterestIncome": "-46742000", "interestIncome": "None", "interestExpense": "46742000", "nonInterestIncome": "0", "otherNonOperatingIncome": "13592000", "depreciation": "None", "depreciationAndAmortization": "1339330000", "incomeBeforeTax": "223792000", "incomeTaxExpense": "45570000", "interestAndDebtExpense": "46742000", "netIncomeFromContinuingOperations": "178222000", "comprehensiveIncomeNetOfTax": "180928000", "ebit": "270534000", "ebitda": "1609864000", "netIncome": "178222000"}, {"fiscalDateEnding": "2016-12-31", "reportedCurrency": "USD", "grossProfit": "823122000", "totalRevenue": "2477541000", "costOfRevenue": "1719716000", "costofGoodsAndServicesSold": "1654419000", "operatingIncome": "153934000", "sellingGeneralAndAdministrative": "397979000", "researchAndDevelopment": "141093000", "operatingExpenses": "397979000", "investmentIncomeNet": "None", "netInterestIncome": "-43586000", "interestIncome": "None", "interestExpense": "43586000", "nonInterestIncome": "22800000", "otherNonOperatingIncome": "-20079000", "depreciation": "None", "depreciationAndAmortization": "1363903000", "incomeBeforeTax": "90269000", "incomeTaxExpense": "23521000", "interestAndDebtExpense": "43586000", "netIncomeFromContinuingOperations": "823122000", "comprehensiveIncomeNetOfTax": "54713000", "ebit": "133855000", "ebitda": "1497758000", "netIncome": "66748000"}]}