{"symbol": "NI", "annualReports": [{"fiscalDateEnding": "2020-12-31", "reportedCurrency": "USD", "grossProfit": "4681700000", "totalRevenue": "3804400000", "costOfRevenue": "1500000000", "costofGoodsAndServicesSold": "1109300000", "operatingIncome": "550800000", "sellingGeneralAndAdministrative": "312700000", "researchAndDevelopment": "None", "operatingExpenses": "4853400000", "investmentIncomeNet": "None", "netInterestIncome": "-370700000", "interestIncome": "-356400000", "interestExpense": "370700000", "nonInterestIncome": "4229700000", "otherNonOperatingIncome": "32100000", "depreciation": "655600000", "depreciationAndAmortization": "23400000", "incomeBeforeTax": "-34700000", "incomeTaxExpense": "-17100000", "interestAndDebtExpense": "614200000", "netIncomeFromContinuingOperations": "-14200000", "comprehensiveIncomeNetOfTax": "-81700000", "ebit": "336000000", "ebitda": "359400000", "netIncome": "-17600000"}, {"fiscalDateEnding": "2019-12-31", "reportedCurrency": "USD", "grossProfit": "5208900000", "totalRevenue": "6743700000", "costOfRevenue": "1534800000", "costofGoodsAndServicesSold": "1534800000", "operatingIncome": "890700000", "sellingGeneralAndAdministrative": "313100000", "researchAndDevelopment": "None", "operatingExpenses": "4318200000", "investmentIncomeNet": "None", "netInterestIncome": "-378900000", "interestIncome": "7700000", "interestExpense": "378900000", "nonInterestIncome": "5053400000", "otherNonOperatingIncome": "-5200000", "depreciation": "612200000", "depreciationAndAmortization": "26500000", "incomeBeforeTax": "506600000", "incomeTaxExpense": "123500000", "interestAndDebtExpense": "378900000", "netIncomeFromContinuingOperations": "383100000", "comprehensiveIncomeNetOfTax": "327700000", "ebit": "885500000", "ebitda": "912000000", "netIncome": "383100000"}, {"fiscalDateEnding": "2018-12-31", "reportedCurrency": "USD", "grossProfit": "5114500000", "totalRevenue": "6875800000", "costOfRevenue": "1761300000", "costofGoodsAndServicesSold": "1761300000", "operatingIncome": "124700000", "sellingGeneralAndAdministrative": "339100000", "researchAndDevelopment": "None", "operatingExpenses": "4989800000", "investmentIncomeNet": "None", "netInterestIncome": "-353300000", "interestIncome": "6600000", "interestExpense": "353300000", "nonInterestIncome": "4945600000", "otherNonOperatingIncome": "43500000", "depreciation": "503400000", "depreciationAndAmortization": "11000000", "incomeBeforeTax": "-230600000", "incomeTaxExpense": "-180000000", "interestAndDebtExpense": "398800000", "netIncomeFromContinuingOperations": "-50600000", "comprehensiveIncomeNetOfTax": "-34900000", "ebit": "122700000", "ebitda": "133700000", "netIncome": "-50600000"}, {"fiscalDateEnding": "2017-12-31", "reportedCurrency": "USD", "grossProfit": "4874600000", "totalRevenue": "4874600000", "costOfRevenue": "1518700000", "costofGoodsAndServicesSold": "3131000000", "operatingIncome": "921200000", "sellingGeneralAndAdministrative": "322000000", "researchAndDevelopment": "None", "operatingExpenses": "3953400000", "investmentIncomeNet": "None", "netInterestIncome": "-353200000", "interestIncome": "4600000", "interestExpense": "353200000", "nonInterestIncome": "-111500000", "otherNonOperatingIncome": "-13500000", "depreciation": "501500000", "depreciationAndAmortization": "11000000", "incomeBeforeTax": "443000000", "incomeTaxExpense": "314500000", "interestAndDebtExpense": "464700000", "netIncomeFromContinuingOperations": "128600000", "comprehensiveIncomeNetOfTax": "110200000", "ebit": "796200000", "ebitda": "807200000", "netIncome": "128500000"}, {"fiscalDateEnding": "2016-12-31", "reportedCurrency": "USD", "grossProfit": "4492500000", "totalRevenue": "4492500000", "costOfRevenue": "1390200000", "costofGoodsAndServicesSold": "2843900000", "operatingIncome": "866100000", "sellingGeneralAndAdministrative": "343700000", "researchAndDevelopment": "None", "operatingExpenses": "3626400000", "investmentIncomeNet": "None", "netInterestIncome": "-349500000", "interestIncome": "3400000", "interestExpense": "349500000", "nonInterestIncome": "0", "otherNonOperatingIncome": "-3000000", "depreciation": "475100000", "depreciationAndAmortization": "11000000", "incomeBeforeTax": "513600000", "incomeTaxExpense": "182100000", "interestAndDebtExpense": "349500000", "netIncomeFromContinuingOperations": "328100000", "comprehensiveIncomeNetOfTax": "341500000", "ebit": "863100000", "ebitda": "874100000", "netIncome": "331500000"}], "quarterlyReports": [{"fiscalDateEnding": "2021-09-30", "reportedCurrency": "USD", "grossProfit": "686000000", "totalRevenue": "959400000", "costOfRevenue": "273400000", "costofGoodsAndServicesSold": "208300000", "operatingIncome": "147100000", "sellingGeneralAndAdministrative": "65100000", "researchAndDevelopment": "None", "operatingExpenses": "877400000", "investmentIncomeNet": "None", "netInterestIncome": "-84400000", "interestIncome": "1100000", "interestExpense": "84400000", "nonInterestIncome": "918800000", "otherNonOperatingIncome": "14300000", "depreciation": "None", "depreciationAndAmortization": "188900000", "incomeBeforeTax": "78000000", "incomeTaxExpense": "14800000", "interestAndDebtExpense": "84400000", "netIncomeFromContinuingOperations": "62200000", "comprehensiveIncomeNetOfTax": "69400000", "ebit": "162400000", "ebitda": "351300000", "netIncome": "63200000"}, {"fiscalDateEnding": "2021-06-30", "reportedCurrency": "USD", "grossProfit": "691200000", "totalRevenue": "986000000", "costOfRevenue": "294800000", "costofGoodsAndServicesSold": "228300000", "operatingIncome": "142200000", "sellingGeneralAndAdministrative": "66500000", "researchAndDevelopment": "None", "operatingExpenses": "910300000", "investmentIncomeNet": "None", "netInterestIncome": "-84500000", "interestIncome": "700000", "interestExpense": "84500000", "nonInterestIncome": "952400000", "otherNonOperatingIncome": "12400000", "depreciation": "None", "depreciationAndAmortization": "186300000", "incomeBeforeTax": "73500000", "incomeTaxExpense": "13200000", "interestAndDebtExpense": "84500000", "netIncomeFromContinuingOperations": "56900000", "comprehensiveIncomeNetOfTax": "12200000", "ebit": "158000000", "ebitda": "344300000", "netIncome": "60300000"}, {"fiscalDateEnding": "2021-03-31", "reportedCurrency": "USD", "grossProfit": "979000000", "totalRevenue": "1545600000", "costOfRevenue": "566600000", "costofGoodsAndServicesSold": "476800000", "operatingIncome": "433200000", "sellingGeneralAndAdministrative": "81000000", "researchAndDevelopment": "None", "operatingExpenses": "1201500000", "investmentIncomeNet": "None", "netInterestIncome": "-84600000", "interestIncome": "900000", "interestExpense": "84600000", "nonInterestIncome": "1498400000", "otherNonOperatingIncome": "10500000", "depreciation": "None", "depreciationAndAmortization": "185000000", "incomeBeforeTax": "358100000", "incomeTaxExpense": "62600000", "interestAndDebtExpense": "84600000", "netIncomeFromContinuingOperations": "296500000", "comprehensiveIncomeNetOfTax": "376700000", "ebit": "442700000", "ebitda": "627700000", "netIncome": "295500000"}, {"fiscalDateEnding": "2020-12-31", "reportedCurrency": "USD", "grossProfit": "1211000000", "totalRevenue": "333700000", "costOfRevenue": "20900000", "costofGoodsAndServicesSold": "315400000", "operatingIncome": "218100000", "sellingGeneralAndAdministrative": "88400000", "researchAndDevelopment": "None", "operatingExpenses": "1090900000", "investmentIncomeNet": "None", "netInterestIncome": "-85600000", "interestIncome": "-84500000", "interestExpense": "85600000", "nonInterestIncome": "1553200000", "otherNonOperatingIncome": "12200000", "depreciation": "None", "depreciationAndAmortization": "183500000", "incomeBeforeTax": "141200000", "incomeTaxExpense": "56800000", "interestAndDebtExpense": "85700000", "netIncomeFromContinuingOperations": "218100000", "comprehensiveIncomeNetOfTax": "84400000", "ebit": "226800000", "ebitda": "401500000", "netIncome": "84400000"}, {"fiscalDateEnding": "2020-09-30", "reportedCurrency": "USD", "grossProfit": "902500000", "totalRevenue": "902500000", "costOfRevenue": "259400000", "costofGoodsAndServicesSold": "143100000", "operatingIncome": "92800000", "sellingGeneralAndAdministrative": "70200000", "researchAndDevelopment": "None", "operatingExpenses": "879900000", "investmentIncomeNet": "None", "netInterestIncome": "-95200000", "interestIncome": "-93900000", "interestExpense": "95200000", "nonInterestIncome": "618100000", "otherNonOperatingIncome": "8000000", "depreciation": "None", "depreciationAndAmortization": "180600000", "incomeBeforeTax": "-237800000", "incomeTaxExpense": "-64900000", "interestAndDebtExpense": "338600000", "netIncomeFromContinuingOperations": "-172900000", "comprehensiveIncomeNetOfTax": "-144600000", "ebit": "-142600000", "ebitda": "38000000", "netIncome": "-172900000"}, {"fiscalDateEnding": "2020-06-30", "reportedCurrency": "USD", "grossProfit": "962700000", "totalRevenue": "962700000", "costOfRevenue": "357200000", "costofGoodsAndServicesSold": "188400000", "operatingIncome": "91700000", "sellingGeneralAndAdministrative": "68200000", "researchAndDevelopment": "None", "operatingExpenses": "939200000", "investmentIncomeNet": "None", "netInterestIncome": "-97000000", "interestIncome": "1400000", "interestExpense": "97000000", "nonInterestIncome": "932700000", "otherNonOperatingIncome": "6500000", "depreciation": "None", "depreciationAndAmortization": "177500000", "incomeBeforeTax": "1200000", "incomeTaxExpense": "5900000", "interestAndDebtExpense": "97000000", "netIncomeFromContinuingOperations": "-4700000", "comprehensiveIncomeNetOfTax": "4000000", "ebit": "98200000", "ebitda": "275700000", "netIncome": "-4700000"}, {"fiscalDateEnding": "2020-03-31", "reportedCurrency": "USD", "grossProfit": "1605500000", "totalRevenue": "1605500000", "costOfRevenue": "558900000", "costofGoodsAndServicesSold": "462400000", "operatingIncome": "148200000", "sellingGeneralAndAdministrative": "85900000", "researchAndDevelopment": "None", "operatingExpenses": "1823400000", "investmentIncomeNet": "None", "netInterestIncome": "-92900000", "interestIncome": "1700000", "interestExpense": "92900000", "nonInterestIncome": "1245700000", "otherNonOperatingIncome": "5400000", "depreciation": "None", "depreciationAndAmortization": "184300000", "incomeBeforeTax": "60700000", "incomeTaxExpense": "-14900000", "interestAndDebtExpense": "92900000", "netIncomeFromContinuingOperations": "75600000", "comprehensiveIncomeNetOfTax": "-62400000", "ebit": "153600000", "ebitda": "337900000", "netIncome": "75600000"}, {"fiscalDateEnding": "2019-12-31", "reportedCurrency": "USD", "grossProfit": "1397200000", "totalRevenue": "1801500000", "costOfRevenue": "404300000", "costofGoodsAndServicesSold": "404300000", "operatingIncome": "-38000000", "sellingGeneralAndAdministrative": "91200000", "researchAndDevelopment": "None", "operatingExpenses": "1435200000", "investmentIncomeNet": "None", "netInterestIncome": "-93300000", "interestIncome": "2300000", "interestExpense": "93300000", "nonInterestIncome": "1358700000", "otherNonOperatingIncome": "-5500000", "depreciation": "None", "depreciationAndAmortization": "15200000", "incomeBeforeTax": "-136800000", "incomeTaxExpense": "2500000", "interestAndDebtExpense": "93300000", "netIncomeFromContinuingOperations": "-38000000", "comprehensiveIncomeNetOfTax": "-139300000", "ebit": "-43500000", "ebitda": "-28300000", "netIncome": "-139300000"}, {"fiscalDateEnding": "2019-09-30", "reportedCurrency": "USD", "grossProfit": "931500000", "totalRevenue": "931500000", "costOfRevenue": "196700000", "costofGoodsAndServicesSold": "196700000", "operatingIncome": "91000000", "sellingGeneralAndAdministrative": "67900000", "researchAndDevelopment": "None", "operatingExpenses": "840500000", "investmentIncomeNet": "None", "netInterestIncome": "-95900000", "interestIncome": "2100000", "interestExpense": "95900000", "nonInterestIncome": "891000000", "otherNonOperatingIncome": "1300000", "depreciation": "None", "depreciationAndAmortization": "3600000", "incomeBeforeTax": "-3600000", "incomeTaxExpense": "-10200000", "interestAndDebtExpense": "95900000", "netIncomeFromContinuingOperations": "6600000", "comprehensiveIncomeNetOfTax": "-42900000", "ebit": "92300000", "ebitda": "95900000", "netIncome": "6600000"}, {"fiscalDateEnding": "2019-06-30", "reportedCurrency": "USD", "grossProfit": "1010400000", "totalRevenue": "1010400000", "costOfRevenue": "253500000", "costofGoodsAndServicesSold": "253500000", "operatingIncome": "463500000", "sellingGeneralAndAdministrative": "66400000", "researchAndDevelopment": "None", "operatingExpenses": "546900000", "investmentIncomeNet": "None", "netInterestIncome": "-94100000", "interestIncome": "1200000", "interestExpense": "94100000", "nonInterestIncome": "969200000", "otherNonOperatingIncome": "-300000", "depreciation": "None", "depreciationAndAmortization": "3900000", "incomeBeforeTax": "369100000", "incomeTaxExpense": "72200000", "interestAndDebtExpense": "94100000", "netIncomeFromContinuingOperations": "296900000", "comprehensiveIncomeNetOfTax": "268900000", "ebit": "463200000", "ebitda": "467100000", "netIncome": "296900000"}, {"fiscalDateEnding": "2019-03-31", "reportedCurrency": "USD", "grossProfit": "1869800000", "totalRevenue": "1869800000", "costOfRevenue": "680300000", "costofGoodsAndServicesSold": "680300000", "operatingIncome": "374200000", "sellingGeneralAndAdministrative": "87600000", "researchAndDevelopment": "None", "operatingExpenses": "1495600000", "investmentIncomeNet": "None", "netInterestIncome": "-95600000", "interestIncome": "-93500000", "interestExpense": "95600000", "nonInterestIncome": "1834500000", "otherNonOperatingIncome": "-700000", "depreciation": "None", "depreciationAndAmortization": "3800000", "incomeBeforeTax": "277900000", "incomeTaxExpense": "59000000", "interestAndDebtExpense": "95600000", "netIncomeFromContinuingOperations": "218900000", "comprehensiveIncomeNetOfTax": "203300000", "ebit": "373500000", "ebitda": "377300000", "netIncome": "218900000"}, {"fiscalDateEnding": "2018-12-31", "reportedCurrency": "USD", "grossProfit": "1461700000", "totalRevenue": "1963300000", "costOfRevenue": "501600000", "costofGoodsAndServicesSold": "1306000000", "operatingIncome": "-78400000", "sellingGeneralAndAdministrative": "135800000", "researchAndDevelopment": "None", "operatingExpenses": "1540100000", "investmentIncomeNet": "None", "netInterestIncome": "-88100000", "interestIncome": "None", "interestExpense": "88100000", "nonInterestIncome": "1414800000", "otherNonOperatingIncome": "1100000", "depreciation": "None", "depreciationAndAmortization": "161800000", "incomeBeforeTax": "-165400000", "incomeTaxExpense": "-153700000", "interestAndDebtExpense": "88100000", "netIncomeFromContinuingOperations": "-78400000", "comprehensiveIncomeNetOfTax": "-11700000", "ebit": "-77300000", "ebitda": "96100000", "netIncome": "-11700000"}, {"fiscalDateEnding": "2018-09-30", "reportedCurrency": "USD", "grossProfit": "895000000", "totalRevenue": "895000000", "costOfRevenue": "222000000", "costofGoodsAndServicesSold": "1002800000", "operatingIncome": "-315900000", "sellingGeneralAndAdministrative": "58900000", "researchAndDevelopment": "None", "operatingExpenses": "1210900000", "investmentIncomeNet": "None", "netInterestIncome": "-83400000", "interestIncome": "None", "interestExpense": "83400000", "nonInterestIncome": "822800000", "otherNonOperatingIncome": "-1700000", "depreciation": "None", "depreciationAndAmortization": "148500000", "incomeBeforeTax": "-434000000", "incomeTaxExpense": "-94500000", "interestAndDebtExpense": "116400000", "netIncomeFromContinuingOperations": "-339500000", "comprehensiveIncomeNetOfTax": "-316100000", "ebit": "-350600000", "ebitda": "-202100000", "netIncome": "-339500000"}, {"fiscalDateEnding": "2018-06-30", "reportedCurrency": "USD", "grossProfit": "1007000000", "totalRevenue": "1007000000", "costOfRevenue": "313300000", "costofGoodsAndServicesSold": "678500000", "operatingIncome": "118400000", "sellingGeneralAndAdministrative": "65500000", "researchAndDevelopment": "None", "operatingExpenses": "888600000", "investmentIncomeNet": "None", "netInterestIncome": "-88700000", "interestIncome": "None", "interestExpense": "88700000", "nonInterestIncome": "969600000", "otherNonOperatingIncome": "12800000", "depreciation": "None", "depreciationAndAmortization": "144600000", "incomeBeforeTax": "30000000", "incomeTaxExpense": "5500000", "interestAndDebtExpense": "101200000", "netIncomeFromContinuingOperations": "24500000", "comprehensiveIncomeNetOfTax": "22600000", "ebit": "118700000", "ebitda": "263300000", "netIncome": "24500000"}, {"fiscalDateEnding": "2018-03-31", "reportedCurrency": "USD", "grossProfit": "1750800000", "totalRevenue": "1750800000", "costOfRevenue": "724400000", "costofGoodsAndServicesSold": "1126900000", "operatingIncome": "400600000", "sellingGeneralAndAdministrative": "78900000", "researchAndDevelopment": "None", "operatingExpenses": "1350200000", "investmentIncomeNet": "None", "netInterestIncome": "-93100000", "interestIncome": "None", "interestExpense": "93100000", "nonInterestIncome": "1738400000", "otherNonOperatingIncome": "31300000", "depreciation": "None", "depreciationAndAmortization": "144700000", "incomeBeforeTax": "338800000", "incomeTaxExpense": "62700000", "interestAndDebtExpense": "93100000", "netIncomeFromContinuingOperations": "276100000", "comprehensiveIncomeNetOfTax": "310000000", "ebit": "431900000", "ebitda": "576600000", "netIncome": "276100000"}, {"fiscalDateEnding": "2017-12-31", "reportedCurrency": "USD", "grossProfit": "1368300000", "totalRevenue": "1368300000", "costOfRevenue": "456000000", "costofGoodsAndServicesSold": "883400000", "operatingIncome": "270600000", "sellingGeneralAndAdministrative": "132300000", "researchAndDevelopment": "None", "operatingExpenses": "1097700000", "investmentIncomeNet": "None", "netInterestIncome": "-92400000", "interestIncome": "None", "interestExpense": "92400000", "nonInterestIncome": "0", "otherNonOperatingIncome": "-13200000", "depreciation": "None", "depreciationAndAmortization": "141800000", "incomeBeforeTax": "165000000", "incomeTaxExpense": "217400000", "interestAndDebtExpense": "92400000", "netIncomeFromContinuingOperations": "-52400000", "comprehensiveIncomeNetOfTax": "-52100000", "ebit": "257400000", "ebitda": "409500000", "netIncome": "-52400000"}, {"fiscalDateEnding": "2017-09-30", "reportedCurrency": "USD", "grossProfit": "917000000", "totalRevenue": "917000000", "costOfRevenue": "233600000", "costofGoodsAndServicesSold": "616900000", "operatingIncome": "111200000", "sellingGeneralAndAdministrative": "57500000", "researchAndDevelopment": "None", "operatingExpenses": "805800000", "investmentIncomeNet": "None", "netInterestIncome": "-87900000", "interestIncome": "None", "interestExpense": "87900000", "nonInterestIncome": "0", "otherNonOperatingIncome": "-6800000", "depreciation": "None", "depreciationAndAmortization": "143000000", "incomeBeforeTax": "16500000", "incomeTaxExpense": "2500000", "interestAndDebtExpense": "87900000", "netIncomeFromContinuingOperations": "14000000", "comprehensiveIncomeNetOfTax": "5900000", "ebit": "104400000", "ebitda": "247400000", "netIncome": "14000000"}, {"fiscalDateEnding": "2017-06-30", "reportedCurrency": "USD", "grossProfit": "990700000", "totalRevenue": "990700000", "costOfRevenue": "276800000", "costofGoodsAndServicesSold": "667900000", "operatingIncome": "124000000", "sellingGeneralAndAdministrative": "56200000", "researchAndDevelopment": "None", "operatingExpenses": "866700000", "investmentIncomeNet": "None", "netInterestIncome": "-87700000", "interestIncome": "None", "interestExpense": "87700000", "nonInterestIncome": "-111500000", "otherNonOperatingIncome": "4200000", "depreciation": "None", "depreciationAndAmortization": "142200000", "incomeBeforeTax": "-71000000", "incomeTaxExpense": "-26600000", "interestAndDebtExpense": "199200000", "netIncomeFromContinuingOperations": "-44300000", "comprehensiveIncomeNetOfTax": "-60400000", "ebit": "16700000", "ebitda": "158900000", "netIncome": "-44400000"}, {"fiscalDateEnding": "2017-03-31", "reportedCurrency": "USD", "grossProfit": "1598600000", "totalRevenue": "1598600000", "costOfRevenue": "552300000", "costofGoodsAndServicesSold": "962800000", "operatingIncome": "415400000", "sellingGeneralAndAdministrative": "76000000", "researchAndDevelopment": "None", "operatingExpenses": "1183200000", "investmentIncomeNet": "None", "netInterestIncome": "-85200000", "interestIncome": "None", "interestExpense": "85200000", "nonInterestIncome": "0", "otherNonOperatingIncome": "2300000", "depreciation": "None", "depreciationAndAmortization": "143300000", "incomeBeforeTax": "332500000", "incomeTaxExpense": "121200000", "interestAndDebtExpense": "85200000", "netIncomeFromContinuingOperations": "211300000", "comprehensiveIncomeNetOfTax": "216800000", "ebit": "417700000", "ebitda": "561000000", "netIncome": "211300000"}, {"fiscalDateEnding": "2016-12-31", "reportedCurrency": "USD", "grossProfit": "2246600000", "totalRevenue": "1297000000", "costOfRevenue": "440600000", "costofGoodsAndServicesSold": "865400000", "operatingIncome": "224900000", "sellingGeneralAndAdministrative": "132000000", "researchAndDevelopment": "None", "operatingExpenses": "2013800000", "investmentIncomeNet": "None", "netInterestIncome": "-88000000", "interestIncome": "None", "interestExpense": "88000000", "nonInterestIncome": "0", "otherNonOperatingIncome": "-1100000", "depreciation": "None", "depreciationAndAmortization": "141100000", "incomeBeforeTax": "140300000", "incomeTaxExpense": "51500000", "interestAndDebtExpense": "88000000", "netIncomeFromContinuingOperations": "88800000", "comprehensiveIncomeNetOfTax": "242700000", "ebit": "228300000", "ebitda": "375800000", "netIncome": "88800000"}]}