{"symbol": "NKE", "annualReports": [{"fiscalDateEnding": "2021-05-31", "reportedCurrency": "USD", "grossProfit": "19962000000", "totalRevenue": "44676000000", "costOfRevenue": "37601000000", "costofGoodsAndServicesSold": "24576000000", "operatingIncome": "6937000000", "sellingGeneralAndAdministrative": "13025000000", "researchAndDevelopment": "None", "operatingExpenses": "13025000000", "investmentIncomeNet": "None", "netInterestIncome": "-262000000", "interestIncome": "-262000000", "interestExpense": "-262000000", "nonInterestIncome": "44676000000", "otherNonOperatingIncome": "-14000000", "depreciation": "744000000", "depreciationAndAmortization": "797000000", "incomeBeforeTax": "6661000000", "incomeTaxExpense": "934000000", "interestAndDebtExpense": "None", "netIncomeFromContinuingOperations": "5727000000", "comprehensiveIncomeNetOfTax": "5403000000", "ebit": "6937000000", "ebitda": "7458000000", "netIncome": "5727000000"}, {"fiscalDateEnding": "2020-05-31", "reportedCurrency": "USD", "grossProfit": "16241000000", "totalRevenue": "37380000000", "costOfRevenue": "34288000000", "costofGoodsAndServicesSold": "21162000000", "operatingIncome": "3115000000", "sellingGeneralAndAdministrative": "13126000000", "researchAndDevelopment": "None", "operatingExpenses": "13126000000", "investmentIncomeNet": "None", "netInterestIncome": "-89000000", "interestIncome": "-14000000", "interestExpense": "-89000000", "nonInterestIncome": "37380000000", "otherNonOperatingIncome": "-139000000", "depreciation": "721000000", "depreciationAndAmortization": "1119000000", "incomeBeforeTax": "2887000000", "incomeTaxExpense": "348000000", "interestAndDebtExpense": "None", "netIncomeFromContinuingOperations": "2539000000", "comprehensiveIncomeNetOfTax": "2252000000", "ebit": "3115000000", "ebitda": "4006000000", "netIncome": "2539000000"}, {"fiscalDateEnding": "2019-05-31", "reportedCurrency": "USD", "grossProfit": "17474000000", "totalRevenue": "38884000000", "costOfRevenue": "34345000000", "costofGoodsAndServicesSold": "21643000000", "operatingIncome": "4772000000", "sellingGeneralAndAdministrative": "12702000000", "researchAndDevelopment": "None", "operatingExpenses": "12702000000", "investmentIncomeNet": "None", "netInterestIncome": "-49000000", "interestIncome": "124000000", "interestExpense": "-49000000", "nonInterestIncome": "38884000000", "otherNonOperatingIncome": "78000000", "depreciation": "705000000", "depreciationAndAmortization": "720000000", "incomeBeforeTax": "4801000000", "incomeTaxExpense": "772000000", "interestAndDebtExpense": "None", "netIncomeFromContinuingOperations": "4029000000", "comprehensiveIncomeNetOfTax": "4352000000", "ebit": "4772000000", "ebitda": "5521000000", "netIncome": "4029000000"}, {"fiscalDateEnding": "2018-05-31", "reportedCurrency": "USD", "grossProfit": "15956000000", "totalRevenue": "36496000000", "costOfRevenue": "31952000000", "costofGoodsAndServicesSold": "20441000000", "operatingIncome": "4445000000", "sellingGeneralAndAdministrative": "11511000000", "researchAndDevelopment": "None", "operatingExpenses": "11511000000", "investmentIncomeNet": "None", "netInterestIncome": "-54000000", "interestIncome": "-115000000", "interestExpense": "-54000000", "nonInterestIncome": "99000000", "otherNonOperatingIncome": "-66000000", "depreciation": "747000000", "depreciationAndAmortization": "774000000", "incomeBeforeTax": "4325000000", "incomeTaxExpense": "2392000000", "interestAndDebtExpense": "None", "netIncomeFromContinuingOperations": "1933000000", "comprehensiveIncomeNetOfTax": "2037000000", "ebit": "4445000000", "ebitda": "5099000000", "netIncome": "1933000000"}, {"fiscalDateEnding": "2017-05-31", "reportedCurrency": "USD", "grossProfit": "15312000000", "totalRevenue": "34467000000", "costOfRevenue": "29601000000", "costofGoodsAndServicesSold": "19038000000", "operatingIncome": "4749000000", "sellingGeneralAndAdministrative": "10563000000", "researchAndDevelopment": "None", "operatingExpenses": "10563000000", "investmentIncomeNet": "None", "netInterestIncome": "-59000000", "interestIncome": "94000000", "interestExpense": "59000000", "nonInterestIncome": "117000000", "otherNonOperatingIncome": "196000000", "depreciation": "706000000", "depreciationAndAmortization": "716000000", "incomeBeforeTax": "4886000000", "incomeTaxExpense": "646000000", "interestAndDebtExpense": "None", "netIncomeFromContinuingOperations": "4240000000", "comprehensiveIncomeNetOfTax": "3709000000", "ebit": "4749000000", "ebitda": "5602000000", "netIncome": "4240000000"}], "quarterlyReports": [{"fiscalDateEnding": "2021-08-31", "reportedCurrency": "USD", "grossProfit": "5696000000", "totalRevenue": "12205000000", "costOfRevenue": "10124000000", "costofGoodsAndServicesSold": "6552000000", "operatingIncome": "2124000000", "sellingGeneralAndAdministrative": "3572000000", "researchAndDevelopment": "None", "operatingExpenses": "3572000000", "investmentIncomeNet": "None", "netInterestIncome": "-57000000", "interestIncome": "-57000000", "interestExpense": "57000000", "nonInterestIncome": "12205000000", "otherNonOperatingIncome": "39000000", "depreciation": "177000000", "depreciationAndAmortization": "168000000", "incomeBeforeTax": "2106000000", "incomeTaxExpense": "232000000", "interestAndDebtExpense": "None", "netIncomeFromContinuingOperations": "1874000000", "comprehensiveIncomeNetOfTax": "2187000000", "ebit": "2124000000", "ebitda": "2274000000", "netIncome": "1874000000"}, {"fiscalDateEnding": "2021-05-31", "reportedCurrency": "USD", "grossProfit": "5655000000", "totalRevenue": "12352000000", "costOfRevenue": "10431000000", "costofGoodsAndServicesSold": "6689000000", "operatingIncome": "1913000000", "sellingGeneralAndAdministrative": "3742000000", "researchAndDevelopment": "None", "operatingExpenses": "3742000000", "investmentIncomeNet": "None", "netInterestIncome": "-63000000", "interestIncome": "-63000000", "interestExpense": "-63000000", "nonInterestIncome": "12352000000", "otherNonOperatingIncome": "4000000", "depreciation": "201000000", "depreciationAndAmortization": "221000000", "incomeBeforeTax": "1854000000", "incomeTaxExpense": "345000000", "interestAndDebtExpense": "None", "netIncomeFromContinuingOperations": "1509000000", "comprehensiveIncomeNetOfTax": "1575000000", "ebit": "1913000000", "ebitda": "2075000000", "netIncome": "1509000000"}, {"fiscalDateEnding": "2021-02-28", "reportedCurrency": "USD", "grossProfit": "4719000000", "totalRevenue": "10357000000", "costOfRevenue": "8679000000", "costofGoodsAndServicesSold": "5638000000", "operatingIncome": "1678000000", "sellingGeneralAndAdministrative": "3041000000", "researchAndDevelopment": "None", "operatingExpenses": "3041000000", "investmentIncomeNet": "None", "netInterestIncome": "-64000000", "interestIncome": "-64000000", "interestExpense": "-64000000", "nonInterestIncome": "10357000000", "otherNonOperatingIncome": "22000000", "depreciation": "182000000", "depreciationAndAmortization": "112000000", "incomeBeforeTax": "1636000000", "incomeTaxExpense": "187000000", "interestAndDebtExpense": "None", "netIncomeFromContinuingOperations": "1449000000", "comprehensiveIncomeNetOfTax": "1432000000", "ebit": "1678000000", "ebitda": "1748000000", "netIncome": "1449000000"}, {"fiscalDateEnding": "2020-11-30", "reportedCurrency": "USD", "grossProfit": "4847000000", "totalRevenue": "11243000000", "costOfRevenue": "9663000000", "costofGoodsAndServicesSold": "6396000000", "operatingIncome": "1580000000", "sellingGeneralAndAdministrative": "3267000000", "researchAndDevelopment": "None", "operatingExpenses": "3267000000", "investmentIncomeNet": "None", "netInterestIncome": "-70000000", "interestIncome": "-70000000", "interestExpense": "-70000000", "nonInterestIncome": "11243000000", "otherNonOperatingIncome": "-54000000", "depreciation": "185000000", "depreciationAndAmortization": "247000000", "incomeBeforeTax": "1456000000", "incomeTaxExpense": "205000000", "interestAndDebtExpense": "None", "netIncomeFromContinuingOperations": "1251000000", "comprehensiveIncomeNetOfTax": "1223000000", "ebit": "1580000000", "ebitda": "1703000000", "netIncome": "1251000000"}, {"fiscalDateEnding": "2020-08-31", "reportedCurrency": "USD", "grossProfit": "4741000000", "totalRevenue": "10639000000", "costOfRevenue": "8828000000", "costofGoodsAndServicesSold": "5853000000", "operatingIncome": "1766000000", "sellingGeneralAndAdministrative": "2975000000", "researchAndDevelopment": "None", "operatingExpenses": "2975000000", "investmentIncomeNet": "None", "netInterestIncome": "-65000000", "interestIncome": "-65000000", "interestExpense": "-65000000", "nonInterestIncome": "10639000000", "otherNonOperatingIncome": "14000000", "depreciation": "176000000", "depreciationAndAmortization": "217000000", "incomeBeforeTax": "1715000000", "incomeTaxExpense": "197000000", "interestAndDebtExpense": "None", "netIncomeFromContinuingOperations": "1518000000", "comprehensiveIncomeNetOfTax": "1173000000", "ebit": "1766000000", "ebitda": "1932000000", "netIncome": "1518000000"}, {"fiscalDateEnding": "2020-05-31", "reportedCurrency": "USD", "grossProfit": "2353000000", "totalRevenue": "6241000000", "costOfRevenue": "7151000000", "costofGoodsAndServicesSold": "3960000000", "operatingIncome": "-838000000", "sellingGeneralAndAdministrative": "3191000000", "researchAndDevelopment": "None", "operatingExpenses": "3191000000", "investmentIncomeNet": "None", "netInterestIncome": "-50000000", "interestIncome": "41000000", "interestExpense": "50000000", "nonInterestIncome": "6241000000", "otherNonOperatingIncome": "84000000", "depreciation": "208000000", "depreciationAndAmortization": "223000000", "incomeBeforeTax": "-804000000", "incomeTaxExpense": "-14000000", "interestAndDebtExpense": "None", "netIncomeFromContinuingOperations": "-790000000", "comprehensiveIncomeNetOfTax": "-789000000", "ebit": "-838000000", "ebitda": "-581000000", "netIncome": "-790000000"}, {"fiscalDateEnding": "2020-02-29", "reportedCurrency": "USD", "grossProfit": "4473000000", "totalRevenue": "10104000000", "costOfRevenue": "8914000000", "costofGoodsAndServicesSold": "5631000000", "operatingIncome": "1190000000", "sellingGeneralAndAdministrative": "3283000000", "researchAndDevelopment": "None", "operatingExpenses": "3283000000", "investmentIncomeNet": "None", "netInterestIncome": "-12000000", "interestIncome": "-2000000", "interestExpense": "12000000", "nonInterestIncome": "10104000000", "otherNonOperatingIncome": "-297000000", "depreciation": "170000000", "depreciationAndAmortization": "534000000", "incomeBeforeTax": "881000000", "incomeTaxExpense": "34000000", "interestAndDebtExpense": "None", "netIncomeFromContinuingOperations": "847000000", "comprehensiveIncomeNetOfTax": "738000000", "ebit": "1190000000", "ebitda": "1415000000", "netIncome": "847000000"}, {"fiscalDateEnding": "2019-11-30", "reportedCurrency": "USD", "grossProfit": "4544000000", "totalRevenue": "10326000000", "costOfRevenue": "9106000000", "costofGoodsAndServicesSold": "5782000000", "operatingIncome": "1220000000", "sellingGeneralAndAdministrative": "3324000000", "researchAndDevelopment": "None", "operatingExpenses": "3324000000", "investmentIncomeNet": "None", "netInterestIncome": "-12000000", "interestIncome": "-37000000", "interestExpense": "12000000", "nonInterestIncome": "10326000000", "otherNonOperatingIncome": "41000000", "depreciation": "174000000", "depreciationAndAmortization": "187000000", "incomeBeforeTax": "1249000000", "incomeTaxExpense": "134000000", "interestAndDebtExpense": "None", "netIncomeFromContinuingOperations": "1115000000", "comprehensiveIncomeNetOfTax": "987000000", "ebit": "1220000000", "ebitda": "1436000000", "netIncome": "1115000000"}, {"fiscalDateEnding": "2019-08-31", "reportedCurrency": "USD", "grossProfit": "4871000000", "totalRevenue": "10611000000", "costOfRevenue": "9117000000", "costofGoodsAndServicesSold": "5789000000", "operatingIncome": "1543000000", "sellingGeneralAndAdministrative": "3328000000", "researchAndDevelopment": "None", "operatingExpenses": "3328000000", "investmentIncomeNet": "None", "netInterestIncome": "-15000000", "interestIncome": "-16000000", "interestExpense": "15000000", "nonInterestIncome": "10611000000", "otherNonOperatingIncome": "33000000", "depreciation": "169000000", "depreciationAndAmortization": "175000000", "incomeBeforeTax": "1561000000", "incomeTaxExpense": "194000000", "interestAndDebtExpense": "None", "netIncomeFromContinuingOperations": "1367000000", "comprehensiveIncomeNetOfTax": "1316000000", "ebit": "1543000000", "ebitda": "1736000000", "netIncome": "1367000000"}, {"fiscalDateEnding": "2019-05-31", "reportedCurrency": "USD", "grossProfit": "4633000000", "totalRevenue": "10169000000", "costOfRevenue": "8957000000", "costofGoodsAndServicesSold": "5551000000", "operatingIncome": "1227000000", "sellingGeneralAndAdministrative": "3406000000", "researchAndDevelopment": "None", "operatingExpenses": "3406000000", "investmentIncomeNet": "None", "netInterestIncome": "-12000000", "interestIncome": "30000000", "interestExpense": "12000000", "nonInterestIncome": "10169000000", "otherNonOperatingIncome": "28000000", "depreciation": "178000000", "depreciationAndAmortization": "184000000", "incomeBeforeTax": "1243000000", "incomeTaxExpense": "254000000", "interestAndDebtExpense": "None", "netIncomeFromContinuingOperations": "989000000", "comprehensiveIncomeNetOfTax": "1023000000", "ebit": "1227000000", "ebitda": "1427000000", "netIncome": "989000000"}, {"fiscalDateEnding": "2019-02-28", "reportedCurrency": "USD", "grossProfit": "4339000000", "totalRevenue": "9611000000", "costOfRevenue": "8363000000", "costofGoodsAndServicesSold": "5272000000", "operatingIncome": "1248000000", "sellingGeneralAndAdministrative": "3091000000", "researchAndDevelopment": "None", "operatingExpenses": "3091000000", "investmentIncomeNet": "20000000", "netInterestIncome": "-12000000", "interestIncome": "None", "interestExpense": "12000000", "nonInterestIncome": "9611000000", "otherNonOperatingIncome": "55000000", "depreciation": "178000000", "depreciationAndAmortization": "177000000", "incomeBeforeTax": "1291000000", "incomeTaxExpense": "190000000", "interestAndDebtExpense": "None", "netIncomeFromContinuingOperations": "1101000000", "comprehensiveIncomeNetOfTax": "1089000000", "ebit": "1248000000", "ebitda": "1468000000", "netIncome": "1101000000"}, {"fiscalDateEnding": "2018-11-30", "reportedCurrency": "USD", "grossProfit": "4105000000", "totalRevenue": "18748000000", "costOfRevenue": "8411000000", "costofGoodsAndServicesSold": "5269000000", "operatingIncome": "963000000", "sellingGeneralAndAdministrative": "3142000000", "researchAndDevelopment": "None", "operatingExpenses": "3142000000", "investmentIncomeNet": "20000000", "netInterestIncome": "None", "interestIncome": "None", "interestExpense": "14000000", "nonInterestIncome": "9374000000", "otherNonOperatingIncome": "48000000", "depreciation": "171000000", "depreciationAndAmortization": "178000000", "incomeBeforeTax": "997000000", "incomeTaxExpense": "150000000", "interestAndDebtExpense": "None", "netIncomeFromContinuingOperations": "847000000", "comprehensiveIncomeNetOfTax": "1086000000", "ebit": "963000000", "ebitda": "1175000000", "netIncome": "847000000"}, {"fiscalDateEnding": "2018-08-31", "reportedCurrency": "USD", "grossProfit": "4397000000", "totalRevenue": "19730000000", "costOfRevenue": "8614000000", "costofGoodsAndServicesSold": "5551000000", "operatingIncome": "1334000000", "sellingGeneralAndAdministrative": "3063000000", "researchAndDevelopment": "None", "operatingExpenses": "3063000000", "investmentIncomeNet": "20000000", "netInterestIncome": "None", "interestIncome": "None", "interestExpense": "11000000", "nonInterestIncome": "9782000000", "otherNonOperatingIncome": "-53000000", "depreciation": "178000000", "depreciationAndAmortization": "181000000", "incomeBeforeTax": "1270000000", "incomeTaxExpense": "178000000", "interestAndDebtExpense": "None", "netIncomeFromContinuingOperations": "1092000000", "comprehensiveIncomeNetOfTax": "1154000000", "ebit": "1334000000", "ebitda": "1451000000", "netIncome": "1092000000"}, {"fiscalDateEnding": "2018-05-31", "reportedCurrency": "USD", "grossProfit": "4378000000", "totalRevenue": "9758000000", "costOfRevenue": "8531000000", "costofGoodsAndServicesSold": "5411000000", "operatingIncome": "1258000000", "sellingGeneralAndAdministrative": "3120000000", "researchAndDevelopment": "None", "operatingExpenses": "3120000000", "investmentIncomeNet": "None", "netInterestIncome": "None", "interestIncome": "None", "interestExpense": "12000000", "nonInterestIncome": "-31000000", "otherNonOperatingIncome": "-31000000", "depreciation": "196000000", "depreciationAndAmortization": "200000000", "incomeBeforeTax": "1215000000", "incomeTaxExpense": "78000000", "interestAndDebtExpense": "None", "netIncomeFromContinuingOperations": "1137000000", "comprehensiveIncomeNetOfTax": "1669000000", "ebit": "1258000000", "ebitda": "1415000000", "netIncome": "1137000000"}, {"fiscalDateEnding": "2018-02-28", "reportedCurrency": "USD", "grossProfit": "3938000000", "totalRevenue": "8984000000", "costOfRevenue": "7813000000", "costofGoodsAndServicesSold": "5046000000", "operatingIncome": "1171000000", "sellingGeneralAndAdministrative": "2767000000", "researchAndDevelopment": "None", "operatingExpenses": "2767000000", "investmentIncomeNet": "12000000", "netInterestIncome": "None", "interestIncome": "None", "interestExpense": "13000000", "nonInterestIncome": "8984000000", "otherNonOperatingIncome": "1000000", "depreciation": "185000000", "depreciationAndAmortization": "198000000", "incomeBeforeTax": "1159000000", "incomeTaxExpense": "2080000000", "interestAndDebtExpense": "None", "netIncomeFromContinuingOperations": "-921000000", "comprehensiveIncomeNetOfTax": "-975000000", "ebit": "1171000000", "ebitda": "1357000000", "netIncome": "-921000000"}, {"fiscalDateEnding": "2017-11-30", "reportedCurrency": "USD", "grossProfit": "3678000000", "totalRevenue": "8554000000", "costOfRevenue": "7644000000", "costofGoodsAndServicesSold": "4876000000", "operatingIncome": "910000000", "sellingGeneralAndAdministrative": "2768000000", "researchAndDevelopment": "None", "operatingExpenses": "2768000000", "investmentIncomeNet": "13000000", "netInterestIncome": "None", "interestIncome": "None", "interestExpense": "13000000", "nonInterestIncome": "48000000", "otherNonOperatingIncome": "-18000000", "depreciation": "187000000", "depreciationAndAmortization": "191000000", "incomeBeforeTax": "879000000", "incomeTaxExpense": "112000000", "interestAndDebtExpense": "None", "netIncomeFromContinuingOperations": "767000000", "comprehensiveIncomeNetOfTax": "766000000", "ebit": "910000000", "ebitda": "1070000000", "netIncome": "767000000"}, {"fiscalDateEnding": "2017-08-31", "reportedCurrency": "USD", "grossProfit": "3962000000", "totalRevenue": "9089000000", "costOfRevenue": "7964000000", "costofGoodsAndServicesSold": "5108000000", "operatingIncome": "1106000000", "sellingGeneralAndAdministrative": "2856000000", "researchAndDevelopment": "None", "operatingExpenses": "2856000000", "investmentIncomeNet": "11000000", "netInterestIncome": "None", "interestIncome": "None", "interestExpense": "16000000", "nonInterestIncome": "19000000", "otherNonOperatingIncome": "-18000000", "depreciation": "179000000", "depreciationAndAmortization": "185000000", "incomeBeforeTax": "1072000000", "incomeTaxExpense": "122000000", "interestAndDebtExpense": "None", "netIncomeFromContinuingOperations": "950000000", "comprehensiveIncomeNetOfTax": "577000000", "ebit": "1106000000", "ebitda": "1257000000", "netIncome": "950000000"}, {"fiscalDateEnding": "2017-05-31", "reportedCurrency": "USD", "grossProfit": "3823000000", "totalRevenue": "8704000000", "costOfRevenue": "7519000000", "costofGoodsAndServicesSold": "4854000000", "operatingIncome": "1158000000", "sellingGeneralAndAdministrative": "2665000000", "researchAndDevelopment": "None", "operatingExpenses": "2665000000", "investmentIncomeNet": "None", "netInterestIncome": "None", "interestIncome": "None", "interestExpense": "18000000", "nonInterestIncome": "27000000", "otherNonOperatingIncome": "28000000", "depreciation": "185000000", "depreciationAndAmortization": "188000000", "incomeBeforeTax": "1168000000", "incomeTaxExpense": "160000000", "interestAndDebtExpense": "None", "netIncomeFromContinuingOperations": "1008000000", "comprehensiveIncomeNetOfTax": "566000000", "ebit": "1158000000", "ebitda": "1356000000", "netIncome": "1008000000"}, {"fiscalDateEnding": "2017-02-28", "reportedCurrency": "USD", "grossProfit": "3750000000", "totalRevenue": "8432000000", "costOfRevenue": "7178000000", "costofGoodsAndServicesSold": "4682000000", "operatingIncome": "1254000000", "sellingGeneralAndAdministrative": "2496000000", "researchAndDevelopment": "None", "operatingExpenses": "2496000000", "investmentIncomeNet": "8000000", "netInterestIncome": "None", "interestIncome": "None", "interestExpense": "19000000", "nonInterestIncome": "56000000", "otherNonOperatingIncome": "88000000", "depreciation": "175000000", "depreciationAndAmortization": "170000000", "incomeBeforeTax": "1323000000", "incomeTaxExpense": "182000000", "interestAndDebtExpense": "None", "netIncomeFromContinuingOperations": "1141000000", "comprehensiveIncomeNetOfTax": "971000000", "ebit": "1254000000", "ebitda": "1493000000", "netIncome": "1141000000"}, {"fiscalDateEnding": "2016-11-30", "reportedCurrency": "USD", "grossProfit": "3616000000", "totalRevenue": "8180000000", "costOfRevenue": "7069000000", "costofGoodsAndServicesSold": "4564000000", "operatingIncome": "1111000000", "sellingGeneralAndAdministrative": "2505000000", "researchAndDevelopment": "None", "operatingExpenses": "2505000000", "investmentIncomeNet": "5000000", "netInterestIncome": "None", "interestIncome": "None", "interestExpense": "15000000", "nonInterestIncome": "-27000000", "otherNonOperatingIncome": "18000000", "depreciation": "173000000", "depreciationAndAmortization": "178000000", "incomeBeforeTax": "1114000000", "incomeTaxExpense": "272000000", "interestAndDebtExpense": "None", "netIncomeFromContinuingOperations": "842000000", "comprehensiveIncomeNetOfTax": "1156000000", "ebit": "1111000000", "ebitda": "1292000000", "netIncome": "842000000"}]}