{"symbol": "NRG", "annualReports": [{"fiscalDateEnding": "2020-12-31", "reportedCurrency": "USD", "grossProfit": "2553000000", "totalRevenue": "9093000000", "costOfRevenue": "6540000000", "costofGoodsAndServicesSold": "6540000000", "operatingIncome": "1105000000", "sellingGeneralAndAdministrative": "933000000", "researchAndDevelopment": "8000000", "operatingExpenses": "1370000000", "investmentIncomeNet": "None", "netInterestIncome": "-401000000", "interestIncome": "-384000000", "interestExpense": "401000000", "nonInterestIncome": "8613000000", "otherNonOperatingIncome": "67000000", "depreciation": "295000000", "depreciationAndAmortization": "207000000", "incomeBeforeTax": "761000000", "incomeTaxExpense": "251000000", "interestAndDebtExpense": "410000000", "netIncomeFromContinuingOperations": "510000000", "comprehensiveIncomeNetOfTax": "496000000", "ebit": "1162000000", "ebitda": "1369000000", "netIncome": "510000000"}, {"fiscalDateEnding": "2019-12-31", "reportedCurrency": "USD", "grossProfit": "2518000000", "totalRevenue": "9821000000", "costOfRevenue": "7303000000", "costofGoodsAndServicesSold": "7303000000", "operatingIncome": "1290000000", "sellingGeneralAndAdministrative": "827000000", "researchAndDevelopment": "7000000", "operatingExpenses": "1188000000", "investmentIncomeNet": "None", "netInterestIncome": "-413000000", "interestIncome": "-411000000", "interestExpense": "413000000", "nonInterestIncome": "7982000000", "otherNonOperatingIncome": "66000000", "depreciation": "271000000", "depreciationAndAmortization": "203000000", "incomeBeforeTax": "1104000000", "incomeTaxExpense": "-3334000000", "interestAndDebtExpense": "464000000", "netIncomeFromContinuingOperations": "4117000000", "comprehensiveIncomeNetOfTax": "4340000000", "ebit": "1517000000", "ebitda": "1720000000", "netIncome": "4438000000"}, {"fiscalDateEnding": "2018-12-31", "reportedCurrency": "USD", "grossProfit": "2370000000", "totalRevenue": "9478000000", "costOfRevenue": "7108000000", "costofGoodsAndServicesSold": "3000000", "operatingIncome": "982000000", "sellingGeneralAndAdministrative": "799000000", "researchAndDevelopment": "11000000", "operatingExpenses": "1310000000", "investmentIncomeNet": "None", "netInterestIncome": "-483000000", "interestIncome": "-474000000", "interestExpense": "483000000", "nonInterestIncome": "8305000000", "otherNonOperatingIncome": "18000000", "depreciation": "356000000", "depreciationAndAmortization": "155000000", "incomeBeforeTax": "275000000", "incomeTaxExpense": "7000000", "interestAndDebtExpense": "527000000", "netIncomeFromContinuingOperations": "465000000", "comprehensiveIncomeNetOfTax": "232000000", "ebit": "758000000", "ebitda": "913000000", "netIncome": "268000000"}, {"fiscalDateEnding": "2017-12-31", "reportedCurrency": "USD", "grossProfit": "2188000000", "totalRevenue": "9074000000", "costOfRevenue": "6886000000", "costofGoodsAndServicesSold": "33000000", "operatingIncome": "-741000000", "sellingGeneralAndAdministrative": "836000000", "researchAndDevelopment": "22000000", "operatingExpenses": "3123000000", "investmentIncomeNet": "None", "netInterestIncome": "-890000000", "interestIncome": "-333000000", "interestExpense": "557000000", "nonInterestIncome": "972000000", "otherNonOperatingIncome": "51000000", "depreciation": "None", "depreciationAndAmortization": "258000000", "incomeBeforeTax": "-2197000000", "incomeTaxExpense": "-44000000", "interestAndDebtExpense": "943000000", "netIncomeFromContinuingOperations": "-977000000", "comprehensiveIncomeNetOfTax": "-2095000000", "ebit": "-1640000000", "ebitda": "-1382000000", "netIncome": "-2153000000"}, {"fiscalDateEnding": "2016-12-31", "reportedCurrency": "USD", "grossProfit": "2239000000", "totalRevenue": "8915000000", "costOfRevenue": "6676000000", "costofGoodsAndServicesSold": "8555000000", "operatingIncome": "33000000", "sellingGeneralAndAdministrative": "1032000000", "researchAndDevelopment": "48000000", "operatingExpenses": "2308000000", "investmentIncomeNet": "None", "netInterestIncome": "-1061000000", "interestIncome": "-478000000", "interestExpense": "583000000", "nonInterestIncome": "814000000", "otherNonOperatingIncome": "47000000", "depreciation": "None", "depreciationAndAmortization": "278000000", "incomeBeforeTax": "-749000000", "incomeTaxExpense": "25000000", "interestAndDebtExpense": "1203000000", "netIncomeFromContinuingOperations": "-733000000", "comprehensiveIncomeNetOfTax": "-736000000", "ebit": "-166000000", "ebitda": "112000000", "netIncome": "-774000000"}], "quarterlyReports": [{"fiscalDateEnding": "2021-09-30", "reportedCurrency": "USD", "grossProfit": "2598000000", "totalRevenue": "6609000000", "costOfRevenue": "4011000000", "costofGoodsAndServicesSold": "3692000000", "operatingIncome": "2319000000", "sellingGeneralAndAdministrative": "318000000", "researchAndDevelopment": "None", "operatingExpenses": "383000000", "investmentIncomeNet": "None", "netInterestIncome": "-122000000", "interestIncome": "-107000000", "interestExpense": "122000000", "nonInterestIncome": "8357000000", "otherNonOperatingIncome": "8000000", "depreciation": "None", "depreciationAndAmortization": "14000000", "incomeBeforeTax": "2163000000", "incomeTaxExpense": "545000000", "interestAndDebtExpense": "179000000", "netIncomeFromContinuingOperations": "1618000000", "comprehensiveIncomeNetOfTax": "1608000000", "ebit": "2285000000", "ebitda": "2299000000", "netIncome": "1618000000"}, {"fiscalDateEnding": "2021-06-30", "reportedCurrency": "USD", "grossProfit": "2286000000", "totalRevenue": "5243000000", "costOfRevenue": "2957000000", "costofGoodsAndServicesSold": "2957000000", "operatingIncome": "1557000000", "sellingGeneralAndAdministrative": "308000000", "researchAndDevelopment": "None", "operatingExpenses": "655000000", "investmentIncomeNet": "None", "netInterestIncome": "-125000000", "interestIncome": "-111000000", "interestExpense": "125000000", "nonInterestIncome": "6628000000", "otherNonOperatingIncome": "12000000", "depreciation": "None", "depreciationAndAmortization": "12000000", "incomeBeforeTax": "1458000000", "incomeTaxExpense": "380000000", "interestAndDebtExpense": "125000000", "netIncomeFromContinuingOperations": "1078000000", "comprehensiveIncomeNetOfTax": "1099000000", "ebit": "1583000000", "ebitda": "1595000000", "netIncome": "1078000000"}, {"fiscalDateEnding": "2021-03-31", "reportedCurrency": "USD", "grossProfit": "1227000000", "totalRevenue": "8091000000", "costOfRevenue": "6864000000", "costofGoodsAndServicesSold": "6864000000", "operatingIncome": "-56000000", "sellingGeneralAndAdministrative": "330000000", "researchAndDevelopment": "2000000", "operatingExpenses": "961000000", "investmentIncomeNet": "None", "netInterestIncome": "-127000000", "interestIncome": "-133000000", "interestExpense": "127000000", "nonInterestIncome": "8488000000", "otherNonOperatingIncome": "22000000", "depreciation": "None", "depreciationAndAmortization": "13000000", "incomeBeforeTax": "-167000000", "incomeTaxExpense": "-85000000", "interestAndDebtExpense": "127000000", "netIncomeFromContinuingOperations": "-82000000", "comprehensiveIncomeNetOfTax": "-79000000", "ebit": "-40000000", "ebitda": "-27000000", "netIncome": "-82000000"}, {"fiscalDateEnding": "2020-12-31", "reportedCurrency": "USD", "grossProfit": "412000000", "totalRevenue": "2027000000", "costOfRevenue": "1615000000", "costofGoodsAndServicesSold": "1615000000", "operatingIncome": "-16000000", "sellingGeneralAndAdministrative": "263000000", "researchAndDevelopment": "2000000", "operatingExpenses": "527000000", "investmentIncomeNet": "None", "netInterestIncome": "-109000000", "interestIncome": "-129000000", "interestExpense": "109000000", "nonInterestIncome": "1808000000", "otherNonOperatingIncome": "15000000", "depreciation": "None", "depreciationAndAmortization": "167000000", "incomeBeforeTax": "-138000000", "incomeTaxExpense": "35000000", "interestAndDebtExpense": "117000000", "netIncomeFromContinuingOperations": "-173000000", "comprehensiveIncomeNetOfTax": "-189000000", "ebit": "-29000000", "ebitda": "138000000", "netIncome": "-173000000"}, {"fiscalDateEnding": "2020-09-30", "reportedCurrency": "USD", "grossProfit": "775000000", "totalRevenue": "2809000000", "costOfRevenue": "2034000000", "costofGoodsAndServicesSold": "2034000000", "operatingIncome": "393000000", "sellingGeneralAndAdministrative": "216000000", "researchAndDevelopment": "1000000", "operatingExpenses": "309000000", "investmentIncomeNet": "None", "netInterestIncome": "-99000000", "interestIncome": "-63000000", "interestExpense": "99000000", "nonInterestIncome": "2669000000", "otherNonOperatingIncome": "11000000", "depreciation": "None", "depreciationAndAmortization": "15000000", "incomeBeforeTax": "341000000", "incomeTaxExpense": "92000000", "interestAndDebtExpense": "99000000", "netIncomeFromContinuingOperations": "249000000", "comprehensiveIncomeNetOfTax": "253000000", "ebit": "440000000", "ebitda": "455000000", "netIncome": "249000000"}, {"fiscalDateEnding": "2020-06-30", "reportedCurrency": "USD", "grossProfit": "804000000", "totalRevenue": "2238000000", "costOfRevenue": "1434000000", "costofGoodsAndServicesSold": "1434000000", "operatingIncome": "484000000", "sellingGeneralAndAdministrative": "186000000", "researchAndDevelopment": "2000000", "operatingExpenses": "234000000", "investmentIncomeNet": "None", "netInterestIncome": "-96000000", "interestIncome": "-84000000", "interestExpense": "96000000", "nonInterestIncome": "2178000000", "otherNonOperatingIncome": "14000000", "depreciation": "None", "depreciationAndAmortization": "12000000", "incomeBeforeTax": "414000000", "incomeTaxExpense": "101000000", "interestAndDebtExpense": "96000000", "netIncomeFromContinuingOperations": "313000000", "comprehensiveIncomeNetOfTax": "326000000", "ebit": "510000000", "ebitda": "522000000", "netIncome": "313000000"}, {"fiscalDateEnding": "2020-03-31", "reportedCurrency": "USD", "grossProfit": "562000000", "totalRevenue": "2019000000", "costOfRevenue": "1457000000", "costofGoodsAndServicesSold": "1457000000", "operatingIncome": "244000000", "sellingGeneralAndAdministrative": "190000000", "researchAndDevelopment": "3000000", "operatingExpenses": "246000000", "investmentIncomeNet": "None", "netInterestIncome": "-98000000", "interestIncome": "-109000000", "interestExpense": "98000000", "nonInterestIncome": "1959000000", "otherNonOperatingIncome": "27000000", "depreciation": "None", "depreciationAndAmortization": "13000000", "incomeBeforeTax": "144000000", "incomeTaxExpense": "23000000", "interestAndDebtExpense": "98000000", "netIncomeFromContinuingOperations": "121000000", "comprehensiveIncomeNetOfTax": "106000000", "ebit": "242000000", "ebitda": "255000000", "netIncome": "121000000"}, {"fiscalDateEnding": "2019-12-31", "reportedCurrency": "USD", "grossProfit": "541000000", "totalRevenue": "2195000000", "costOfRevenue": "1654000000", "costofGoodsAndServicesSold": "1654000000", "operatingIncome": "209000000", "sellingGeneralAndAdministrative": "212000000", "researchAndDevelopment": "2000000", "operatingExpenses": "460000000", "investmentIncomeNet": "None", "netInterestIncome": "-95000000", "interestIncome": "-101000000", "interestExpense": "95000000", "nonInterestIncome": "1894000000", "otherNonOperatingIncome": "17000000", "depreciation": "None", "depreciationAndAmortization": "163000000", "incomeBeforeTax": "40000000", "incomeTaxExpense": "-3343000000", "interestAndDebtExpense": "99000000", "netIncomeFromContinuingOperations": "3461000000", "comprehensiveIncomeNetOfTax": "3349000000", "ebit": "135000000", "ebitda": "298000000", "netIncome": "3383000000"}, {"fiscalDateEnding": "2019-09-30", "reportedCurrency": "USD", "grossProfit": "843000000", "totalRevenue": "2996000000", "costOfRevenue": "2153000000", "costofGoodsAndServicesSold": "2153000000", "operatingIncome": "540000000", "sellingGeneralAndAdministrative": "210000000", "researchAndDevelopment": "1000000", "operatingExpenses": "211000000", "investmentIncomeNet": "None", "netInterestIncome": "-99000000", "interestIncome": "-70000000", "interestExpense": "99000000", "nonInterestIncome": "2561000000", "otherNonOperatingIncome": "17000000", "depreciation": "None", "depreciationAndAmortization": "13000000", "incomeBeforeTax": "378000000", "incomeTaxExpense": "6000000", "interestAndDebtExpense": "99000000", "netIncomeFromContinuingOperations": "374000000", "comprehensiveIncomeNetOfTax": "313000000", "ebit": "477000000", "ebitda": "490000000", "netIncome": "372000000"}, {"fiscalDateEnding": "2019-06-30", "reportedCurrency": "USD", "grossProfit": "620000000", "totalRevenue": "2465000000", "costOfRevenue": "1845000000", "costofGoodsAndServicesSold": "1845000000", "operatingIncome": "320000000", "sellingGeneralAndAdministrative": "211000000", "researchAndDevelopment": "2000000", "operatingExpenses": "213000000", "investmentIncomeNet": "None", "netInterestIncome": "-105000000", "interestIncome": "-105000000", "interestExpense": "105000000", "nonInterestIncome": "1745000000", "otherNonOperatingIncome": "20000000", "depreciation": "None", "depreciationAndAmortization": "14000000", "incomeBeforeTax": "200000000", "incomeTaxExpense": "-1000000", "interestAndDebtExpense": "152000000", "netIncomeFromContinuingOperations": "188000000", "comprehensiveIncomeNetOfTax": "198000000", "ebit": "305000000", "ebitda": "319000000", "netIncome": "201000000"}, {"fiscalDateEnding": "2019-03-31", "reportedCurrency": "USD", "grossProfit": "514000000", "totalRevenue": "2165000000", "costOfRevenue": "1651000000", "costofGoodsAndServicesSold": "1651000000", "operatingIncome": "221000000", "sellingGeneralAndAdministrative": "194000000", "researchAndDevelopment": "2000000", "operatingExpenses": "238000000", "investmentIncomeNet": "None", "netInterestIncome": "-114000000", "interestIncome": "-135000000", "interestExpense": "114000000", "nonInterestIncome": "1782000000", "otherNonOperatingIncome": "12000000", "depreciation": "None", "depreciationAndAmortization": "13000000", "incomeBeforeTax": "486000000", "incomeTaxExpense": "4000000", "interestAndDebtExpense": "114000000", "netIncomeFromContinuingOperations": "94000000", "comprehensiveIncomeNetOfTax": "480000000", "ebit": "600000000", "ebitda": "613000000", "netIncome": "482000000"}, {"fiscalDateEnding": "2018-12-31", "reportedCurrency": "USD", "grossProfit": "396000000", "totalRevenue": "1992000000", "costOfRevenue": "1596000000", "costofGoodsAndServicesSold": "1378000000", "operatingIncome": "49000000", "sellingGeneralAndAdministrative": "212000000", "researchAndDevelopment": "2000000", "operatingExpenses": "571000000", "investmentIncomeNet": "None", "netInterestIncome": "-122000000", "interestIncome": "None", "interestExpense": "122000000", "nonInterestIncome": "2387000000", "otherNonOperatingIncome": "6000000", "depreciation": "None", "depreciationAndAmortization": "117000000", "incomeBeforeTax": "-24000000", "incomeTaxExpense": "-12000000", "interestAndDebtExpense": "144000000", "netIncomeFromContinuingOperations": "-82000000", "comprehensiveIncomeNetOfTax": "-48000000", "ebit": "98000000", "ebitda": "215000000", "netIncome": "-12000000"}, {"fiscalDateEnding": "2018-09-30", "reportedCurrency": "USD", "grossProfit": "722000000", "totalRevenue": "2960000000", "costOfRevenue": "2238000000", "costofGoodsAndServicesSold": "2307000000", "operatingIncome": "398000000", "sellingGeneralAndAdministrative": "211000000", "researchAndDevelopment": "1000000", "operatingExpenses": "199000000", "investmentIncomeNet": "None", "netInterestIncome": "-121000000", "interestIncome": "1000000", "interestExpense": "122000000", "nonInterestIncome": "2087000000", "otherNonOperatingIncome": "19000000", "depreciation": "None", "depreciationAndAmortization": "14000000", "incomeBeforeTax": "-64000000", "incomeTaxExpense": "8000000", "interestAndDebtExpense": "140000000", "netIncomeFromContinuingOperations": "274000000", "comprehensiveIncomeNetOfTax": "-73000000", "ebit": "58000000", "ebitda": "72000000", "netIncome": "-72000000"}, {"fiscalDateEnding": "2018-06-30", "reportedCurrency": "USD", "grossProfit": "572000000", "totalRevenue": "2461000000", "costOfRevenue": "1889000000", "costofGoodsAndServicesSold": "2051000000", "operatingIncome": "174000000", "sellingGeneralAndAdministrative": "200000000", "researchAndDevelopment": "3000000", "operatingExpenses": "287000000", "investmentIncomeNet": "None", "netInterestIncome": "-202000000", "interestIncome": "-79000000", "interestExpense": "123000000", "nonInterestIncome": "2230000000", "otherNonOperatingIncome": "-23000000", "depreciation": "None", "depreciationAndAmortization": "11000000", "incomeBeforeTax": "77000000", "incomeTaxExpense": "5000000", "interestAndDebtExpense": "203000000", "netIncomeFromContinuingOperations": "27000000", "comprehensiveIncomeNetOfTax": "71000000", "ebit": "200000000", "ebitda": "211000000", "netIncome": "72000000"}, {"fiscalDateEnding": "2018-03-31", "reportedCurrency": "USD", "grossProfit": "680000000", "totalRevenue": "2065000000", "costOfRevenue": "1385000000", "costofGoodsAndServicesSold": "1558000000", "operatingIncome": "361000000", "sellingGeneralAndAdministrative": "176000000", "researchAndDevelopment": "5000000", "operatingExpenses": "230000000", "investmentIncomeNet": "None", "netInterestIncome": "-167000000", "interestIncome": "-51000000", "interestExpense": "116000000", "nonInterestIncome": "2267000000", "otherNonOperatingIncome": "0", "depreciation": "None", "depreciationAndAmortization": "13000000", "incomeBeforeTax": "285000000", "incomeTaxExpense": "6000000", "interestAndDebtExpense": "169000000", "netIncomeFromContinuingOperations": "245000000", "comprehensiveIncomeNetOfTax": "282000000", "ebit": "401000000", "ebitda": "414000000", "netIncome": "279000000"}, {"fiscalDateEnding": "2017-12-31", "reportedCurrency": "USD", "grossProfit": "857000000", "totalRevenue": "2154000000", "costOfRevenue": "1297000000", "costofGoodsAndServicesSold": "1684000000", "operatingIncome": "-1200000000", "sellingGeneralAndAdministrative": "202000000", "researchAndDevelopment": "4000000", "operatingExpenses": "2228000000", "investmentIncomeNet": "None", "netInterestIncome": "-198000000", "interestIncome": "-73000000", "interestExpense": "125000000", "nonInterestIncome": "976000000", "otherNonOperatingIncome": "8000000", "depreciation": "None", "depreciationAndAmortization": "221000000", "incomeBeforeTax": "-1582000000", "incomeTaxExpense": "-47000000", "interestAndDebtExpense": "248000000", "netIncomeFromContinuingOperations": "-1097000000", "comprehensiveIncomeNetOfTax": "-1517000000", "ebit": "-1457000000", "ebitda": "-1236000000", "netIncome": "-1535000000"}, {"fiscalDateEnding": "2017-09-30", "reportedCurrency": "USD", "grossProfit": "546000000", "totalRevenue": "2618000000", "costOfRevenue": "2072000000", "costofGoodsAndServicesSold": "2156000000", "operatingIncome": "275000000", "sellingGeneralAndAdministrative": "190000000", "researchAndDevelopment": "6000000", "operatingExpenses": "241000000", "investmentIncomeNet": "None", "netInterestIncome": "-221000000", "interestIncome": "-82000000", "interestExpense": "139000000", "nonInterestIncome": "-17000000", "otherNonOperatingIncome": "19000000", "depreciation": "None", "depreciationAndAmortization": "13000000", "incomeBeforeTax": "172000000", "incomeTaxExpense": "1000000", "interestAndDebtExpense": "222000000", "netIncomeFromContinuingOperations": "190000000", "comprehensiveIncomeNetOfTax": "177000000", "ebit": "311000000", "ebitda": "324000000", "netIncome": "171000000"}, {"fiscalDateEnding": "2017-06-30", "reportedCurrency": "USD", "grossProfit": "440000000", "totalRevenue": "2281000000", "costOfRevenue": "1841000000", "costofGoodsAndServicesSold": "1837000000", "operatingIncome": "214000000", "sellingGeneralAndAdministrative": "221000000", "researchAndDevelopment": "18000000", "operatingExpenses": "303000000", "investmentIncomeNet": "None", "netInterestIncome": "-247000000", "interestIncome": "None", "interestExpense": "247000000", "nonInterestIncome": "36000000", "otherNonOperatingIncome": "14000000", "depreciation": "None", "depreciationAndAmortization": "12000000", "incomeBeforeTax": "-622000000", "incomeTaxExpense": "4000000", "interestAndDebtExpense": "247000000", "netIncomeFromContinuingOperations": "99000000", "comprehensiveIncomeNetOfTax": "-601000000", "ebit": "-375000000", "ebitda": "-363000000", "netIncome": "-626000000"}, {"fiscalDateEnding": "2017-03-31", "reportedCurrency": "USD", "grossProfit": "159000000", "totalRevenue": "2021000000", "costOfRevenue": "1862000000", "costofGoodsAndServicesSold": "2125000000", "operatingIncome": "-30000000", "sellingGeneralAndAdministrative": "260000000", "researchAndDevelopment": "17000000", "operatingExpenses": "496000000", "investmentIncomeNet": "None", "netInterestIncome": "-269000000", "interestIncome": "-44000000", "interestExpense": "225000000", "nonInterestIncome": "-26000000", "otherNonOperatingIncome": "13000000", "depreciation": "None", "depreciationAndAmortization": "12000000", "incomeBeforeTax": "-167000000", "incomeTaxExpense": "-4000000", "interestAndDebtExpense": "271000000", "netIncomeFromContinuingOperations": "-203000000", "comprehensiveIncomeNetOfTax": "-153000000", "ebit": "58000000", "ebitda": "70000000", "netIncome": "-163000000"}, {"fiscalDateEnding": "2016-12-31", "reportedCurrency": "USD", "grossProfit": "1219000000", "totalRevenue": "2184000000", "costOfRevenue": "965000000", "costofGoodsAndServicesSold": "1817000000", "operatingIncome": "-658000000", "sellingGeneralAndAdministrative": "231000000", "researchAndDevelopment": "-17000000", "operatingExpenses": "1497000000", "investmentIncomeNet": "None", "netInterestIncome": "-220000000", "interestIncome": "-355000000", "interestExpense": "-135000000", "nonInterestIncome": "952000000", "otherNonOperatingIncome": "18000000", "depreciation": "None", "depreciationAndAmortization": "239000000", "incomeBeforeTax": "-1037000000", "incomeTaxExpense": "-50000000", "interestAndDebtExpense": "243000000", "netIncomeFromContinuingOperations": "-897000000", "comprehensiveIncomeNetOfTax": "-1001000000", "ebit": "-1172000000", "ebitda": "-933000000", "netIncome": "-987000000"}]}