{"symbol": "NSC", "annualReports": [{"fiscalDateEnding": "2020-12-31", "reportedCurrency": "USD", "grossProfit": "6129000000", "totalRevenue": "9164000000", "costOfRevenue": "3035000000", "costofGoodsAndServicesSold": "535000000", "operatingIncome": "3002000000", "sellingGeneralAndAdministrative": "28000000", "researchAndDevelopment": "None", "operatingExpenses": "741000000", "investmentIncomeNet": "None", "netInterestIncome": "-625000000", "interestIncome": "-625000000", "interestExpense": "625000000", "nonInterestIncome": "9789000000", "otherNonOperatingIncome": "153000000", "depreciation": "1154000000", "depreciationAndAmortization": "1154000000", "incomeBeforeTax": "2530000000", "incomeTaxExpense": "517000000", "interestAndDebtExpense": "625000000", "netIncomeFromContinuingOperations": "2013000000", "comprehensiveIncomeNetOfTax": "1910000000", "ebit": "3155000000", "ebitda": "4309000000", "netIncome": "2013000000"}, {"fiscalDateEnding": "2019-12-31", "reportedCurrency": "USD", "grossProfit": "6886000000", "totalRevenue": "10692000000", "costOfRevenue": "3806000000", "costofGoodsAndServicesSold": "953000000", "operatingIncome": "3989000000", "sellingGeneralAndAdministrative": "53000000", "researchAndDevelopment": "None", "operatingExpenses": "800000000", "investmentIncomeNet": "None", "netInterestIncome": "-604000000", "interestIncome": "-604000000", "interestExpense": "604000000", "nonInterestIncome": "11296000000", "otherNonOperatingIncome": "106000000", "depreciation": "1138000000", "depreciationAndAmortization": "1139000000", "incomeBeforeTax": "3491000000", "incomeTaxExpense": "769000000", "interestAndDebtExpense": "604000000", "netIncomeFromContinuingOperations": "2722000000", "comprehensiveIncomeNetOfTax": "2794000000", "ebit": "4095000000", "ebitda": "5234000000", "netIncome": "2722000000"}, {"fiscalDateEnding": "2018-12-31", "reportedCurrency": "USD", "grossProfit": "6638000000", "totalRevenue": "10901000000", "costOfRevenue": "4263000000", "costofGoodsAndServicesSold": "1087000000", "operatingIncome": "3959000000", "sellingGeneralAndAdministrative": "251000000", "researchAndDevelopment": "None", "operatingExpenses": "7499000000", "investmentIncomeNet": "None", "netInterestIncome": "-557000000", "interestIncome": "-557000000", "interestExpense": "557000000", "nonInterestIncome": "11458000000", "otherNonOperatingIncome": "67000000", "depreciation": "1102000000", "depreciationAndAmortization": "1104000000", "incomeBeforeTax": "3469000000", "incomeTaxExpense": "803000000", "interestAndDebtExpense": "557000000", "netIncomeFromContinuingOperations": "2666000000", "comprehensiveIncomeNetOfTax": "2547000000", "ebit": "4026000000", "ebitda": "5130000000", "netIncome": "2666000000"}, {"fiscalDateEnding": "2017-12-31", "reportedCurrency": "USD", "grossProfit": "5561000000", "totalRevenue": "10551000000", "costOfRevenue": "4990000000", "costofGoodsAndServicesSold": "1895000000", "operatingIncome": "3522000000", "sellingGeneralAndAdministrative": "3095000000", "researchAndDevelopment": "None", "operatingExpenses": "7029000000", "investmentIncomeNet": "13000000", "netInterestIncome": "-550000000", "interestIncome": "13000000", "interestExpense": "550000000", "nonInterestIncome": "13000000", "otherNonOperatingIncome": "156000000", "depreciation": "1055000000", "depreciationAndAmortization": "4000000", "incomeBeforeTax": "3128000000", "incomeTaxExpense": "-2276000000", "interestAndDebtExpense": "550000000", "netIncomeFromContinuingOperations": "5404000000", "comprehensiveIncomeNetOfTax": "5535000000", "ebit": "3678000000", "ebitda": "3699000000", "netIncome": "5404000000"}, {"fiscalDateEnding": "2016-12-31", "reportedCurrency": "USD", "grossProfit": "5188000000", "totalRevenue": "9888000000", "costOfRevenue": "4700000000", "costofGoodsAndServicesSold": "1724000000", "operatingIncome": "3009000000", "sellingGeneralAndAdministrative": "2945000000", "researchAndDevelopment": "None", "operatingExpenses": "6879000000", "investmentIncomeNet": "10000000", "netInterestIncome": "-563000000", "interestIncome": "10000000", "interestExpense": "563000000", "nonInterestIncome": "9000000", "otherNonOperatingIncome": "136000000", "depreciation": "1026000000", "depreciationAndAmortization": "4000000", "incomeBeforeTax": "2582000000", "incomeTaxExpense": "914000000", "interestAndDebtExpense": "563000000", "netIncomeFromContinuingOperations": "1668000000", "comprehensiveIncomeNetOfTax": "1626000000", "ebit": "3009000000", "ebitda": "3155000000", "netIncome": "1668000000"}], "quarterlyReports": [{"fiscalDateEnding": "2021-09-30", "reportedCurrency": "USD", "grossProfit": "1857000000", "totalRevenue": "2688000000", "costOfRevenue": "831000000", "costofGoodsAndServicesSold": "208000000", "operatingIncome": "1136000000", "sellingGeneralAndAdministrative": "14000000", "researchAndDevelopment": "None", "operatingExpenses": "184000000", "investmentIncomeNet": "None", "netInterestIncome": "-164000000", "interestIncome": "-164000000", "interestExpense": "164000000", "nonInterestIncome": "2852000000", "otherNonOperatingIncome": "14000000", "depreciation": "297000000", "depreciationAndAmortization": "297000000", "incomeBeforeTax": "986000000", "incomeTaxExpense": "233000000", "interestAndDebtExpense": "164000000", "netIncomeFromContinuingOperations": "753000000", "comprehensiveIncomeNetOfTax": "760000000", "ebit": "1150000000", "ebitda": "1447000000", "netIncome": "753000000"}, {"fiscalDateEnding": "2021-06-30", "reportedCurrency": "USD", "grossProfit": "1810000000", "totalRevenue": "2638000000", "costOfRevenue": "828000000", "costofGoodsAndServicesSold": "188000000", "operatingIncome": "1167000000", "sellingGeneralAndAdministrative": "16000000", "researchAndDevelopment": "None", "operatingExpenses": "113000000", "investmentIncomeNet": "None", "netInterestIncome": "-161000000", "interestIncome": "-161000000", "interestExpense": "161000000", "nonInterestIncome": "2799000000", "otherNonOperatingIncome": "35000000", "depreciation": "294000000", "depreciationAndAmortization": "294000000", "incomeBeforeTax": "1041000000", "incomeTaxExpense": "222000000", "interestAndDebtExpense": "161000000", "netIncomeFromContinuingOperations": "819000000", "comprehensiveIncomeNetOfTax": "827000000", "ebit": "1202000000", "ebitda": "1496000000", "netIncome": "819000000"}, {"fiscalDateEnding": "2021-03-31", "reportedCurrency": "USD", "grossProfit": "1679000000", "totalRevenue": "2483000000", "costOfRevenue": "804000000", "costofGoodsAndServicesSold": "177000000", "operatingIncome": "1015000000", "sellingGeneralAndAdministrative": "16000000", "researchAndDevelopment": "None", "operatingExpenses": "159000000", "investmentIncomeNet": "None", "netInterestIncome": "-156000000", "interestIncome": "-156000000", "interestExpense": "156000000", "nonInterestIncome": "2639000000", "otherNonOperatingIncome": "7000000", "depreciation": "292000000", "depreciationAndAmortization": "292000000", "incomeBeforeTax": "866000000", "incomeTaxExpense": "193000000", "interestAndDebtExpense": "156000000", "netIncomeFromContinuingOperations": "673000000", "comprehensiveIncomeNetOfTax": "681000000", "ebit": "1022000000", "ebitda": "1314000000", "netIncome": "673000000"}, {"fiscalDateEnding": "2020-12-31", "reportedCurrency": "USD", "grossProfit": "2573000000", "totalRevenue": "2573000000", "costOfRevenue": "726000000", "costofGoodsAndServicesSold": "136000000", "operatingIncome": "984000000", "sellingGeneralAndAdministrative": "3000000", "researchAndDevelopment": "None", "operatingExpenses": "131000000", "investmentIncomeNet": "None", "netInterestIncome": "-160000000", "interestIncome": "-160000000", "interestExpense": "160000000", "nonInterestIncome": "2573000000", "otherNonOperatingIncome": "43000000", "depreciation": "287000000", "depreciationAndAmortization": "287000000", "incomeBeforeTax": "867000000", "incomeTaxExpense": "196000000", "interestAndDebtExpense": "160000000", "netIncomeFromContinuingOperations": "984000000", "comprehensiveIncomeNetOfTax": "548000000", "ebit": "1027000000", "ebitda": "1314000000", "netIncome": "671000000"}, {"fiscalDateEnding": "2020-09-30", "reportedCurrency": "USD", "grossProfit": "1634000000", "totalRevenue": "2351000000", "costOfRevenue": "717000000", "costofGoodsAndServicesSold": "126000000", "operatingIncome": "840000000", "sellingGeneralAndAdministrative": "13000000", "researchAndDevelopment": "None", "operatingExpenses": "196000000", "investmentIncomeNet": "None", "netInterestIncome": "-155000000", "interestIncome": "-155000000", "interestExpense": "155000000", "nonInterestIncome": "2506000000", "otherNonOperatingIncome": "39000000", "depreciation": "293000000", "depreciationAndAmortization": "293000000", "incomeBeforeTax": "724000000", "incomeTaxExpense": "155000000", "interestAndDebtExpense": "155000000", "netIncomeFromContinuingOperations": "569000000", "comprehensiveIncomeNetOfTax": "573000000", "ebit": "879000000", "ebitda": "1172000000", "netIncome": "569000000"}, {"fiscalDateEnding": "2020-06-30", "reportedCurrency": "USD", "grossProfit": "1249000000", "totalRevenue": "1929000000", "costOfRevenue": "680000000", "costofGoodsAndServicesSold": "84000000", "operatingIncome": "610000000", "sellingGeneralAndAdministrative": "10000000", "researchAndDevelopment": "None", "operatingExpenses": "161000000", "investmentIncomeNet": "None", "netInterestIncome": "-156000000", "interestIncome": "-156000000", "interestExpense": "156000000", "nonInterestIncome": "2085000000", "otherNonOperatingIncome": "49000000", "depreciation": "282000000", "depreciationAndAmortization": "282000000", "incomeBeforeTax": "503000000", "incomeTaxExpense": "111000000", "interestAndDebtExpense": "156000000", "netIncomeFromContinuingOperations": "392000000", "comprehensiveIncomeNetOfTax": "398000000", "ebit": "659000000", "ebitda": "941000000", "netIncome": "392000000"}, {"fiscalDateEnding": "2020-03-31", "reportedCurrency": "USD", "grossProfit": "1658000000", "totalRevenue": "2471000000", "costOfRevenue": "813000000", "costofGoodsAndServicesSold": "189000000", "operatingIncome": "568000000", "sellingGeneralAndAdministrative": "2000000", "researchAndDevelopment": "None", "operatingExpenses": "160000000", "investmentIncomeNet": "None", "netInterestIncome": "-154000000", "interestIncome": "-154000000", "interestExpense": "154000000", "nonInterestIncome": "2625000000", "otherNonOperatingIncome": "22000000", "depreciation": "292000000", "depreciationAndAmortization": "292000000", "incomeBeforeTax": "436000000", "incomeTaxExpense": "55000000", "interestAndDebtExpense": "154000000", "netIncomeFromContinuingOperations": "381000000", "comprehensiveIncomeNetOfTax": "391000000", "ebit": "590000000", "ebitda": "882000000", "netIncome": "381000000"}, {"fiscalDateEnding": "2019-12-31", "reportedCurrency": "USD", "grossProfit": "2690000000", "totalRevenue": "2690000000", "costOfRevenue": "909000000", "costofGoodsAndServicesSold": "223000000", "operatingIncome": "962000000", "sellingGeneralAndAdministrative": "7000000", "researchAndDevelopment": "None", "operatingExpenses": "-4779000000", "investmentIncomeNet": "None", "netInterestIncome": "-152000000", "interestIncome": "-152000000", "interestExpense": "152000000", "nonInterestIncome": "2690000000", "otherNonOperatingIncome": "18000000", "depreciation": "285000000", "depreciationAndAmortization": "285000000", "incomeBeforeTax": "828000000", "incomeTaxExpense": "162000000", "interestAndDebtExpense": "152000000", "netIncomeFromContinuingOperations": "962000000", "comprehensiveIncomeNetOfTax": "728000000", "ebit": "980000000", "ebitda": "1265000000", "netIncome": "666000000"}, {"fiscalDateEnding": "2019-09-30", "reportedCurrency": "USD", "grossProfit": "1773000000", "totalRevenue": "2691000000", "costOfRevenue": "918000000", "costofGoodsAndServicesSold": "226000000", "operatingIncome": "996000000", "sellingGeneralAndAdministrative": "10000000", "researchAndDevelopment": "None", "operatingExpenses": "1845000000", "investmentIncomeNet": "None", "netInterestIncome": "-150000000", "interestIncome": "-150000000", "interestExpense": "150000000", "nonInterestIncome": "2841000000", "otherNonOperatingIncome": "22000000", "depreciation": "286000000", "depreciationAndAmortization": "287000000", "incomeBeforeTax": "868000000", "incomeTaxExpense": "211000000", "interestAndDebtExpense": "150000000", "netIncomeFromContinuingOperations": "657000000", "comprehensiveIncomeNetOfTax": "661000000", "ebit": "1018000000", "ebitda": "1305000000", "netIncome": "657000000"}, {"fiscalDateEnding": "2019-06-30", "reportedCurrency": "USD", "grossProfit": "1786000000", "totalRevenue": "2772000000", "costOfRevenue": "986000000", "costofGoodsAndServicesSold": "254000000", "operatingIncome": "1065000000", "sellingGeneralAndAdministrative": "20000000", "researchAndDevelopment": "None", "operatingExpenses": "1860000000", "investmentIncomeNet": "None", "netInterestIncome": "-153000000", "interestIncome": "-153000000", "interestExpense": "153000000", "nonInterestIncome": "2925000000", "otherNonOperatingIncome": "22000000", "depreciation": "284000000", "depreciationAndAmortization": "284000000", "incomeBeforeTax": "934000000", "incomeTaxExpense": "212000000", "interestAndDebtExpense": "153000000", "netIncomeFromContinuingOperations": "722000000", "comprehensiveIncomeNetOfTax": "725000000", "ebit": "1087000000", "ebitda": "1371000000", "netIncome": "722000000"}, {"fiscalDateEnding": "2019-03-31", "reportedCurrency": "USD", "grossProfit": "1698000000", "totalRevenue": "2691000000", "costOfRevenue": "993000000", "costofGoodsAndServicesSold": "250000000", "operatingIncome": "966000000", "sellingGeneralAndAdministrative": "16000000", "researchAndDevelopment": "None", "operatingExpenses": "1874000000", "investmentIncomeNet": "None", "netInterestIncome": "-149000000", "interestIncome": "None", "interestExpense": "149000000", "nonInterestIncome": "2840000000", "otherNonOperatingIncome": "44000000", "depreciation": "283000000", "depreciationAndAmortization": "283000000", "incomeBeforeTax": "861000000", "incomeTaxExpense": "184000000", "interestAndDebtExpense": "149000000", "netIncomeFromContinuingOperations": "677000000", "comprehensiveIncomeNetOfTax": "680000000", "ebit": "1010000000", "ebitda": "1293000000", "netIncome": "677000000"}, {"fiscalDateEnding": "2018-12-31", "reportedCurrency": "USD", "grossProfit": "2896000000", "totalRevenue": "2896000000", "costOfRevenue": "1242000000", "costofGoodsAndServicesSold": "275000000", "operatingIncome": "1078000000", "sellingGeneralAndAdministrative": "210000000", "researchAndDevelopment": "None", "operatingExpenses": "1818000000", "investmentIncomeNet": "None", "netInterestIncome": "-148000000", "interestIncome": "None", "interestExpense": "148000000", "nonInterestIncome": "2896000000", "otherNonOperatingIncome": "0", "depreciation": "281000000", "depreciationAndAmortization": "282000000", "incomeBeforeTax": "930000000", "incomeTaxExpense": "228000000", "interestAndDebtExpense": "148000000", "netIncomeFromContinuingOperations": "1078000000", "comprehensiveIncomeNetOfTax": "574000000", "ebit": "1078000000", "ebitda": "1360000000", "netIncome": "702000000"}, {"fiscalDateEnding": "2018-09-30", "reportedCurrency": "USD", "grossProfit": "1794000000", "totalRevenue": "2805000000", "costOfRevenue": "1011000000", "costofGoodsAndServicesSold": "274000000", "operatingIncome": "1020000000", "sellingGeneralAndAdministrative": "12000000", "researchAndDevelopment": "None", "operatingExpenses": "1927000000", "investmentIncomeNet": "None", "netInterestIncome": "-142000000", "interestIncome": "None", "interestExpense": "142000000", "nonInterestIncome": "2947000000", "otherNonOperatingIncome": "30000000", "depreciation": "276000000", "depreciationAndAmortization": "276000000", "incomeBeforeTax": "908000000", "incomeTaxExpense": "206000000", "interestAndDebtExpense": "142000000", "netIncomeFromContinuingOperations": "702000000", "comprehensiveIncomeNetOfTax": "708000000", "ebit": "1050000000", "ebitda": "1326000000", "netIncome": "702000000"}, {"fiscalDateEnding": "2018-06-30", "reportedCurrency": "USD", "grossProfit": "1776000000", "totalRevenue": "2767000000", "costOfRevenue": "991000000", "costofGoodsAndServicesSold": "272000000", "operatingIncome": "1026000000", "sellingGeneralAndAdministrative": "13000000", "researchAndDevelopment": "None", "operatingExpenses": "1872000000", "investmentIncomeNet": "None", "netInterestIncome": "-131000000", "interestIncome": "None", "interestExpense": "131000000", "nonInterestIncome": "2898000000", "otherNonOperatingIncome": "29000000", "depreciation": "273000000", "depreciationAndAmortization": "274000000", "incomeBeforeTax": "924000000", "incomeTaxExpense": "214000000", "interestAndDebtExpense": "131000000", "netIncomeFromContinuingOperations": "710000000", "comprehensiveIncomeNetOfTax": "717000000", "ebit": "1055000000", "ebitda": "1329000000", "netIncome": "710000000"}, {"fiscalDateEnding": "2018-03-31", "reportedCurrency": "USD", "grossProfit": "1442000000", "totalRevenue": "2717000000", "costOfRevenue": "1275000000", "costofGoodsAndServicesSold": "538000000", "operatingIncome": "835000000", "sellingGeneralAndAdministrative": "737000000", "researchAndDevelopment": "None", "operatingExpenses": "1882000000", "investmentIncomeNet": "None", "netInterestIncome": "-136000000", "interestIncome": "None", "interestExpense": "136000000", "nonInterestIncome": "2717000000", "otherNonOperatingIncome": "8000000", "depreciation": "272000000", "depreciationAndAmortization": "272000000", "incomeBeforeTax": "707000000", "incomeTaxExpense": "155000000", "interestAndDebtExpense": "136000000", "netIncomeFromContinuingOperations": "552000000", "comprehensiveIncomeNetOfTax": "548000000", "ebit": "843000000", "ebitda": "1115000000", "netIncome": "552000000"}, {"fiscalDateEnding": "2017-12-31", "reportedCurrency": "USD", "grossProfit": "2669000000", "totalRevenue": "2669000000", "costOfRevenue": "1400000000", "costofGoodsAndServicesSold": "506000000", "operatingIncome": "998000000", "sellingGeneralAndAdministrative": "894000000", "researchAndDevelopment": "None", "operatingExpenses": "1671000000", "investmentIncomeNet": "None", "netInterestIncome": "-134000000", "interestIncome": "None", "interestExpense": "134000000", "nonInterestIncome": "2669000000", "otherNonOperatingIncome": "29000000", "depreciation": "267000000", "depreciationAndAmortization": "268000000", "incomeBeforeTax": "893000000", "incomeTaxExpense": "-3075000000", "interestAndDebtExpense": "134000000", "netIncomeFromContinuingOperations": "1014000000", "comprehensiveIncomeNetOfTax": "4087000000", "ebit": "998000000", "ebitda": "1312000000", "netIncome": "3968000000"}, {"fiscalDateEnding": "2017-09-30", "reportedCurrency": "USD", "grossProfit": "1452000000", "totalRevenue": "2670000000", "costOfRevenue": "1218000000", "costofGoodsAndServicesSold": "463000000", "operatingIncome": "895000000", "sellingGeneralAndAdministrative": "755000000", "researchAndDevelopment": "None", "operatingExpenses": "1775000000", "investmentIncomeNet": "None", "netInterestIncome": "-134000000", "interestIncome": "None", "interestExpense": "134000000", "nonInterestIncome": "2670000000", "otherNonOperatingIncome": "39000000", "depreciation": "265000000", "depreciationAndAmortization": "266000000", "incomeBeforeTax": "800000000", "incomeTaxExpense": "294000000", "interestAndDebtExpense": "134000000", "netIncomeFromContinuingOperations": "506000000", "comprehensiveIncomeNetOfTax": "511000000", "ebit": "895000000", "ebitda": "1200000000", "netIncome": "506000000"}, {"fiscalDateEnding": "2017-06-30", "reportedCurrency": "USD", "grossProfit": "1480000000", "totalRevenue": "2637000000", "costOfRevenue": "1157000000", "costofGoodsAndServicesSold": "454000000", "operatingIncome": "872000000", "sellingGeneralAndAdministrative": "703000000", "researchAndDevelopment": "None", "operatingExpenses": "1765000000", "investmentIncomeNet": "None", "netInterestIncome": "-140000000", "interestIncome": "None", "interestExpense": "140000000", "nonInterestIncome": "2637000000", "otherNonOperatingIncome": "48000000", "depreciation": "264000000", "depreciationAndAmortization": "265000000", "incomeBeforeTax": "780000000", "incomeTaxExpense": "283000000", "interestAndDebtExpense": "140000000", "netIncomeFromContinuingOperations": "497000000", "comprehensiveIncomeNetOfTax": "502000000", "ebit": "872000000", "ebitda": "1185000000", "netIncome": "497000000"}, {"fiscalDateEnding": "2017-03-31", "reportedCurrency": "USD", "grossProfit": "1360000000", "totalRevenue": "2575000000", "costOfRevenue": "1215000000", "costofGoodsAndServicesSold": "472000000", "operatingIncome": "757000000", "sellingGeneralAndAdministrative": "743000000", "researchAndDevelopment": "None", "operatingExpenses": "1818000000", "investmentIncomeNet": "None", "netInterestIncome": "-142000000", "interestIncome": "None", "interestExpense": "142000000", "nonInterestIncome": "2575000000", "otherNonOperatingIncome": "40000000", "depreciation": "260000000", "depreciationAndAmortization": "260000000", "incomeBeforeTax": "655000000", "incomeTaxExpense": "222000000", "interestAndDebtExpense": "142000000", "netIncomeFromContinuingOperations": "433000000", "comprehensiveIncomeNetOfTax": "435000000", "ebit": "757000000", "ebitda": "1057000000", "netIncome": "433000000"}, {"fiscalDateEnding": "2016-12-31", "reportedCurrency": "USD", "grossProfit": "2490000000", "totalRevenue": "2490000000", "costOfRevenue": "1348000000", "costofGoodsAndServicesSold": "453000000", "operatingIncome": "761000000", "sellingGeneralAndAdministrative": "864000000", "researchAndDevelopment": "None", "operatingExpenses": "1794000000", "investmentIncomeNet": "None", "netInterestIncome": "-142000000", "interestIncome": "None", "interestExpense": "142000000", "nonInterestIncome": "None", "otherNonOperatingIncome": "87000000", "depreciation": "256000000", "depreciationAndAmortization": "260000000", "incomeBeforeTax": "641000000", "incomeTaxExpense": "225000000", "interestAndDebtExpense": "142000000", "netIncomeFromContinuingOperations": "761000000", "comprehensiveIncomeNetOfTax": "416000000", "ebit": "761000000", "ebitda": "1049000000", "netIncome": "416000000"}]}