{"symbol": "NTAP", "annualReports": [{"fiscalDateEnding": "2021-04-30", "reportedCurrency": "USD", "grossProfit": "3815000000", "totalRevenue": "5670000000", "costOfRevenue": "4195000000", "costofGoodsAndServicesSold": "1929000000", "operatingIncome": "1031000000", "sellingGeneralAndAdministrative": "2001000000", "researchAndDevelopment": "881000000", "operatingExpenses": "2784000000", "investmentIncomeNet": "9000000", "netInterestIncome": "-74000000", "interestIncome": "9000000", "interestExpense": "74000000", "nonInterestIncome": "5744000000", "otherNonOperatingIncome": "-4000000", "depreciation": "None", "depreciationAndAmortization": "207000000", "incomeBeforeTax": "962000000", "incomeTaxExpense": "232000000", "interestAndDebtExpense": "74000000", "netIncomeFromContinuingOperations": "730000000", "comprehensiveIncomeNetOfTax": "742000000", "ebit": "1036000000", "ebitda": "1243000000", "netIncome": "730000000"}, {"fiscalDateEnding": "2020-04-24", "reportedCurrency": "USD", "grossProfit": "3623000000", "totalRevenue": "5357000000", "costOfRevenue": "3851000000", "costofGoodsAndServicesSold": "1789000000", "operatingIncome": "945000000", "sellingGeneralAndAdministrative": "1848000000", "researchAndDevelopment": "847000000", "operatingExpenses": "2678000000", "investmentIncomeNet": "48000000", "netInterestIncome": "-55000000", "interestIncome": "48000000", "interestExpense": "55000000", "nonInterestIncome": "5412000000", "otherNonOperatingIncome": "6000000", "depreciation": "None", "depreciationAndAmortization": "193000000", "incomeBeforeTax": "944000000", "incomeTaxExpense": "125000000", "interestAndDebtExpense": "55000000", "netIncomeFromContinuingOperations": "819000000", "comprehensiveIncomeNetOfTax": "820000000", "ebit": "999000000", "ebitda": "1192000000", "netIncome": "819000000"}, {"fiscalDateEnding": "2019-04-26", "reportedCurrency": "USD", "grossProfit": "3945000000", "totalRevenue": "6088000000", "costOfRevenue": "4368000000", "costofGoodsAndServicesSold": "2201000000", "operatingIncome": "1221000000", "sellingGeneralAndAdministrative": "1935000000", "researchAndDevelopment": "827000000", "operatingExpenses": "2724000000", "investmentIncomeNet": "88000000", "netInterestIncome": "-58000000", "interestIncome": "88000000", "interestExpense": "58000000", "nonInterestIncome": "6146000000", "otherNonOperatingIncome": "17000000", "depreciation": "None", "depreciationAndAmortization": "197000000", "incomeBeforeTax": "1268000000", "incomeTaxExpense": "99000000", "interestAndDebtExpense": "58000000", "netIncomeFromContinuingOperations": "1169000000", "comprehensiveIncomeNetOfTax": "1196000000", "ebit": "1326000000", "ebitda": "1523000000", "netIncome": "1169000000"}, {"fiscalDateEnding": "2018-04-27", "reportedCurrency": "USD", "grossProfit": "3709000000", "totalRevenue": "5921000000", "costOfRevenue": "2212000000", "costofGoodsAndServicesSold": "2210000000", "operatingIncome": "1158000000", "sellingGeneralAndAdministrative": "2009000000", "researchAndDevelopment": "783000000", "operatingExpenses": "2551000000", "investmentIncomeNet": "79000000", "netInterestIncome": "-62000000", "interestIncome": "79000000", "interestExpense": "62000000", "nonInterestIncome": "76000000", "otherNonOperatingIncome": "24000000", "depreciation": "None", "depreciationAndAmortization": "198000000", "incomeBeforeTax": "1199000000", "incomeTaxExpense": "1083000000", "interestAndDebtExpense": "62000000", "netIncomeFromContinuingOperations": "76000000", "comprehensiveIncomeNetOfTax": "75000000", "ebit": "1261000000", "ebitda": "1459000000", "netIncome": "116000000"}, {"fiscalDateEnding": "2017-04-28", "reportedCurrency": "USD", "grossProfit": "3364000000", "totalRevenue": "5493000000", "costOfRevenue": "2129000000", "costofGoodsAndServicesSold": "2127000000", "operatingIncome": "621000000", "sellingGeneralAndAdministrative": "1904000000", "researchAndDevelopment": "779000000", "operatingExpenses": "2743000000", "investmentIncomeNet": "44000000", "netInterestIncome": "-52000000", "interestIncome": "44000000", "interestExpense": "52000000", "nonInterestIncome": "10000000", "otherNonOperatingIncome": "8000000", "depreciation": "None", "depreciationAndAmortization": "226000000", "incomeBeforeTax": "621000000", "incomeTaxExpense": "140000000", "interestAndDebtExpense": "52000000", "netIncomeFromContinuingOperations": "509000000", "comprehensiveIncomeNetOfTax": "483000000", "ebit": "673000000", "ebitda": "899000000", "netIncome": "481000000"}], "quarterlyReports": [{"fiscalDateEnding": "2021-07-30", "reportedCurrency": "USD", "grossProfit": "999000000", "totalRevenue": "1440000000", "costOfRevenue": "1045000000", "costofGoodsAndServicesSold": "459000000", "operatingIncome": "249000000", "sellingGeneralAndAdministrative": "517000000", "researchAndDevelopment": "210000000", "operatingExpenses": "750000000", "investmentIncomeNet": "2000000", "netInterestIncome": "-18000000", "interestIncome": "2000000", "interestExpense": "18000000", "nonInterestIncome": "1458000000", "otherNonOperatingIncome": "4000000", "depreciation": "None", "depreciationAndAmortization": "46000000", "incomeBeforeTax": "237000000", "incomeTaxExpense": "35000000", "interestAndDebtExpense": "18000000", "netIncomeFromContinuingOperations": "202000000", "comprehensiveIncomeNetOfTax": "198000000", "ebit": "255000000", "ebitda": "301000000", "netIncome": "202000000"}, {"fiscalDateEnding": "2021-04-30", "reportedCurrency": "USD", "grossProfit": "1035000000", "totalRevenue": "1536000000", "costOfRevenue": "1083000000", "costofGoodsAndServicesSold": "520000000", "operatingIncome": "455000000", "sellingGeneralAndAdministrative": "513000000", "researchAndDevelopment": "221000000", "operatingExpenses": "580000000", "investmentIncomeNet": "2000000", "netInterestIncome": "-19000000", "interestIncome": "2000000", "interestExpense": "19000000", "nonInterestIncome": "1555000000", "otherNonOperatingIncome": "-2000000", "depreciation": "None", "depreciationAndAmortization": "48000000", "incomeBeforeTax": "436000000", "incomeTaxExpense": "102000000", "interestAndDebtExpense": "19000000", "netIncomeFromContinuingOperations": "334000000", "comprehensiveIncomeNetOfTax": "338000000", "ebit": "455000000", "ebitda": "503000000", "netIncome": "334000000"}, {"fiscalDateEnding": "2021-01-29", "reportedCurrency": "USD", "grossProfit": "975000000", "totalRevenue": "1451000000", "costOfRevenue": "1012000000", "costofGoodsAndServicesSold": "495000000", "operatingIncome": "258000000", "sellingGeneralAndAdministrative": "499000000", "researchAndDevelopment": "215000000", "operatingExpenses": "717000000", "investmentIncomeNet": "2000000", "netInterestIncome": "-19000000", "interestIncome": "2000000", "interestExpense": "19000000", "nonInterestIncome": "1470000000", "otherNonOperatingIncome": "6000000", "depreciation": "None", "depreciationAndAmortization": "54000000", "incomeBeforeTax": "247000000", "incomeTaxExpense": "65000000", "interestAndDebtExpense": "19000000", "netIncomeFromContinuingOperations": "182000000", "comprehensiveIncomeNetOfTax": "180000000", "ebit": "266000000", "ebitda": "320000000", "netIncome": "182000000"}, {"fiscalDateEnding": "2020-10-30", "reportedCurrency": "USD", "grossProfit": "933000000", "totalRevenue": "1398000000", "costOfRevenue": "1037000000", "costofGoodsAndServicesSold": "483000000", "operatingIncome": "182000000", "sellingGeneralAndAdministrative": "499000000", "researchAndDevelopment": "212000000", "operatingExpenses": "751000000", "investmentIncomeNet": "2000000", "netInterestIncome": "-18000000", "interestIncome": "2000000", "interestExpense": "18000000", "nonInterestIncome": "1416000000", "otherNonOperatingIncome": "9000000", "depreciation": "None", "depreciationAndAmortization": "56000000", "incomeBeforeTax": "175000000", "incomeTaxExpense": "38000000", "interestAndDebtExpense": "18000000", "netIncomeFromContinuingOperations": "137000000", "comprehensiveIncomeNetOfTax": "144000000", "ebit": "193000000", "ebitda": "249000000", "netIncome": "137000000"}, {"fiscalDateEnding": "2020-07-31", "reportedCurrency": "USD", "grossProfit": "872000000", "totalRevenue": "1285000000", "costOfRevenue": "983000000", "costofGoodsAndServicesSold": "431000000", "operatingIncome": "136000000", "sellingGeneralAndAdministrative": "490000000", "researchAndDevelopment": "233000000", "operatingExpenses": "736000000", "investmentIncomeNet": "3000000", "netInterestIncome": "-18000000", "interestIncome": "3000000", "interestExpense": "18000000", "nonInterestIncome": "1303000000", "otherNonOperatingIncome": "-17000000", "depreciation": "None", "depreciationAndAmortization": "49000000", "incomeBeforeTax": "104000000", "incomeTaxExpense": "27000000", "interestAndDebtExpense": "18000000", "netIncomeFromContinuingOperations": "77000000", "comprehensiveIncomeNetOfTax": "80000000", "ebit": "122000000", "ebitda": "171000000", "netIncome": "77000000"}, {"fiscalDateEnding": "2020-04-24", "reportedCurrency": "USD", "grossProfit": "941000000", "totalRevenue": "1387000000", "costOfRevenue": "10000000", "costofGoodsAndServicesSold": "460000000", "operatingIncome": "277000000", "sellingGeneralAndAdministrative": "452000000", "researchAndDevelopment": "212000000", "operatingExpenses": "664000000", "investmentIncomeNet": "7000000", "netInterestIncome": "-14000000", "interestIncome": "7000000", "interestExpense": "14000000", "nonInterestIncome": "1401000000", "otherNonOperatingIncome": "-20000000", "depreciation": "None", "depreciationAndAmortization": "47000000", "incomeBeforeTax": "250000000", "incomeTaxExpense": "54000000", "interestAndDebtExpense": "14000000", "netIncomeFromContinuingOperations": "-20000000", "comprehensiveIncomeNetOfTax": "193000000", "ebit": "264000000", "ebitda": "311000000", "netIncome": "196000000"}, {"fiscalDateEnding": "2020-01-24", "reportedCurrency": "USD", "grossProfit": "941000000", "totalRevenue": "1390000000", "costOfRevenue": "933000000", "costofGoodsAndServicesSold": "463000000", "operatingIncome": "268000000", "sellingGeneralAndAdministrative": "462000000", "researchAndDevelopment": "211000000", "operatingExpenses": "673000000", "investmentIncomeNet": "10000000", "netInterestIncome": "-14000000", "interestIncome": "10000000", "interestExpense": "14000000", "nonInterestIncome": "1404000000", "otherNonOperatingIncome": "12000000", "depreciation": "None", "depreciationAndAmortization": "47000000", "incomeBeforeTax": "276000000", "incomeTaxExpense": "-1000000", "interestAndDebtExpense": "14000000", "netIncomeFromContinuingOperations": "277000000", "comprehensiveIncomeNetOfTax": "274000000", "ebit": "290000000", "ebitda": "337000000", "netIncome": "277000000"}, {"fiscalDateEnding": "2019-10-25", "reportedCurrency": "USD", "grossProfit": "925000000", "totalRevenue": "1359000000", "costOfRevenue": "915000000", "costofGoodsAndServicesSold": "446000000", "operatingIncome": "296000000", "sellingGeneralAndAdministrative": "458000000", "researchAndDevelopment": "209000000", "operatingExpenses": "629000000", "investmentIncomeNet": "12000000", "netInterestIncome": "-12000000", "interestIncome": "12000000", "interestExpense": "12000000", "nonInterestIncome": "1371000000", "otherNonOperatingIncome": "3000000", "depreciation": "None", "depreciationAndAmortization": "50000000", "incomeBeforeTax": "299000000", "incomeTaxExpense": "56000000", "interestAndDebtExpense": "12000000", "netIncomeFromContinuingOperations": "243000000", "comprehensiveIncomeNetOfTax": "246000000", "ebit": "311000000", "ebitda": "361000000", "netIncome": "243000000"}, {"fiscalDateEnding": "2019-07-26", "reportedCurrency": "USD", "grossProfit": "816000000", "totalRevenue": "1221000000", "costOfRevenue": "966000000", "costofGoodsAndServicesSold": "420000000", "operatingIncome": "104000000", "sellingGeneralAndAdministrative": "476000000", "researchAndDevelopment": "215000000", "operatingExpenses": "712000000", "investmentIncomeNet": "19000000", "netInterestIncome": "-15000000", "interestIncome": "19000000", "interestExpense": "15000000", "nonInterestIncome": "1236000000", "otherNonOperatingIncome": "11000000", "depreciation": "None", "depreciationAndAmortization": "49000000", "incomeBeforeTax": "119000000", "incomeTaxExpense": "16000000", "interestAndDebtExpense": "15000000", "netIncomeFromContinuingOperations": "103000000", "comprehensiveIncomeNetOfTax": "107000000", "ebit": "134000000", "ebitda": "183000000", "netIncome": "103000000"}, {"fiscalDateEnding": "2019-04-26", "reportedCurrency": "USD", "grossProfit": "1026000000", "totalRevenue": "1578000000", "costOfRevenue": "1138000000", "costofGoodsAndServicesSold": "566000000", "operatingIncome": "370000000", "sellingGeneralAndAdministrative": "508000000", "researchAndDevelopment": "205000000", "operatingExpenses": "656000000", "investmentIncomeNet": "20000000", "netInterestIncome": "-14000000", "interestIncome": "20000000", "interestExpense": "14000000", "nonInterestIncome": "1592000000", "otherNonOperatingIncome": "8000000", "depreciation": "None", "depreciationAndAmortization": "48000000", "incomeBeforeTax": "384000000", "incomeTaxExpense": "-12000000", "interestAndDebtExpense": "14000000", "netIncomeFromContinuingOperations": "396000000", "comprehensiveIncomeNetOfTax": "421000000", "ebit": "398000000", "ebitda": "446000000", "netIncome": "396000000"}, {"fiscalDateEnding": "2019-01-25", "reportedCurrency": "USD", "grossProfit": "982000000", "totalRevenue": "1547000000", "costOfRevenue": "1062000000", "costofGoodsAndServicesSold": "581000000", "operatingIncome": "311000000", "sellingGeneralAndAdministrative": "468000000", "researchAndDevelopment": "203000000", "operatingExpenses": "671000000", "investmentIncomeNet": "22000000", "netInterestIncome": "-16000000", "interestIncome": "None", "interestExpense": "16000000", "nonInterestIncome": "1563000000", "otherNonOperatingIncome": "2000000", "depreciation": "None", "depreciationAndAmortization": "51000000", "incomeBeforeTax": "319000000", "incomeTaxExpense": "70000000", "interestAndDebtExpense": "16000000", "netIncomeFromContinuingOperations": "249000000", "comprehensiveIncomeNetOfTax": "256000000", "ebit": "335000000", "ebitda": "386000000", "netIncome": "249000000"}, {"fiscalDateEnding": "2018-10-26", "reportedCurrency": "USD", "grossProfit": "974000000", "totalRevenue": "1503000000", "costOfRevenue": "1032000000", "costofGoodsAndServicesSold": "543000000", "operatingIncome": "286000000", "sellingGeneralAndAdministrative": "477000000", "researchAndDevelopment": "211000000", "operatingExpenses": "688000000", "investmentIncomeNet": "21000000", "netInterestIncome": "-14000000", "interestIncome": "None", "interestExpense": "14000000", "nonInterestIncome": "1517000000", "otherNonOperatingIncome": "0", "depreciation": "None", "depreciationAndAmortization": "49000000", "incomeBeforeTax": "293000000", "incomeTaxExpense": "52000000", "interestAndDebtExpense": "14000000", "netIncomeFromContinuingOperations": "241000000", "comprehensiveIncomeNetOfTax": "236000000", "ebit": "307000000", "ebitda": "356000000", "netIncome": "241000000"}, {"fiscalDateEnding": "2018-07-27", "reportedCurrency": "USD", "grossProfit": "963000000", "totalRevenue": "1460000000", "costOfRevenue": "1061000000", "costofGoodsAndServicesSold": "511000000", "operatingIncome": "254000000", "sellingGeneralAndAdministrative": "482000000", "researchAndDevelopment": "208000000", "operatingExpenses": "709000000", "investmentIncomeNet": "25000000", "netInterestIncome": "-14000000", "interestIncome": "None", "interestExpense": "14000000", "nonInterestIncome": "1474000000", "otherNonOperatingIncome": "7000000", "depreciation": "None", "depreciationAndAmortization": "49000000", "incomeBeforeTax": "272000000", "incomeTaxExpense": "-11000000", "interestAndDebtExpense": "14000000", "netIncomeFromContinuingOperations": "283000000", "comprehensiveIncomeNetOfTax": "283000000", "ebit": "286000000", "ebitda": "335000000", "netIncome": "283000000"}, {"fiscalDateEnding": "2018-04-27", "reportedCurrency": "USD", "grossProfit": "1029000000", "totalRevenue": "1648000000", "costOfRevenue": "619000000", "costofGoodsAndServicesSold": "615000000", "operatingIncome": "312000000", "sellingGeneralAndAdministrative": "532000000", "researchAndDevelopment": "203000000", "operatingExpenses": "717000000", "investmentIncomeNet": "24000000", "netInterestIncome": "-15000000", "interestIncome": "None", "interestExpense": "15000000", "nonInterestIncome": "-4199000000", "otherNonOperatingIncome": "7000000", "depreciation": "None", "depreciationAndAmortization": "48000000", "incomeBeforeTax": "328000000", "incomeTaxExpense": "38000000", "interestAndDebtExpense": "15000000", "netIncomeFromContinuingOperations": "271000000", "comprehensiveIncomeNetOfTax": "262000000", "ebit": "343000000", "ebitda": "391000000", "netIncome": "290000000"}, {"fiscalDateEnding": "2018-01-26", "reportedCurrency": "USD", "grossProfit": "956000000", "totalRevenue": "1538000000", "costOfRevenue": "582000000", "costofGoodsAndServicesSold": "583000000", "operatingIncome": "490000000", "sellingGeneralAndAdministrative": "495000000", "researchAndDevelopment": "193000000", "operatingExpenses": "466000000", "investmentIncomeNet": "20000000", "netInterestIncome": "-17000000", "interestIncome": "None", "interestExpense": "17000000", "nonInterestIncome": "1539000000", "otherNonOperatingIncome": "11000000", "depreciation": "None", "depreciationAndAmortization": "48000000", "incomeBeforeTax": "504000000", "incomeTaxExpense": "983000000", "interestAndDebtExpense": "17000000", "netIncomeFromContinuingOperations": "-506000000", "comprehensiveIncomeNetOfTax": "-502000000", "ebit": "521000000", "ebitda": "569000000", "netIncome": "-479000000"}, {"fiscalDateEnding": "2017-10-27", "reportedCurrency": "USD", "grossProfit": "900000000", "totalRevenue": "1420000000", "costOfRevenue": "520000000", "costofGoodsAndServicesSold": "515000000", "operatingIncome": "216000000", "sellingGeneralAndAdministrative": "489000000", "researchAndDevelopment": "194000000", "operatingExpenses": "684000000", "investmentIncomeNet": "19000000", "netInterestIncome": "-17000000", "interestIncome": "None", "interestExpense": "17000000", "nonInterestIncome": "1415000000", "otherNonOperatingIncome": "4000000", "depreciation": "None", "depreciationAndAmortization": "51000000", "incomeBeforeTax": "222000000", "incomeTaxExpense": "48000000", "interestAndDebtExpense": "17000000", "netIncomeFromContinuingOperations": "175000000", "comprehensiveIncomeNetOfTax": "168000000", "ebit": "239000000", "ebitda": "290000000", "netIncome": "174000000"}, {"fiscalDateEnding": "2017-07-28", "reportedCurrency": "USD", "grossProfit": "824000000", "totalRevenue": "1315000000", "costOfRevenue": "491000000", "costofGoodsAndServicesSold": "497000000", "operatingIncome": "140000000", "sellingGeneralAndAdministrative": "493000000", "researchAndDevelopment": "193000000", "operatingExpenses": "684000000", "investmentIncomeNet": "16000000", "netInterestIncome": "-13000000", "interestIncome": "None", "interestExpense": "13000000", "nonInterestIncome": "1321000000", "otherNonOperatingIncome": "2000000", "depreciation": "None", "depreciationAndAmortization": "51000000", "incomeBeforeTax": "145000000", "incomeTaxExpense": "14000000", "interestAndDebtExpense": "13000000", "netIncomeFromContinuingOperations": "136000000", "comprehensiveIncomeNetOfTax": "147000000", "ebit": "158000000", "ebitda": "209000000", "netIncome": "131000000"}, {"fiscalDateEnding": "2017-04-28", "reportedCurrency": "USD", "grossProfit": "887000000", "totalRevenue": "1455000000", "costOfRevenue": "568000000", "costofGoodsAndServicesSold": "957000000", "operatingIncome": "203000000", "sellingGeneralAndAdministrative": "475000000", "researchAndDevelopment": "191000000", "operatingExpenses": "684000000", "investmentIncomeNet": "13000000", "netInterestIncome": "-13000000", "interestIncome": "None", "interestExpense": "13000000", "nonInterestIncome": "0", "otherNonOperatingIncome": "1000000", "depreciation": "None", "depreciationAndAmortization": "53000000", "incomeBeforeTax": "204000000", "incomeTaxExpense": "42000000", "interestAndDebtExpense": "13000000", "netIncomeFromContinuingOperations": "190000000", "comprehensiveIncomeNetOfTax": "170000000", "ebit": "217000000", "ebitda": "270000000", "netIncome": "162000000"}, {"fiscalDateEnding": "2017-01-27", "reportedCurrency": "USD", "grossProfit": "851000000", "totalRevenue": "1404000000", "costOfRevenue": "553000000", "costofGoodsAndServicesSold": "435000000", "operatingIncome": "183000000", "sellingGeneralAndAdministrative": "445000000", "researchAndDevelopment": "181000000", "operatingExpenses": "668000000", "investmentIncomeNet": "10000000", "netInterestIncome": "-12000000", "interestIncome": "None", "interestExpense": "12000000", "nonInterestIncome": "10000000", "otherNonOperatingIncome": "2000000", "depreciation": "None", "depreciationAndAmortization": "56000000", "incomeBeforeTax": "183000000", "incomeTaxExpense": "37000000", "interestAndDebtExpense": "12000000", "netIncomeFromContinuingOperations": "146000000", "comprehensiveIncomeNetOfTax": "150000000", "ebit": "195000000", "ebitda": "251000000", "netIncome": "146000000"}, {"fiscalDateEnding": "2016-10-28", "reportedCurrency": "USD", "grossProfit": "829000000", "totalRevenue": "1340000000", "costOfRevenue": "511000000", "costofGoodsAndServicesSold": "376000000", "operatingIncome": "142000000", "sellingGeneralAndAdministrative": "487000000", "researchAndDevelopment": "200000000", "operatingExpenses": "687000000", "investmentIncomeNet": "10000000", "netInterestIncome": "-12000000", "interestIncome": "None", "interestExpense": "12000000", "nonInterestIncome": "None", "otherNonOperatingIncome": "2000000", "depreciation": "None", "depreciationAndAmortization": "57000000", "incomeBeforeTax": "142000000", "incomeTaxExpense": "33000000", "interestAndDebtExpense": "12000000", "netIncomeFromContinuingOperations": "109000000", "comprehensiveIncomeNetOfTax": "99000000", "ebit": "154000000", "ebitda": "211000000", "netIncome": "109000000"}]}