{"symbol": "NTRS", "annualReports": [{"fiscalDateEnding": "2020-12-31", "reportedCurrency": "USD", "grossProfit": "1661000000", "totalRevenue": "6100800000", "costOfRevenue": "4439800000", "costofGoodsAndServicesSold": "None", "operatingIncome": "354400000", "sellingGeneralAndAdministrative": "1173200000", "researchAndDevelopment": "None", "operatingExpenses": "1306600000", "investmentIncomeNet": "None", "netInterestIncome": "1443200000", "interestIncome": "1643500000", "interestExpense": "200300000", "nonInterestIncome": "4657600000", "otherNonOperatingIncome": "None", "depreciation": "116500000", "depreciationAndAmortization": "133400000", "incomeBeforeTax": "1627600000", "incomeTaxExpense": "418300000", "interestAndDebtExpense": "200300000", "netIncomeFromContinuingOperations": "1209300000", "comprehensiveIncomeNetOfTax": "1832000000", "ebit": "1827900000", "ebitda": "1961300000", "netIncome": "1209300000"}, {"fiscalDateEnding": "2019-12-31", "reportedCurrency": "USD", "grossProfit": "1929600000", "totalRevenue": "6073100000", "costOfRevenue": "4143500000", "costofGoodsAndServicesSold": "529400000", "operatingIncome": "567500000", "sellingGeneralAndAdministrative": "1242300000", "researchAndDevelopment": "None", "operatingExpenses": "1362100000", "investmentIncomeNet": "None", "netInterestIncome": "1677900000", "interestIncome": "2499900000", "interestExpense": "822000000", "nonInterestIncome": "4395200000", "otherNonOperatingIncome": "None", "depreciation": "103200000", "depreciationAndAmortization": "119800000", "incomeBeforeTax": "1944100000", "incomeTaxExpense": "451900000", "interestAndDebtExpense": "822000000", "netIncomeFromContinuingOperations": "1492200000", "comprehensiveIncomeNetOfTax": "1751200000", "ebit": "2766100000", "ebitda": "2885900000", "netIncome": "1492200000"}, {"fiscalDateEnding": "2018-12-31", "reportedCurrency": "USD", "grossProfit": "1943300000", "totalRevenue": "5960200000", "costOfRevenue": "4016900000", "costofGoodsAndServicesSold": "450200000", "operatingIncome": "535000000", "sellingGeneralAndAdministrative": "1282300000", "researchAndDevelopment": "None", "operatingExpenses": "1408300000", "investmentIncomeNet": "None", "netInterestIncome": "1622700000", "interestIncome": "2321400000", "interestExpense": "698700000", "nonInterestIncome": "4337500000", "otherNonOperatingIncome": "-1000000", "depreciation": "108600000", "depreciationAndAmortization": "126000000", "incomeBeforeTax": "1957800000", "incomeTaxExpense": "401400000", "interestAndDebtExpense": "698700000", "netIncomeFromContinuingOperations": "1556400000", "comprehensiveIncomeNetOfTax": "1542300000", "ebit": "2656500000", "ebitda": "2782500000", "netIncome": "1556400000"}, {"fiscalDateEnding": "2017-12-31", "reportedCurrency": "USD", "grossProfit": "1605900000", "totalRevenue": "5375300000", "costOfRevenue": "3769400000", "costofGoodsAndServicesSold": "203400000", "operatingIncome": "290200000", "sellingGeneralAndAdministrative": "1203100000", "researchAndDevelopment": "None", "operatingExpenses": "1315700000", "investmentIncomeNet": "None", "netInterestIncome": "1429200000", "interestIncome": "1769400000", "interestExpense": "340200000", "nonInterestIncome": "3946100000", "otherNonOperatingIncome": "None", "depreciation": "101200000", "depreciationAndAmortization": "112600000", "incomeBeforeTax": "1633900000", "incomeTaxExpense": "434900000", "interestAndDebtExpense": "340200000", "netIncomeFromContinuingOperations": "1199000000", "comprehensiveIncomeNetOfTax": "1154700000", "ebit": "1974100000", "ebitda": "2086700000", "netIncome": "1199000000"}, {"fiscalDateEnding": "2016-12-31", "reportedCurrency": "USD", "grossProfit": "1491100000", "totalRevenue": "4961800000", "costOfRevenue": "3470700000", "costofGoodsAndServicesSold": "90800000", "operatingIncome": "249100000", "sellingGeneralAndAdministrative": "1144000000", "researchAndDevelopment": "None", "operatingExpenses": "1242000000", "investmentIncomeNet": "None", "netInterestIncome": "1234900000", "interestIncome": "1416900000", "interestExpense": "182000000", "nonInterestIncome": "3726900000", "otherNonOperatingIncome": "None", "depreciation": "89200000", "depreciationAndAmortization": "98000000", "incomeBeforeTax": "1517100000", "incomeTaxExpense": "484600000", "interestAndDebtExpense": "182000000", "netIncomeFromContinuingOperations": "1032500000", "comprehensiveIncomeNetOfTax": "1035200000", "ebit": "1699100000", "ebitda": "1797100000", "netIncome": "1032500000"}], "quarterlyReports": [{"fiscalDateEnding": "2021-09-30", "reportedCurrency": "USD", "grossProfit": "586500000", "totalRevenue": "1709200000", "costOfRevenue": "1122700000", "costofGoodsAndServicesSold": "None", "operatingIncome": "264300000", "sellingGeneralAndAdministrative": "318800000", "researchAndDevelopment": "None", "operatingExpenses": "322200000", "investmentIncomeNet": "None", "netInterestIncome": "346400000", "interestIncome": "351300000", "interestExpense": "4900000", "nonInterestIncome": "1287400000", "otherNonOperatingIncome": "None", "depreciation": "None", "depreciationAndAmortization": "3400000", "incomeBeforeTax": "518100000", "incomeTaxExpense": "122400000", "interestAndDebtExpense": "4900000", "netIncomeFromContinuingOperations": "395700000", "comprehensiveIncomeNetOfTax": "315000000", "ebit": "523000000", "ebitda": "526400000", "netIncome": "395700000"}, {"fiscalDateEnding": "2021-06-30", "reportedCurrency": "USD", "grossProfit": "560700000", "totalRevenue": "1661700000", "costOfRevenue": "1101000000", "costofGoodsAndServicesSold": "None", "operatingIncome": "249000000", "sellingGeneralAndAdministrative": "307800000", "researchAndDevelopment": "None", "operatingExpenses": "311700000", "investmentIncomeNet": "None", "netInterestIncome": "335600000", "interestIncome": "343100000", "interestExpense": "7500000", "nonInterestIncome": "1244700000", "otherNonOperatingIncome": "None", "depreciation": "None", "depreciationAndAmortization": "3900000", "incomeBeforeTax": "486500000", "incomeTaxExpense": "118400000", "interestAndDebtExpense": "7500000", "netIncomeFromContinuingOperations": "368100000", "comprehensiveIncomeNetOfTax": "496900000", "ebit": "494000000", "ebitda": "497900000", "netIncome": "368100000"}, {"fiscalDateEnding": "2021-03-31", "reportedCurrency": "USD", "grossProfit": "577000000", "totalRevenue": "1668300000", "costOfRevenue": "1091300000", "costofGoodsAndServicesSold": "None", "operatingIncome": "260300000", "sellingGeneralAndAdministrative": "312400000", "researchAndDevelopment": "None", "operatingExpenses": "316700000", "investmentIncomeNet": "None", "netInterestIncome": "340100000", "interestIncome": "349900000", "interestExpense": "9800000", "nonInterestIncome": "1243300000", "otherNonOperatingIncome": "None", "depreciation": "None", "depreciationAndAmortization": "4300000", "incomeBeforeTax": "495900000", "incomeTaxExpense": "120800000", "interestAndDebtExpense": "9800000", "netIncomeFromContinuingOperations": "375100000", "comprehensiveIncomeNetOfTax": "13000000", "ebit": "505700000", "ebitda": "510000000", "netIncome": "375100000"}, {"fiscalDateEnding": "2020-12-31", "reportedCurrency": "USD", "grossProfit": "373100000", "totalRevenue": "1504900000", "costOfRevenue": "1131800000", "costofGoodsAndServicesSold": "None", "operatingIncome": "-34300000", "sellingGeneralAndAdministrative": "372500000", "researchAndDevelopment": "None", "operatingExpenses": "407400000", "investmentIncomeNet": "None", "netInterestIncome": "334400000", "interestIncome": "352600000", "interestExpense": "18200000", "nonInterestIncome": "1187500000", "otherNonOperatingIncome": "None", "depreciation": "30600000", "depreciationAndAmortization": "34900000", "incomeBeforeTax": "373400000", "incomeTaxExpense": "132500000", "interestAndDebtExpense": "18200000", "netIncomeFromContinuingOperations": "240900000", "comprehensiveIncomeNetOfTax": "244400000", "ebit": "391600000", "ebitda": "426500000", "netIncome": "240900000"}, {"fiscalDateEnding": "2020-09-30", "reportedCurrency": "USD", "grossProfit": "438600000", "totalRevenue": "1538100000", "costOfRevenue": "1099500000", "costofGoodsAndServicesSold": "None", "operatingIncome": "186900000", "sellingGeneralAndAdministrative": "251700000", "researchAndDevelopment": "None", "operatingExpenses": "251700000", "investmentIncomeNet": "None", "netInterestIncome": "328600000", "interestIncome": "355400000", "interestExpense": "26800000", "nonInterestIncome": "1156500000", "otherNonOperatingIncome": "None", "depreciation": "28300000", "depreciationAndAmortization": "32600000", "incomeBeforeTax": "389900000", "incomeTaxExpense": "95400000", "interestAndDebtExpense": "26800000", "netIncomeFromContinuingOperations": "294500000", "comprehensiveIncomeNetOfTax": "348600000", "ebit": "416700000", "ebitda": "449300000", "netIncome": "294500000"}, {"fiscalDateEnding": "2020-06-30", "reportedCurrency": "USD", "grossProfit": "399400000", "totalRevenue": "1496700000", "costOfRevenue": "1097300000", "costofGoodsAndServicesSold": "None", "operatingIncome": "148100000", "sellingGeneralAndAdministrative": "251300000", "researchAndDevelopment": "None", "operatingExpenses": "251300000", "investmentIncomeNet": "None", "netInterestIncome": "372100000", "interestIncome": "406300000", "interestExpense": "34200000", "nonInterestIncome": "1134000000", "otherNonOperatingIncome": "None", "depreciation": "29500000", "depreciationAndAmortization": "33700000", "incomeBeforeTax": "403200000", "incomeTaxExpense": "89900000", "interestAndDebtExpense": "34200000", "netIncomeFromContinuingOperations": "313300000", "comprehensiveIncomeNetOfTax": "638700000", "ebit": "437400000", "ebitda": "471100000", "netIncome": "313300000"}, {"fiscalDateEnding": "2020-03-31", "reportedCurrency": "USD", "grossProfit": "449900000", "totalRevenue": "1561100000", "costOfRevenue": "1111200000", "costofGoodsAndServicesSold": "65600000", "operatingIncome": "120000000", "sellingGeneralAndAdministrative": "297700000", "researchAndDevelopment": "None", "operatingExpenses": "329900000", "investmentIncomeNet": "None", "netInterestIncome": "408100000", "interestIncome": "529200000", "interestExpense": "121100000", "nonInterestIncome": "1179600000", "otherNonOperatingIncome": "None", "depreciation": "28100000", "depreciationAndAmortization": "32200000", "incomeBeforeTax": "461100000", "incomeTaxExpense": "100500000", "interestAndDebtExpense": "121100000", "netIncomeFromContinuingOperations": "360600000", "comprehensiveIncomeNetOfTax": "600300000", "ebit": "582200000", "ebitda": "614400000", "netIncome": "360600000"}, {"fiscalDateEnding": "2019-12-31", "reportedCurrency": "USD", "grossProfit": "344500000", "totalRevenue": "1416800000", "costOfRevenue": "1072300000", "costofGoodsAndServicesSold": "91300000", "operatingIncome": "-112000000", "sellingGeneralAndAdministrative": "425700000", "researchAndDevelopment": "None", "operatingExpenses": "456500000", "investmentIncomeNet": "None", "netInterestIncome": "420800000", "interestIncome": "576100000", "interestExpense": "155300000", "nonInterestIncome": "1126900000", "otherNonOperatingIncome": "None", "depreciation": "26700000", "depreciationAndAmortization": "30800000", "incomeBeforeTax": "476400000", "incomeTaxExpense": "105300000", "interestAndDebtExpense": "155300000", "netIncomeFromContinuingOperations": "371100000", "comprehensiveIncomeNetOfTax": "267400000", "ebit": "631700000", "ebitda": "662500000", "netIncome": "371100000"}, {"fiscalDateEnding": "2019-09-30", "reportedCurrency": "USD", "grossProfit": "555100000", "totalRevenue": "1591400000", "costOfRevenue": "1036300000", "costofGoodsAndServicesSold": "128100000", "operatingIncome": "290800000", "sellingGeneralAndAdministrative": "264300000", "researchAndDevelopment": "None", "operatingExpenses": "264300000", "investmentIncomeNet": "None", "netInterestIncome": "417700000", "interestIncome": "620800000", "interestExpense": "203100000", "nonInterestIncome": "1120200000", "otherNonOperatingIncome": "None", "depreciation": "26800000", "depreciationAndAmortization": "31000000", "incomeBeforeTax": "508600000", "incomeTaxExpense": "124000000", "interestAndDebtExpense": "203100000", "netIncomeFromContinuingOperations": "384600000", "comprehensiveIncomeNetOfTax": "453400000", "ebit": "711700000", "ebitda": "742700000", "netIncome": "384600000"}, {"fiscalDateEnding": "2019-06-30", "reportedCurrency": "USD", "grossProfit": "547300000", "totalRevenue": "1553500000", "costOfRevenue": "1006200000", "costofGoodsAndServicesSold": "145200000", "operatingIncome": "291300000", "sellingGeneralAndAdministrative": "256000000", "researchAndDevelopment": "None", "operatingExpenses": "256000000", "investmentIncomeNet": "None", "netInterestIncome": "417400000", "interestIncome": "640200000", "interestExpense": "222800000", "nonInterestIncome": "1089200000", "otherNonOperatingIncome": "None", "depreciation": "24800000", "depreciationAndAmortization": "28900000", "incomeBeforeTax": "506900000", "incomeTaxExpense": "117500000", "interestAndDebtExpense": "222800000", "netIncomeFromContinuingOperations": "389400000", "comprehensiveIncomeNetOfTax": "574900000", "ebit": "729700000", "ebitda": "758600000", "netIncome": "389400000"}, {"fiscalDateEnding": "2019-03-31", "reportedCurrency": "USD", "grossProfit": "481200000", "totalRevenue": "1509900000", "costOfRevenue": "1028700000", "costofGoodsAndServicesSold": "165000000", "operatingIncome": "156800000", "sellingGeneralAndAdministrative": "295300000", "researchAndDevelopment": "None", "operatingExpenses": "324400000", "investmentIncomeNet": "None", "netInterestIncome": "422000000", "interestIncome": "662800000", "interestExpense": "240800000", "nonInterestIncome": "1058900000", "otherNonOperatingIncome": "None", "depreciation": "24900000", "depreciationAndAmortization": "29100000", "incomeBeforeTax": "452200000", "incomeTaxExpense": "105100000", "interestAndDebtExpense": "240800000", "netIncomeFromContinuingOperations": "347100000", "comprehensiveIncomeNetOfTax": "455500000", "ebit": "693000000", "ebitda": "722100000", "netIncome": "347100000"}, {"fiscalDateEnding": "2018-12-31", "reportedCurrency": "USD", "grossProfit": "384300000", "totalRevenue": "1406200000", "costOfRevenue": "1021900000", "costofGoodsAndServicesSold": "227400000", "operatingIncome": "-137700000", "sellingGeneralAndAdministrative": "477900000", "researchAndDevelopment": "None", "operatingExpenses": "522000000", "investmentIncomeNet": "None", "netInterestIncome": "417200000", "interestIncome": "417200000", "interestExpense": "0", "nonInterestIncome": "1086600000", "otherNonOperatingIncome": "-1000000", "depreciation": "26700000", "depreciationAndAmortization": "44100000", "incomeBeforeTax": "485900000", "incomeTaxExpense": "76000000", "interestAndDebtExpense": "231400000", "netIncomeFromContinuingOperations": "409900000", "comprehensiveIncomeNetOfTax": "483100000", "ebit": "485900000", "ebitda": "530000000", "netIncome": "409900000"}, {"fiscalDateEnding": "2018-09-30", "reportedCurrency": "USD", "grossProfit": "501900000", "totalRevenue": "1504200000", "costOfRevenue": "1002300000", "costofGoodsAndServicesSold": "182000000", "operatingIncome": "244500000", "sellingGeneralAndAdministrative": "257400000", "researchAndDevelopment": "None", "operatingExpenses": "257400000", "investmentIncomeNet": "None", "netInterestIncome": "408200000", "interestIncome": "599200000", "interestExpense": "191000000", "nonInterestIncome": "1066100000", "otherNonOperatingIncome": "None", "depreciation": "26700000", "depreciationAndAmortization": "26700000", "incomeBeforeTax": "481000000", "incomeTaxExpense": "106500000", "interestAndDebtExpense": "191000000", "netIncomeFromContinuingOperations": "374500000", "comprehensiveIncomeNetOfTax": "355700000", "ebit": "672000000", "ebitda": "698700000", "netIncome": "374500000"}, {"fiscalDateEnding": "2018-06-30", "reportedCurrency": "USD", "grossProfit": "538600000", "totalRevenue": "1536000000", "costOfRevenue": "997400000", "costofGoodsAndServicesSold": "155900000", "operatingIncome": "271000000", "sellingGeneralAndAdministrative": "267600000", "researchAndDevelopment": "None", "operatingExpenses": "267600000", "investmentIncomeNet": "None", "netInterestIncome": "413300000", "interestIncome": "567700000", "interestExpense": "154400000", "nonInterestIncome": "1092800000", "otherNonOperatingIncome": "None", "depreciation": "27400000", "depreciationAndAmortization": "27400000", "incomeBeforeTax": "507200000", "incomeTaxExpense": "116800000", "interestAndDebtExpense": "154400000", "netIncomeFromContinuingOperations": "390400000", "comprehensiveIncomeNetOfTax": "388000000", "ebit": "661600000", "ebitda": "689000000", "netIncome": "390400000"}, {"fiscalDateEnding": "2018-03-31", "reportedCurrency": "USD", "grossProfit": "518500000", "totalRevenue": "1513800000", "costOfRevenue": "995300000", "costofGoodsAndServicesSold": "118900000", "operatingIncome": "211300000", "sellingGeneralAndAdministrative": "279400000", "researchAndDevelopment": "None", "operatingExpenses": "307200000", "investmentIncomeNet": "None", "netInterestIncome": "384000000", "interestIncome": "505900000", "interestExpense": "121900000", "nonInterestIncome": "1092000000", "otherNonOperatingIncome": "None", "depreciation": "27800000", "depreciationAndAmortization": "27800000", "incomeBeforeTax": "483700000", "incomeTaxExpense": "102100000", "interestAndDebtExpense": "121900000", "netIncomeFromContinuingOperations": "381600000", "comprehensiveIncomeNetOfTax": "315500000", "ebit": "605600000", "ebitda": "633400000", "netIncome": "381600000"}, {"fiscalDateEnding": "2017-12-31", "reportedCurrency": "USD", "grossProfit": "407600000", "totalRevenue": "1409500000", "costOfRevenue": "1001900000", "costofGoodsAndServicesSold": "95100000", "operatingIncome": "-96300000", "sellingGeneralAndAdministrative": "465100000", "researchAndDevelopment": "None", "operatingExpenses": "503900000", "investmentIncomeNet": "None", "netInterestIncome": "380000000", "interestIncome": "488100000", "interestExpense": "108100000", "nonInterestIncome": "1044500000", "otherNonOperatingIncome": "None", "depreciation": "27400000", "depreciationAndAmortization": "38800000", "incomeBeforeTax": "435600000", "incomeTaxExpense": "79000000", "interestAndDebtExpense": "108100000", "netIncomeFromContinuingOperations": "356600000", "comprehensiveIncomeNetOfTax": "277400000", "ebit": "543700000", "ebitda": "582500000", "netIncome": "356600000"}, {"fiscalDateEnding": "2017-09-30", "reportedCurrency": "USD", "grossProfit": "416600000", "totalRevenue": "1352200000", "costOfRevenue": "935600000", "costofGoodsAndServicesSold": "92600000", "operatingIncome": "175000000", "sellingGeneralAndAdministrative": "241600000", "researchAndDevelopment": "None", "operatingExpenses": "241600000", "investmentIncomeNet": "None", "netInterestIncome": "354200000", "interestIncome": "453800000", "interestExpense": "99600000", "nonInterestIncome": "991000000", "otherNonOperatingIncome": "None", "depreciation": "26800000", "depreciationAndAmortization": "26800000", "incomeBeforeTax": "416600000", "incomeTaxExpense": "118200000", "interestAndDebtExpense": "99600000", "netIncomeFromContinuingOperations": "298400000", "comprehensiveIncomeNetOfTax": "302200000", "ebit": "516200000", "ebitda": "543000000", "netIncome": "298400000"}, {"fiscalDateEnding": "2017-06-30", "reportedCurrency": "USD", "grossProfit": "390800000", "totalRevenue": "1328200000", "costOfRevenue": "937400000", "costofGoodsAndServicesSold": "68700000", "operatingIncome": "148900000", "sellingGeneralAndAdministrative": "241900000", "researchAndDevelopment": "None", "operatingExpenses": "241900000", "investmentIncomeNet": "None", "netInterestIncome": "341500000", "interestIncome": "417200000", "interestExpense": "75700000", "nonInterestIncome": "979700000", "otherNonOperatingIncome": "None", "depreciation": "23700000", "depreciationAndAmortization": "23700000", "incomeBeforeTax": "390800000", "incomeTaxExpense": "122900000", "interestAndDebtExpense": "75700000", "netIncomeFromContinuingOperations": "267900000", "comprehensiveIncomeNetOfTax": "281000000", "ebit": "466500000", "ebitda": "490200000", "netIncome": "267900000"}, {"fiscalDateEnding": "2017-03-31", "reportedCurrency": "USD", "grossProfit": "390900000", "totalRevenue": "1285400000", "costOfRevenue": "894500000", "costofGoodsAndServicesSold": "55800000", "operatingIncome": "113100000", "sellingGeneralAndAdministrative": "254500000", "researchAndDevelopment": "None", "operatingExpenses": "277800000", "investmentIncomeNet": "None", "netInterestIncome": "353500000", "interestIncome": "410300000", "interestExpense": "56800000", "nonInterestIncome": "930900000", "otherNonOperatingIncome": "None", "depreciation": "23300000", "depreciationAndAmortization": "23300000", "incomeBeforeTax": "390900000", "incomeTaxExpense": "114800000", "interestAndDebtExpense": "56800000", "netIncomeFromContinuingOperations": "276100000", "comprehensiveIncomeNetOfTax": "294100000", "ebit": "447700000", "ebitda": "471000000", "netIncome": "276100000"}, {"fiscalDateEnding": "2016-12-31", "reportedCurrency": "USD", "grossProfit": "363500000", "totalRevenue": "1237400000", "costOfRevenue": "873900000", "costofGoodsAndServicesSold": "24700000", "operatingIncome": "-148600000", "sellingGeneralAndAdministrative": "480900000", "researchAndDevelopment": "None", "operatingExpenses": "512100000", "investmentIncomeNet": "None", "netInterestIncome": "324300000", "interestIncome": "371000000", "interestExpense": "46700000", "nonInterestIncome": "917100000", "otherNonOperatingIncome": "None", "depreciation": "22400000", "depreciationAndAmortization": "31200000", "incomeBeforeTax": "389500000", "incomeTaxExpense": "123000000", "interestAndDebtExpense": "46700000", "netIncomeFromContinuingOperations": "266500000", "comprehensiveIncomeNetOfTax": "156200000", "ebit": "436200000", "ebitda": "467400000", "netIncome": "266500000"}]}