{"symbol": "NUE", "annualReports": [{"fiscalDateEnding": "2020-12-31", "reportedCurrency": "USD", "grossProfit": "2227950000", "totalRevenue": "19973045000", "costOfRevenue": "18610149000", "costofGoodsAndServicesSold": "17911708000", "operatingIncome": "664455000", "sellingGeneralAndAdministrative": "615041000", "researchAndDevelopment": "None", "operatingExpenses": "698441000", "investmentIncomeNet": "13415000", "netInterestIncome": "-166613000", "interestIncome": "-163731000", "interestExpense": "166613000", "nonInterestIncome": "20139658000", "otherNonOperatingIncome": "-10533000", "depreciation": "702110000", "depreciationAndAmortization": "83400000", "incomeBeforeTax": "720980000", "incomeTaxExpense": "-490000", "interestAndDebtExpense": "166613000", "netIncomeFromContinuingOperations": "836028000", "comprehensiveIncomeNetOfTax": "905575000", "ebit": "887593000", "ebitda": "970993000", "netIncome": "721470000"}, {"fiscalDateEnding": "2019-12-31", "reportedCurrency": "USD", "grossProfit": "2679085000", "totalRevenue": "22431500000", "costOfRevenue": "20773637000", "costofGoodsAndServicesSold": "19909773000", "operatingIncome": "793999000", "sellingGeneralAndAdministrative": "711248000", "researchAndDevelopment": "None", "operatingExpenses": "863864000", "investmentIncomeNet": "35933000", "netInterestIncome": "-157358000", "interestIncome": "35933000", "interestExpense": "157358000", "nonInterestIncome": "22588858000", "otherNonOperatingIncome": "3311000", "depreciation": "648911000", "depreciationAndAmortization": "85700000", "incomeBeforeTax": "1683040000", "incomeTaxExpense": "411897000", "interestAndDebtExpense": "157358000", "netIncomeFromContinuingOperations": "1370910000", "comprehensiveIncomeNetOfTax": "1270425000", "ebit": "1840398000", "ebitda": "1926098000", "netIncome": "1271143000"}, {"fiscalDateEnding": "2018-12-31", "reportedCurrency": "USD", "grossProfit": "4295408000", "totalRevenue": "25067279000", "costOfRevenue": "20771871000", "costofGoodsAndServicesSold": "20771871000", "operatingIncome": "2176364000", "sellingGeneralAndAdministrative": "860722000", "researchAndDevelopment": "None", "operatingExpenses": "1059522000", "investmentIncomeNet": "25721000", "netInterestIncome": "-161256000", "interestIncome": "25721000", "interestExpense": "161256000", "nonInterestIncome": "25067279000", "otherNonOperatingIncome": "40240000", "depreciation": "630879000", "depreciationAndAmortization": "88800000", "incomeBeforeTax": "3109074000", "incomeTaxExpense": "748307000", "interestAndDebtExpense": "161256000", "netIncomeFromContinuingOperations": "2481084000", "comprehensiveIncomeNetOfTax": "2311315000", "ebit": "3270330000", "ebitda": "3359130000", "netIncome": "2360767000"}, {"fiscalDateEnding": "2017-12-31", "reportedCurrency": "USD", "grossProfit": "2569407000", "totalRevenue": "20065111000", "costOfRevenue": "18461717000", "costofGoodsAndServicesSold": "17682986000", "operatingIncome": "824663000", "sellingGeneralAndAdministrative": "687531000", "researchAndDevelopment": "None", "operatingExpenses": "778731000", "investmentIncomeNet": "13702000", "netInterestIncome": "-187282000", "interestIncome": "13702000", "interestExpense": "187282000", "nonInterestIncome": "20252393000", "otherNonOperatingIncome": "41661000", "depreciation": "635833000", "depreciationAndAmortization": "91200000", "incomeBeforeTax": "1688074000", "incomeTaxExpense": "369386000", "interestAndDebtExpense": "187282000", "netIncomeFromContinuingOperations": "1380571000", "comprehensiveIncomeNetOfTax": "1381850000", "ebit": "1875356000", "ebitda": "1966556000", "netIncome": "1318688000"}, {"fiscalDateEnding": "2016-12-31", "reportedCurrency": "USD", "grossProfit": "2025907000", "totalRevenue": "16026943000", "costOfRevenue": "14852876000", "costofGoodsAndServicesSold": "14182215000", "operatingIncome": "503406000", "sellingGeneralAndAdministrative": "596761000", "researchAndDevelopment": "None", "operatingExpenses": "670661000", "investmentIncomeNet": "11935000", "netInterestIncome": "-181179000", "interestIncome": "11935000", "interestExpense": "181179000", "nonInterestIncome": "16208122000", "otherNonOperatingIncome": "38757000", "depreciation": "613192000", "depreciationAndAmortization": "73900000", "incomeBeforeTax": "1194514000", "incomeTaxExpense": "398243000", "interestAndDebtExpense": "181179000", "netIncomeFromContinuingOperations": "900416000", "comprehensiveIncomeNetOfTax": "829790000", "ebit": "1375693000", "ebitda": "1449593000", "netIncome": "796271000"}], "quarterlyReports": [{"fiscalDateEnding": "2021-09-30", "reportedCurrency": "USD", "grossProfit": "2845128000", "totalRevenue": "10313223000", "costOfRevenue": "7468095000", "costofGoodsAndServicesSold": "6906950000", "operatingIncome": "2283983000", "sellingGeneralAndAdministrative": "526345000", "researchAndDevelopment": "None", "operatingExpenses": "561145000", "investmentIncomeNet": "623000", "netInterestIncome": "-43908000", "interestIncome": "-10821000", "interestExpense": "43908000", "nonInterestIncome": "10313223000", "otherNonOperatingIncome": "32464000", "depreciation": "184127000", "depreciationAndAmortization": "34800000", "incomeBeforeTax": "2773585000", "incomeTaxExpense": "645842000", "interestAndDebtExpense": "43908000", "netIncomeFromContinuingOperations": "2223265000", "comprehensiveIncomeNetOfTax": "2115571000", "ebit": "2817493000", "ebitda": "2852293000", "netIncome": "2127743000"}, {"fiscalDateEnding": "2021-06-30", "reportedCurrency": "USD", "grossProfit": "2065633000", "totalRevenue": "8789164000", "costOfRevenue": "6723531000", "costofGoodsAndServicesSold": "6315661000", "operatingIncome": "1657763000", "sellingGeneralAndAdministrative": "387070000", "researchAndDevelopment": "None", "operatingExpenses": "407870000", "investmentIncomeNet": "1881000", "netInterestIncome": "-37661000", "interestIncome": "1881000", "interestExpense": "37661000", "nonInterestIncome": "8789164000", "otherNonOperatingIncome": "19403000", "depreciation": "182672000", "depreciationAndAmortization": "20800000", "incomeBeforeTax": "1961157000", "incomeTaxExpense": "454289000", "interestAndDebtExpense": "37661000", "netIncomeFromContinuingOperations": "1571459000", "comprehensiveIncomeNetOfTax": "1536699000", "ebit": "1998818000", "ebitda": "2019618000", "netIncome": "1506868000"}, {"fiscalDateEnding": "2021-03-31", "reportedCurrency": "USD", "grossProfit": "1060213000", "totalRevenue": "7017140000", "costOfRevenue": "5956927000", "costofGoodsAndServicesSold": "5394703000", "operatingIncome": "497989000", "sellingGeneralAndAdministrative": "291124000", "researchAndDevelopment": "None", "operatingExpenses": "562224000", "investmentIncomeNet": "1326000", "netInterestIncome": "-40970000", "interestIncome": "1326000", "interestExpense": "40970000", "nonInterestIncome": "7017140000", "otherNonOperatingIncome": "13239000", "depreciation": "179820000", "depreciationAndAmortization": "21100000", "incomeBeforeTax": "1253164000", "incomeTaxExpense": "310732000", "interestAndDebtExpense": "40970000", "netIncomeFromContinuingOperations": "987514000", "comprehensiveIncomeNetOfTax": "957733000", "ebit": "1294134000", "ebitda": "1315234000", "netIncome": "942432000"}, {"fiscalDateEnding": "2020-12-31", "reportedCurrency": "USD", "grossProfit": "718528000", "totalRevenue": "5260055000", "costOfRevenue": "4541527000", "costofGoodsAndServicesSold": "4541527000", "operatingIncome": "718528000", "sellingGeneralAndAdministrative": "154119000", "researchAndDevelopment": "None", "operatingExpenses": "174619000", "investmentIncomeNet": "1545000", "netInterestIncome": "-37887000", "interestIncome": "-32453000", "interestExpense": "37887000", "nonInterestIncome": "5260055000", "otherNonOperatingIncome": "-10189000", "depreciation": "176422000", "depreciationAndAmortization": "20500000", "incomeBeforeTax": "190743000", "incomeTaxExpense": "-208100000", "interestAndDebtExpense": "37887000", "netIncomeFromContinuingOperations": "718528000", "comprehensiveIncomeNetOfTax": "595451000", "ebit": "228630000", "ebitda": "249130000", "netIncome": "398843000"}, {"fiscalDateEnding": "2020-09-30", "reportedCurrency": "USD", "grossProfit": "502195000", "totalRevenue": "4927960000", "costOfRevenue": "4425765000", "costofGoodsAndServicesSold": "4425765000", "operatingIncome": "502195000", "sellingGeneralAndAdministrative": "165513000", "researchAndDevelopment": "None", "operatingExpenses": "186213000", "investmentIncomeNet": "2142000", "netInterestIncome": "-42281000", "interestIncome": "-39660000", "interestExpense": "42281000", "nonInterestIncome": "4927960000", "otherNonOperatingIncome": "479000", "depreciation": "175997000", "depreciationAndAmortization": "20700000", "incomeBeforeTax": "261203000", "incomeTaxExpense": "67788000", "interestAndDebtExpense": "42281000", "netIncomeFromContinuingOperations": "502195000", "comprehensiveIncomeNetOfTax": "218782000", "ebit": "303484000", "ebitda": "324184000", "netIncome": "193415000"}, {"fiscalDateEnding": "2020-06-30", "reportedCurrency": "USD", "grossProfit": "377959000", "totalRevenue": "4327306000", "costOfRevenue": "3949347000", "costofGoodsAndServicesSold": "3949347000", "operatingIncome": "377959000", "sellingGeneralAndAdministrative": "142017000", "researchAndDevelopment": "None", "operatingExpenses": "162717000", "investmentIncomeNet": "3042000", "netInterestIncome": "-38849000", "interestIncome": "-91618000", "interestExpense": "38849000", "nonInterestIncome": "4327306000", "otherNonOperatingIncome": "None", "depreciation": "173924000", "depreciationAndAmortization": "20700000", "incomeBeforeTax": "156785000", "incomeTaxExpense": "47904000", "interestAndDebtExpense": "38849000", "netIncomeFromContinuingOperations": "377959000", "comprehensiveIncomeNetOfTax": "135672000", "ebit": "195634000", "ebitda": "216334000", "netIncome": "108881000"}, {"fiscalDateEnding": "2020-03-31", "reportedCurrency": "USD", "grossProfit": "629268000", "totalRevenue": "5624337000", "costOfRevenue": "4995069000", "costofGoodsAndServicesSold": "4995069000", "operatingIncome": "629268000", "sellingGeneralAndAdministrative": "153392000", "researchAndDevelopment": "None", "operatingExpenses": "174892000", "investmentIncomeNet": "6686000", "netInterestIncome": "-47596000", "interestIncome": "6686000", "interestExpense": "47596000", "nonInterestIncome": "5624337000", "otherNonOperatingIncome": "-823000", "depreciation": "175767000", "depreciationAndAmortization": "21500000", "incomeBeforeTax": "112249000", "incomeTaxExpense": "91918000", "interestAndDebtExpense": "47596000", "netIncomeFromContinuingOperations": "629268000", "comprehensiveIncomeNetOfTax": "-44330000", "ebit": "159845000", "ebitda": "181345000", "netIncome": "20331000"}, {"fiscalDateEnding": "2019-12-31", "reportedCurrency": "USD", "grossProfit": "435188000", "totalRevenue": "5131746000", "costOfRevenue": "4946702000", "costofGoodsAndServicesSold": "4696558000", "operatingIncome": "435188000", "sellingGeneralAndAdministrative": "162228000", "researchAndDevelopment": "None", "operatingExpenses": "250144000", "investmentIncomeNet": "8956000", "netInterestIncome": "-37622000", "interestIncome": "8956000", "interestExpense": "37622000", "nonInterestIncome": "5131746000", "otherNonOperatingIncome": "852000", "depreciation": "170954000", "depreciationAndAmortization": "21000000", "incomeBeforeTax": "151800000", "incomeTaxExpense": "43977000", "interestAndDebtExpense": "37622000", "netIncomeFromContinuingOperations": "435188000", "comprehensiveIncomeNetOfTax": "118624000", "ebit": "189422000", "ebitda": "210422000", "netIncome": "107823000"}, {"fiscalDateEnding": "2019-09-30", "reportedCurrency": "USD", "grossProfit": "572511000", "totalRevenue": "5464502000", "costOfRevenue": "4891991000", "costofGoodsAndServicesSold": "4891991000", "operatingIncome": "209909000", "sellingGeneralAndAdministrative": "159301000", "researchAndDevelopment": "None", "operatingExpenses": "181301000", "investmentIncomeNet": "9435000", "netInterestIncome": "-40721000", "interestIncome": "9435000", "interestExpense": "40721000", "nonInterestIncome": "5464502000", "otherNonOperatingIncome": "-1585000", "depreciation": "155978000", "depreciationAndAmortization": "22000000", "incomeBeforeTax": "361783000", "incomeTaxExpense": "86752000", "interestAndDebtExpense": "40721000", "netIncomeFromContinuingOperations": "293587000", "comprehensiveIncomeNetOfTax": "259025000", "ebit": "402504000", "ebitda": "424504000", "netIncome": "275031000"}, {"fiscalDateEnding": "2019-06-30", "reportedCurrency": "USD", "grossProfit": "775494000", "totalRevenue": "5895986000", "costOfRevenue": "5120492000", "costofGoodsAndServicesSold": "5120492000", "operatingIncome": "315134000", "sellingGeneralAndAdministrative": "208980000", "researchAndDevelopment": "None", "operatingExpenses": "230180000", "investmentIncomeNet": "8923000", "netInterestIncome": "-41953000", "interestIncome": "8923000", "interestExpense": "41953000", "nonInterestIncome": "5895986000", "otherNonOperatingIncome": "1138000", "depreciation": "163808000", "depreciationAndAmortization": "21200000", "incomeBeforeTax": "508828000", "incomeTaxExpense": "122345000", "interestAndDebtExpense": "41953000", "netIncomeFromContinuingOperations": "412277000", "comprehensiveIncomeNetOfTax": "397510000", "ebit": "550781000", "ebitda": "571981000", "netIncome": "386483000"}, {"fiscalDateEnding": "2019-03-31", "reportedCurrency": "USD", "grossProfit": "895892000", "totalRevenue": "6096624000", "costOfRevenue": "5200732000", "costofGoodsAndServicesSold": "5200732000", "operatingIncome": "491414000", "sellingGeneralAndAdministrative": "180739000", "researchAndDevelopment": "None", "operatingExpenses": "202239000", "investmentIncomeNet": "8619000", "netInterestIncome": "-37062000", "interestIncome": "8619000", "interestExpense": "37062000", "nonInterestIncome": "6096624000", "otherNonOperatingIncome": "2906000", "depreciation": "158171000", "depreciationAndAmortization": "21500000", "incomeBeforeTax": "660629000", "incomeTaxExpense": "158823000", "interestAndDebtExpense": "37062000", "netIncomeFromContinuingOperations": "530793000", "comprehensiveIncomeNetOfTax": "495266000", "ebit": "697691000", "ebitda": "719191000", "netIncome": "501806000"}, {"fiscalDateEnding": "2018-12-31", "reportedCurrency": "USD", "grossProfit": "1112262000", "totalRevenue": "6295884000", "costOfRevenue": "5183622000", "costofGoodsAndServicesSold": "5183622000", "operatingIncome": "1112262000", "sellingGeneralAndAdministrative": "209300000", "researchAndDevelopment": "None", "operatingExpenses": "231400000", "investmentIncomeNet": "9179000", "netInterestIncome": "-40948000", "interestIncome": "None", "interestExpense": "40948000", "nonInterestIncome": "6295884000", "otherNonOperatingIncome": "6083000", "depreciation": "156549000", "depreciationAndAmortization": "22100000", "incomeBeforeTax": "842985000", "incomeTaxExpense": "196206000", "interestAndDebtExpense": "40948000", "netIncomeFromContinuingOperations": "1112262000", "comprehensiveIncomeNetOfTax": "617253000", "ebit": "883933000", "ebitda": "906033000", "netIncome": "646779000"}, {"fiscalDateEnding": "2018-09-30", "reportedCurrency": "USD", "grossProfit": "1290150000", "totalRevenue": "6742202000", "costOfRevenue": "5452052000", "costofGoodsAndServicesSold": "5452052000", "operatingIncome": "557788000", "sellingGeneralAndAdministrative": "234081000", "researchAndDevelopment": "None", "operatingExpenses": "366181000", "investmentIncomeNet": "7588000", "netInterestIncome": "-44789000", "interestIncome": "None", "interestExpense": "44789000", "nonInterestIncome": "6742202000", "otherNonOperatingIncome": "13634000", "depreciation": "157928000", "depreciationAndAmortization": "22100000", "incomeBeforeTax": "892871000", "incomeTaxExpense": "216215000", "interestAndDebtExpense": "44789000", "netIncomeFromContinuingOperations": "706287000", "comprehensiveIncomeNetOfTax": "698081000", "ebit": "937660000", "ebitda": "959760000", "netIncome": "676656000"}, {"fiscalDateEnding": "2018-06-30", "reportedCurrency": "USD", "grossProfit": "1166590000", "totalRevenue": "6460774000", "costOfRevenue": "5294184000", "costofGoodsAndServicesSold": "5294184000", "operatingIncome": "653628000", "sellingGeneralAndAdministrative": "234381000", "researchAndDevelopment": "None", "operatingExpenses": "256481000", "investmentIncomeNet": "5890000", "netInterestIncome": "-35341000", "interestIncome": "None", "interestExpense": "35341000", "nonInterestIncome": "6460774000", "otherNonOperatingIncome": "10943000", "depreciation": "157737000", "depreciationAndAmortization": "22100000", "incomeBeforeTax": "883239000", "incomeTaxExpense": "200086000", "interestAndDebtExpense": "35341000", "netIncomeFromContinuingOperations": "713615000", "comprehensiveIncomeNetOfTax": "636487000", "ebit": "918580000", "ebitda": "940680000", "netIncome": "683153000"}, {"fiscalDateEnding": "2018-03-31", "reportedCurrency": "USD", "grossProfit": "726406000", "totalRevenue": "5568419000", "costOfRevenue": "4842013000", "costofGoodsAndServicesSold": "4842013000", "operatingIncome": "315486000", "sellingGeneralAndAdministrative": "182960000", "researchAndDevelopment": "None", "operatingExpenses": "205460000", "investmentIncomeNet": "3064000", "netInterestIncome": "-40178000", "interestIncome": "None", "interestExpense": "40178000", "nonInterestIncome": "5568419000", "otherNonOperatingIncome": "9580000", "depreciation": "158665000", "depreciationAndAmortization": "22500000", "incomeBeforeTax": "489979000", "incomeTaxExpense": "135800000", "interestAndDebtExpense": "40178000", "netIncomeFromContinuingOperations": "380112000", "comprehensiveIncomeNetOfTax": "359494000", "ebit": "530157000", "ebitda": "552657000", "netIncome": "354179000"}, {"fiscalDateEnding": "2017-12-31", "reportedCurrency": "USD", "grossProfit": "520568000", "totalRevenue": "5092328000", "costOfRevenue": "4762662000", "costofGoodsAndServicesSold": "4571760000", "operatingIncome": "520568000", "sellingGeneralAndAdministrative": "168102000", "researchAndDevelopment": "None", "operatingExpenses": "190902000", "investmentIncomeNet": "3711000", "netInterestIncome": "-45796000", "interestIncome": "None", "interestExpense": "45796000", "nonInterestIncome": "5092328000", "otherNonOperatingIncome": "11860000", "depreciation": "161011000", "depreciationAndAmortization": "22800000", "incomeBeforeTax": "311038000", "incomeTaxExpense": "-72853000", "interestAndDebtExpense": "45796000", "netIncomeFromContinuingOperations": "520568000", "comprehensiveIncomeNetOfTax": "347066000", "ebit": "356834000", "ebitda": "379634000", "netIncome": "383891000"}, {"fiscalDateEnding": "2017-09-30", "reportedCurrency": "USD", "grossProfit": "578964000", "totalRevenue": "5122496000", "costOfRevenue": "4786945000", "costofGoodsAndServicesSold": "4591153000", "operatingIncome": "139759000", "sellingGeneralAndAdministrative": "172792000", "researchAndDevelopment": "None", "operatingExpenses": "195792000", "investmentIncomeNet": "4311000", "netInterestIncome": "-47621000", "interestIncome": "None", "interestExpense": "47621000", "nonInterestIncome": "5170117000", "otherNonOperatingIncome": "7743000", "depreciation": "156544000", "depreciationAndAmortization": "23000000", "incomeBeforeTax": "359350000", "incomeTaxExpense": "104500000", "interestAndDebtExpense": "47621000", "netIncomeFromContinuingOperations": "266105000", "comprehensiveIncomeNetOfTax": "329929000", "ebit": "406971000", "ebitda": "429971000", "netIncome": "254850000"}, {"fiscalDateEnding": "2017-06-30", "reportedCurrency": "USD", "grossProfit": "709625000", "totalRevenue": "5174769000", "costOfRevenue": "4658355000", "costofGoodsAndServicesSold": "4465144000", "operatingIncome": "709625000", "sellingGeneralAndAdministrative": "170211000", "researchAndDevelopment": "None", "operatingExpenses": "193211000", "investmentIncomeNet": "2985000", "netInterestIncome": "-47565000", "interestIncome": "None", "interestExpense": "47565000", "nonInterestIncome": "5174769000", "otherNonOperatingIncome": "13302000", "depreciation": "159753000", "depreciationAndAmortization": "23000000", "incomeBeforeTax": "489460000", "incomeTaxExpense": "166412000", "interestAndDebtExpense": "47565000", "netIncomeFromContinuingOperations": "709625000", "comprehensiveIncomeNetOfTax": "347105000", "ebit": "537025000", "ebitda": "560025000", "netIncome": "323048000"}, {"fiscalDateEnding": "2017-03-31", "reportedCurrency": "USD", "grossProfit": "760250000", "totalRevenue": "4815179000", "costOfRevenue": "4253755000", "costofGoodsAndServicesSold": "4054929000", "operatingIncome": "760250000", "sellingGeneralAndAdministrative": "176426000", "researchAndDevelopment": "None", "operatingExpenses": "198826000", "investmentIncomeNet": "2695000", "netInterestIncome": "-46300000", "interestIncome": "None", "interestExpense": "46300000", "nonInterestIncome": "4815179000", "otherNonOperatingIncome": "8756000", "depreciation": "158525000", "depreciationAndAmortization": "22400000", "incomeBeforeTax": "528226000", "incomeTaxExpense": "171327000", "interestAndDebtExpense": "46300000", "netIncomeFromContinuingOperations": "760250000", "comprehensiveIncomeNetOfTax": "357750000", "ebit": "574526000", "ebitda": "596926000", "netIncome": "356899000"}, {"fiscalDateEnding": "2016-12-31", "reportedCurrency": "USD", "grossProfit": "443426000", "totalRevenue": "3956538000", "costOfRevenue": "3688994000", "costofGoodsAndServicesSold": "3513112000", "operatingIncome": "443426000", "sellingGeneralAndAdministrative": "156082000", "researchAndDevelopment": "None", "operatingExpenses": "175882000", "investmentIncomeNet": "2980000", "netInterestIncome": "-43809000", "interestIncome": "None", "interestExpense": "43809000", "nonInterestIncome": "None", "otherNonOperatingIncome": "8525000", "depreciation": "154083000", "depreciationAndAmortization": "19800000", "incomeBeforeTax": "239494000", "incomeTaxExpense": "79855000", "interestAndDebtExpense": "43809000", "netIncomeFromContinuingOperations": "443426000", "comprehensiveIncomeNetOfTax": "130380000", "ebit": "283303000", "ebitda": "303103000", "netIncome": "159639000"}]}