{"symbol": "NVDA", "annualReports": [{"fiscalDateEnding": "2021-01-31", "reportedCurrency": "USD", "grossProfit": "10396000000", "totalRevenue": "16491000000", "costOfRevenue": "9317000000", "costofGoodsAndServicesSold": "6279000000", "operatingIncome": "4532000000", "sellingGeneralAndAdministrative": "1940000000", "researchAndDevelopment": "3924000000", "operatingExpenses": "5864000000", "investmentIncomeNet": "57000000", "netInterestIncome": "-184000000", "interestIncome": "57000000", "interestExpense": "184000000", "nonInterestIncome": "16675000000", "otherNonOperatingIncome": "4000000", "depreciation": "486000000", "depreciationAndAmortization": "1098000000", "incomeBeforeTax": "4409000000", "incomeTaxExpense": "77000000", "interestAndDebtExpense": "184000000", "netIncomeFromContinuingOperations": "4332000000", "comprehensiveIncomeNetOfTax": "4350000000", "ebit": "4593000000", "ebitda": "5691000000", "netIncome": "4332000000"}, {"fiscalDateEnding": "2020-01-26", "reportedCurrency": "USD", "grossProfit": "6768000000", "totalRevenue": "10866000000", "costOfRevenue": "5624000000", "costofGoodsAndServicesSold": "4150000000", "operatingIncome": "2846000000", "sellingGeneralAndAdministrative": "1093000000", "researchAndDevelopment": "2829000000", "operatingExpenses": "3922000000", "investmentIncomeNet": "178000000", "netInterestIncome": "-52000000", "interestIncome": "178000000", "interestExpense": "52000000", "nonInterestIncome": "10918000000", "otherNonOperatingIncome": "-2000000", "depreciation": "355000000", "depreciationAndAmortization": "381000000", "incomeBeforeTax": "2970000000", "incomeTaxExpense": "174000000", "interestAndDebtExpense": "52000000", "netIncomeFromContinuingOperations": "2796000000", "comprehensiveIncomeNetOfTax": "2809000000", "ebit": "3022000000", "ebitda": "3403000000", "netIncome": "2796000000"}, {"fiscalDateEnding": "2019-01-27", "reportedCurrency": "USD", "grossProfit": "7171000000", "totalRevenue": "11658000000", "costOfRevenue": "5798000000", "costofGoodsAndServicesSold": "4545000000", "operatingIncome": "3804000000", "sellingGeneralAndAdministrative": "991000000", "researchAndDevelopment": "2376000000", "operatingExpenses": "3367000000", "investmentIncomeNet": "136000000", "netInterestIncome": "-58000000", "interestIncome": "136000000", "interestExpense": "58000000", "nonInterestIncome": "11716000000", "otherNonOperatingIncome": "14000000", "depreciation": "233000000", "depreciationAndAmortization": "262000000", "incomeBeforeTax": "3896000000", "incomeTaxExpense": "-245000000", "interestAndDebtExpense": "58000000", "netIncomeFromContinuingOperations": "4141000000", "comprehensiveIncomeNetOfTax": "4147000000", "ebit": "3954000000", "ebitda": "4216000000", "netIncome": "4141000000"}, {"fiscalDateEnding": "2018-01-28", "reportedCurrency": "USD", "grossProfit": "5822000000", "totalRevenue": "9714000000", "costOfRevenue": "3892000000", "costofGoodsAndServicesSold": "3892000000", "operatingIncome": "3210000000", "sellingGeneralAndAdministrative": "815000000", "researchAndDevelopment": "1797000000", "operatingExpenses": "2612000000", "investmentIncomeNet": "69000000", "netInterestIncome": "-61000000", "interestIncome": "69000000", "interestExpense": "61000000", "nonInterestIncome": "-19000000", "otherNonOperatingIncome": "-22000000", "depreciation": "144000000", "depreciationAndAmortization": "199000000", "incomeBeforeTax": "3196000000", "incomeTaxExpense": "149000000", "interestAndDebtExpense": "80000000", "netIncomeFromContinuingOperations": "3047000000", "comprehensiveIncomeNetOfTax": "3045000000", "ebit": "3257000000", "ebitda": "3456000000", "netIncome": "3047000000"}, {"fiscalDateEnding": "2017-01-29", "reportedCurrency": "USD", "grossProfit": "4063000000", "totalRevenue": "6910000000", "costOfRevenue": "2847000000", "costofGoodsAndServicesSold": "2847000000", "operatingIncome": "1934000000", "sellingGeneralAndAdministrative": "663000000", "researchAndDevelopment": "1463000000", "operatingExpenses": "2129000000", "investmentIncomeNet": "54000000", "netInterestIncome": "-58000000", "interestIncome": "54000000", "interestExpense": "58000000", "nonInterestIncome": "-16000000", "otherNonOperatingIncome": "-25000000", "depreciation": "118000000", "depreciationAndAmortization": "187000000", "incomeBeforeTax": "1905000000", "incomeTaxExpense": "239000000", "interestAndDebtExpense": "79000000", "netIncomeFromContinuingOperations": "1666000000", "comprehensiveIncomeNetOfTax": "1654000000", "ebit": "1963000000", "ebitda": "2150000000", "netIncome": "1666000000"}], "quarterlyReports": [{"fiscalDateEnding": "2021-08-01", "reportedCurrency": "USD", "grossProfit": "4215000000", "totalRevenue": "6507000000", "costOfRevenue": "2292000000", "costofGoodsAndServicesSold": "2292000000", "operatingIncome": "2444000000", "sellingGeneralAndAdministrative": "526000000", "researchAndDevelopment": "1245000000", "operatingExpenses": "1771000000", "investmentIncomeNet": "6000000", "netInterestIncome": "-60000000", "interestIncome": "6000000", "interestExpense": "60000000", "nonInterestIncome": "None", "otherNonOperatingIncome": "4000000", "depreciation": "None", "depreciationAndAmortization": "286000000", "incomeBeforeTax": "2394000000", "incomeTaxExpense": "20000000", "interestAndDebtExpense": "60000000", "netIncomeFromContinuingOperations": "2374000000", "comprehensiveIncomeNetOfTax": "2368000000", "ebit": "2454000000", "ebitda": "2740000000", "netIncome": "2374000000"}, {"fiscalDateEnding": "2021-05-02", "reportedCurrency": "USD", "grossProfit": "3629000000", "totalRevenue": "5661000000", "costOfRevenue": "2032000000", "costofGoodsAndServicesSold": "2032000000", "operatingIncome": "1956000000", "sellingGeneralAndAdministrative": "520000000", "researchAndDevelopment": "1153000000", "operatingExpenses": "1673000000", "investmentIncomeNet": "6000000", "netInterestIncome": "-53000000", "interestIncome": "6000000", "interestExpense": "53000000", "nonInterestIncome": "None", "otherNonOperatingIncome": "135000000", "depreciation": "None", "depreciationAndAmortization": "281000000", "incomeBeforeTax": "2044000000", "incomeTaxExpense": "132000000", "interestAndDebtExpense": "53000000", "netIncomeFromContinuingOperations": "1912000000", "comprehensiveIncomeNetOfTax": "1907000000", "ebit": "2097000000", "ebitda": "2378000000", "netIncome": "1912000000"}, {"fiscalDateEnding": "2021-01-31", "reportedCurrency": "USD", "grossProfit": "3156000000", "totalRevenue": "4819000000", "costOfRevenue": "4885000000", "costofGoodsAndServicesSold": "1847000000", "operatingIncome": "1507000000", "sellingGeneralAndAdministrative": "503000000", "researchAndDevelopment": "1146000000", "operatingExpenses": "1649000000", "investmentIncomeNet": "7000000", "netInterestIncome": "-53000000", "interestIncome": "6000000", "interestExpense": "53000000", "nonInterestIncome": "None", "otherNonOperatingIncome": "9000000", "depreciation": "None", "depreciationAndAmortization": "288000000", "incomeBeforeTax": "1470000000", "incomeTaxExpense": "13000000", "interestAndDebtExpense": "53000000", "netIncomeFromContinuingOperations": "1457000000", "comprehensiveIncomeNetOfTax": "1464000000", "ebit": "1523000000", "ebitda": "1811000000", "netIncome": "1457000000"}, {"fiscalDateEnding": "2020-10-25", "reportedCurrency": "USD", "grossProfit": "2960000000", "totalRevenue": "4726000000", "costOfRevenue": "1766000000", "costofGoodsAndServicesSold": "1766000000", "operatingIncome": "1398000000", "sellingGeneralAndAdministrative": "515000000", "researchAndDevelopment": "1047000000", "operatingExpenses": "1562000000", "investmentIncomeNet": "7000000", "netInterestIncome": "-53000000", "interestIncome": "7000000", "interestExpense": "53000000", "nonInterestIncome": "None", "otherNonOperatingIncome": "-4000000", "depreciation": "None", "depreciationAndAmortization": "299000000", "incomeBeforeTax": "1348000000", "incomeTaxExpense": "12000000", "interestAndDebtExpense": "53000000", "netIncomeFromContinuingOperations": "1336000000", "comprehensiveIncomeNetOfTax": "1344000000", "ebit": "1401000000", "ebitda": "1700000000", "netIncome": "1336000000"}, {"fiscalDateEnding": "2020-07-26", "reportedCurrency": "USD", "grossProfit": "2275000000", "totalRevenue": "3866000000", "costOfRevenue": "1591000000", "costofGoodsAndServicesSold": "1591000000", "operatingIncome": "651000000", "sellingGeneralAndAdministrative": "627000000", "researchAndDevelopment": "997000000", "operatingExpenses": "1624000000", "investmentIncomeNet": "13000000", "netInterestIncome": "-54000000", "interestIncome": "13000000", "interestExpense": "54000000", "nonInterestIncome": "None", "otherNonOperatingIncome": "-1000000", "depreciation": "None", "depreciationAndAmortization": "404000000", "incomeBeforeTax": "609000000", "incomeTaxExpense": "-13000000", "interestAndDebtExpense": "54000000", "netIncomeFromContinuingOperations": "622000000", "comprehensiveIncomeNetOfTax": "636000000", "ebit": "663000000", "ebitda": "1067000000", "netIncome": "622000000"}, {"fiscalDateEnding": "2020-04-26", "reportedCurrency": "USD", "grossProfit": "2004000000", "totalRevenue": "3080000000", "costOfRevenue": "1076000000", "costofGoodsAndServicesSold": "1076000000", "operatingIncome": "976000000", "sellingGeneralAndAdministrative": "293000000", "researchAndDevelopment": "735000000", "operatingExpenses": "1028000000", "investmentIncomeNet": "31000000", "netInterestIncome": "-25000000", "interestIncome": "31000000", "interestExpense": "25000000", "nonInterestIncome": "None", "otherNonOperatingIncome": "-1000000", "depreciation": "None", "depreciationAndAmortization": "107000000", "incomeBeforeTax": "981000000", "incomeTaxExpense": "64000000", "interestAndDebtExpense": "25000000", "netIncomeFromContinuingOperations": "917000000", "comprehensiveIncomeNetOfTax": "906000000", "ebit": "1006000000", "ebitda": "1113000000", "netIncome": "917000000"}, {"fiscalDateEnding": "2020-01-26", "reportedCurrency": "USD", "grossProfit": "2015000000", "totalRevenue": "3105000000", "costOfRevenue": "1090000000", "costofGoodsAndServicesSold": "1090000000", "operatingIncome": "990000000", "sellingGeneralAndAdministrative": "287000000", "researchAndDevelopment": "738000000", "operatingExpenses": "1025000000", "investmentIncomeNet": "41000000", "netInterestIncome": "-13000000", "interestIncome": "41000000", "interestExpense": "13000000", "nonInterestIncome": "3105000000", "otherNonOperatingIncome": "-2000000", "depreciation": "None", "depreciationAndAmortization": "106000000", "incomeBeforeTax": "1015000000", "incomeTaxExpense": "65000000", "interestAndDebtExpense": "13000000", "netIncomeFromContinuingOperations": "2015000000", "comprehensiveIncomeNetOfTax": "955000000", "ebit": "1028000000", "ebitda": "1134000000", "netIncome": "950000000"}, {"fiscalDateEnding": "2019-10-27", "reportedCurrency": "USD", "grossProfit": "1916000000", "totalRevenue": "3014000000", "costOfRevenue": "1098000000", "costofGoodsAndServicesSold": "1098000000", "operatingIncome": "927000000", "sellingGeneralAndAdministrative": "277000000", "researchAndDevelopment": "712000000", "operatingExpenses": "989000000", "investmentIncomeNet": "45000000", "netInterestIncome": "-13000000", "interestIncome": "45000000", "interestExpense": "13000000", "nonInterestIncome": "3014000000", "otherNonOperatingIncome": "0", "depreciation": "None", "depreciationAndAmortization": "92000000", "incomeBeforeTax": "959000000", "incomeTaxExpense": "60000000", "interestAndDebtExpense": "13000000", "netIncomeFromContinuingOperations": "899000000", "comprehensiveIncomeNetOfTax": "897000000", "ebit": "972000000", "ebitda": "1064000000", "netIncome": "899000000"}, {"fiscalDateEnding": "2019-07-28", "reportedCurrency": "USD", "grossProfit": "1541000000", "totalRevenue": "2579000000", "costOfRevenue": "1038000000", "costofGoodsAndServicesSold": "1038000000", "operatingIncome": "571000000", "sellingGeneralAndAdministrative": "266000000", "researchAndDevelopment": "704000000", "operatingExpenses": "970000000", "investmentIncomeNet": "47000000", "netInterestIncome": "-13000000", "interestIncome": "47000000", "interestExpense": "13000000", "nonInterestIncome": "2579000000", "otherNonOperatingIncome": "1000000", "depreciation": "None", "depreciationAndAmortization": "92000000", "incomeBeforeTax": "606000000", "incomeTaxExpense": "54000000", "interestAndDebtExpense": "13000000", "netIncomeFromContinuingOperations": "552000000", "comprehensiveIncomeNetOfTax": "553000000", "ebit": "619000000", "ebitda": "711000000", "netIncome": "552000000"}, {"fiscalDateEnding": "2019-04-28", "reportedCurrency": "USD", "grossProfit": "1296000000", "totalRevenue": "2220000000", "costOfRevenue": "924000000", "costofGoodsAndServicesSold": "924000000", "operatingIncome": "358000000", "sellingGeneralAndAdministrative": "264000000", "researchAndDevelopment": "674000000", "operatingExpenses": "938000000", "investmentIncomeNet": "44000000", "netInterestIncome": "-13000000", "interestIncome": "44000000", "interestExpense": "13000000", "nonInterestIncome": "2220000000", "otherNonOperatingIncome": "0", "depreciation": "None", "depreciationAndAmortization": "91000000", "incomeBeforeTax": "389000000", "incomeTaxExpense": "-5000000", "interestAndDebtExpense": "13000000", "netIncomeFromContinuingOperations": "394000000", "comprehensiveIncomeNetOfTax": "404000000", "ebit": "402000000", "ebitda": "493000000", "netIncome": "394000000"}, {"fiscalDateEnding": "2019-01-27", "reportedCurrency": "USD", "grossProfit": "1207000000", "totalRevenue": "2205000000", "costOfRevenue": "998000000", "costofGoodsAndServicesSold": "998000000", "operatingIncome": "294000000", "sellingGeneralAndAdministrative": "266000000", "researchAndDevelopment": "647000000", "operatingExpenses": "913000000", "investmentIncomeNet": "42000000", "netInterestIncome": "-14000000", "interestIncome": "None", "interestExpense": "14000000", "nonInterestIncome": "2205000000", "otherNonOperatingIncome": "2000000", "depreciation": "None", "depreciationAndAmortization": "78000000", "incomeBeforeTax": "325000000", "incomeTaxExpense": "-242000000", "interestAndDebtExpense": "14000000", "netIncomeFromContinuingOperations": "1207000000", "comprehensiveIncomeNetOfTax": "578000000", "ebit": "339000000", "ebitda": "417000000", "netIncome": "567000000"}, {"fiscalDateEnding": "2018-10-28", "reportedCurrency": "USD", "grossProfit": "1921000000", "totalRevenue": "3181000000", "costOfRevenue": "1260000000", "costofGoodsAndServicesSold": "1260000000", "operatingIncome": "1058000000", "sellingGeneralAndAdministrative": "258000000", "researchAndDevelopment": "605000000", "operatingExpenses": "863000000", "investmentIncomeNet": "37000000", "netInterestIncome": "-15000000", "interestIncome": "None", "interestExpense": "15000000", "nonInterestIncome": "3181000000", "otherNonOperatingIncome": "1000000", "depreciation": "None", "depreciationAndAmortization": "68000000", "incomeBeforeTax": "1081000000", "incomeTaxExpense": "-149000000", "interestAndDebtExpense": "15000000", "netIncomeFromContinuingOperations": "1230000000", "comprehensiveIncomeNetOfTax": "1229000000", "ebit": "1096000000", "ebitda": "1164000000", "netIncome": "1230000000"}, {"fiscalDateEnding": "2018-07-29", "reportedCurrency": "USD", "grossProfit": "1975000000", "totalRevenue": "3123000000", "costOfRevenue": "1148000000", "costofGoodsAndServicesSold": "1148000000", "operatingIncome": "1157000000", "sellingGeneralAndAdministrative": "237000000", "researchAndDevelopment": "581000000", "operatingExpenses": "818000000", "investmentIncomeNet": "32000000", "netInterestIncome": "-14000000", "interestIncome": "None", "interestExpense": "14000000", "nonInterestIncome": "3123000000", "otherNonOperatingIncome": "5000000", "depreciation": "None", "depreciationAndAmortization": "58000000", "incomeBeforeTax": "1180000000", "incomeTaxExpense": "79000000", "interestAndDebtExpense": "14000000", "netIncomeFromContinuingOperations": "1101000000", "comprehensiveIncomeNetOfTax": "1101000000", "ebit": "1194000000", "ebitda": "1252000000", "netIncome": "1101000000"}, {"fiscalDateEnding": "2018-04-29", "reportedCurrency": "USD", "grossProfit": "2068000000", "totalRevenue": "3207000000", "costOfRevenue": "1139000000", "costofGoodsAndServicesSold": "1139000000", "operatingIncome": "1295000000", "sellingGeneralAndAdministrative": "231000000", "researchAndDevelopment": "542000000", "operatingExpenses": "773000000", "investmentIncomeNet": "25000000", "netInterestIncome": "-15000000", "interestIncome": "None", "interestExpense": "15000000", "nonInterestIncome": "0", "otherNonOperatingIncome": "6000000", "depreciation": "None", "depreciationAndAmortization": "57000000", "incomeBeforeTax": "1311000000", "incomeTaxExpense": "67000000", "interestAndDebtExpense": "15000000", "netIncomeFromContinuingOperations": "1244000000", "comprehensiveIncomeNetOfTax": "1239000000", "ebit": "1326000000", "ebitda": "1383000000", "netIncome": "1244000000"}, {"fiscalDateEnding": "2018-01-28", "reportedCurrency": "USD", "grossProfit": "1801000000", "totalRevenue": "2911000000", "costOfRevenue": "1110000000", "costofGoodsAndServicesSold": "1110000000", "operatingIncome": "1073000000", "sellingGeneralAndAdministrative": "221000000", "researchAndDevelopment": "507000000", "operatingExpenses": "728000000", "investmentIncomeNet": "21000000", "netInterestIncome": "-15000000", "interestIncome": "None", "interestExpense": "15000000", "nonInterestIncome": "2911000000", "otherNonOperatingIncome": "0", "depreciation": "None", "depreciationAndAmortization": "54000000", "incomeBeforeTax": "1078000000", "incomeTaxExpense": "-40000000", "interestAndDebtExpense": "15000000", "netIncomeFromContinuingOperations": "1801000000", "comprehensiveIncomeNetOfTax": "1114000000", "ebit": "1093000000", "ebitda": "1147000000", "netIncome": "1118000000"}, {"fiscalDateEnding": "2017-10-29", "reportedCurrency": "USD", "grossProfit": "1569000000", "totalRevenue": "2636000000", "costOfRevenue": "1067000000", "costofGoodsAndServicesSold": "1067000000", "operatingIncome": "895000000", "sellingGeneralAndAdministrative": "212000000", "researchAndDevelopment": "462000000", "operatingExpenses": "674000000", "investmentIncomeNet": "17000000", "netInterestIncome": "-15000000", "interestIncome": "None", "interestExpense": "15000000", "nonInterestIncome": "-1000000", "otherNonOperatingIncome": "-1000000", "depreciation": "None", "depreciationAndAmortization": "50000000", "incomeBeforeTax": "896000000", "incomeTaxExpense": "58000000", "interestAndDebtExpense": "16000000", "netIncomeFromContinuingOperations": "838000000", "comprehensiveIncomeNetOfTax": "836000000", "ebit": "911000000", "ebitda": "961000000", "netIncome": "838000000"}, {"fiscalDateEnding": "2017-07-30", "reportedCurrency": "USD", "grossProfit": "1302000000", "totalRevenue": "2230000000", "costOfRevenue": "928000000", "costofGoodsAndServicesSold": "928000000", "operatingIncome": "688000000", "sellingGeneralAndAdministrative": "198000000", "researchAndDevelopment": "416000000", "operatingExpenses": "614000000", "investmentIncomeNet": "15000000", "netInterestIncome": "-15000000", "interestIncome": "None", "interestExpense": "15000000", "nonInterestIncome": "-3000000", "otherNonOperatingIncome": "-4000000", "depreciation": "None", "depreciationAndAmortization": "49000000", "incomeBeforeTax": "684000000", "incomeTaxExpense": "101000000", "interestAndDebtExpense": "18000000", "netIncomeFromContinuingOperations": "583000000", "comprehensiveIncomeNetOfTax": "586000000", "ebit": "699000000", "ebitda": "748000000", "netIncome": "583000000"}, {"fiscalDateEnding": "2017-04-30", "reportedCurrency": "USD", "grossProfit": "1150000000", "totalRevenue": "1937000000", "costOfRevenue": "787000000", "costofGoodsAndServicesSold": "787000000", "operatingIncome": "554000000", "sellingGeneralAndAdministrative": "185000000", "researchAndDevelopment": "411000000", "operatingExpenses": "596000000", "investmentIncomeNet": "16000000", "netInterestIncome": "-16000000", "interestIncome": "None", "interestExpense": "16000000", "nonInterestIncome": "-14000000", "otherNonOperatingIncome": "-18000000", "depreciation": "None", "depreciationAndAmortization": "47000000", "incomeBeforeTax": "536000000", "incomeTaxExpense": "29000000", "interestAndDebtExpense": "30000000", "netIncomeFromContinuingOperations": "507000000", "comprehensiveIncomeNetOfTax": "510000000", "ebit": "552000000", "ebitda": "599000000", "netIncome": "507000000"}, {"fiscalDateEnding": "2017-01-29", "reportedCurrency": "USD", "grossProfit": "1303000000", "totalRevenue": "2173000000", "costOfRevenue": "870000000", "costofGoodsAndServicesSold": "870000000", "operatingIncome": "733000000", "sellingGeneralAndAdministrative": "176000000", "researchAndDevelopment": "394000000", "operatingExpenses": "570000000", "investmentIncomeNet": "17000000", "netInterestIncome": "-19000000", "interestIncome": "None", "interestExpense": "19000000", "nonInterestIncome": "-1000000", "otherNonOperatingIncome": "-6000000", "depreciation": "None", "depreciationAndAmortization": "47000000", "incomeBeforeTax": "726000000", "incomeTaxExpense": "71000000", "interestAndDebtExpense": "25000000", "netIncomeFromContinuingOperations": "1303000000", "comprehensiveIncomeNetOfTax": "643000000", "ebit": "745000000", "ebitda": "792000000", "netIncome": "655000000"}, {"fiscalDateEnding": "2016-10-30", "reportedCurrency": "USD", "grossProfit": "1183000000", "totalRevenue": "2004000000", "costOfRevenue": "821000000", "costofGoodsAndServicesSold": "821000000", "operatingIncome": "639000000", "sellingGeneralAndAdministrative": "171000000", "researchAndDevelopment": "373000000", "operatingExpenses": "544000000", "investmentIncomeNet": "14000000", "netInterestIncome": "-16000000", "interestIncome": "None", "interestExpense": "16000000", "nonInterestIncome": "-15000000", "otherNonOperatingIncome": "-16000000", "depreciation": "None", "depreciationAndAmortization": "48000000", "incomeBeforeTax": "621000000", "incomeTaxExpense": "79000000", "interestAndDebtExpense": "31000000", "netIncomeFromContinuingOperations": "542000000", "comprehensiveIncomeNetOfTax": "534000000", "ebit": "637000000", "ebitda": "685000000", "netIncome": "542000000"}]}