{"symbol": "ODFL", "annualReports": [{"fiscalDateEnding": "2020-12-31", "reportedCurrency": "USD", "grossProfit": "1459091000", "totalRevenue": "4014393000", "costOfRevenue": "2555302000", "costofGoodsAndServicesSold": "190849000", "operatingIncome": "906882000", "sellingGeneralAndAdministrative": "49300000", "researchAndDevelopment": "None", "operatingExpenses": "423467000", "investmentIncomeNet": "1830000", "netInterestIncome": "-952000", "interestIncome": "1830000", "interestExpense": "2782000", "nonInterestIncome": "4014393000", "otherNonOperatingIncome": "-4566000", "depreciation": "261300000", "depreciationAndAmortization": "261259000", "incomeBeforeTax": "901364000", "incomeTaxExpense": "228682000", "interestAndDebtExpense": "2782000", "netIncomeFromContinuingOperations": "672682000", "comprehensiveIncomeNetOfTax": "672682000", "ebit": "906882000", "ebitda": "1168141000", "netIncome": "672682000"}, {"fiscalDateEnding": "2019-12-31", "reportedCurrency": "USD", "grossProfit": "1442011000", "totalRevenue": "4103045000", "costOfRevenue": "2661034000", "costofGoodsAndServicesSold": "198989000", "operatingIncome": "818706000", "sellingGeneralAndAdministrative": "85900000", "researchAndDevelopment": "None", "operatingExpenses": "565080000", "investmentIncomeNet": "6763000", "netInterestIncome": "6386000", "interestIncome": "6763000", "interestExpense": "377000", "nonInterestIncome": "4103045000", "otherNonOperatingIncome": "-1143000", "depreciation": "253700000", "depreciationAndAmortization": "253681000", "incomeBeforeTax": "823949000", "incomeTaxExpense": "208431000", "interestAndDebtExpense": "377000", "netIncomeFromContinuingOperations": "615518000", "comprehensiveIncomeNetOfTax": "615518000", "ebit": "818706000", "ebitda": "1072387000", "netIncome": "615518000"}, {"fiscalDateEnding": "2018-12-31", "reportedCurrency": "USD", "grossProfit": "1504515000", "totalRevenue": "4043218000", "costOfRevenue": "2538703000", "costofGoodsAndServicesSold": "187398000", "operatingIncome": "817051000", "sellingGeneralAndAdministrative": "45346000", "researchAndDevelopment": "None", "operatingExpenses": "536853000", "investmentIncomeNet": "3113000", "netInterestIncome": "2924000", "interestIncome": "3113000", "interestExpense": "189000", "nonInterestIncome": "4043218000", "otherNonOperatingIncome": "-4462000", "depreciation": "230400000", "depreciationAndAmortization": "230357000", "incomeBeforeTax": "815513000", "incomeTaxExpense": "209845000", "interestAndDebtExpense": "189000", "netIncomeFromContinuingOperations": "605668000", "comprehensiveIncomeNetOfTax": "605668000", "ebit": "817051000", "ebitda": "1047408000", "netIncome": "605668000"}, {"fiscalDateEnding": "2017-12-31", "reportedCurrency": "USD", "grossProfit": "680110000", "totalRevenue": "3359392000", "costOfRevenue": "2679282000", "costofGoodsAndServicesSold": "635795000", "operatingIncome": "575886000", "sellingGeneralAndAdministrative": "1837724000", "researchAndDevelopment": "None", "operatingExpenses": "2042213000", "investmentIncomeNet": "740000", "netInterestIncome": "-1414000", "interestIncome": "740000", "interestExpense": "2154000", "nonInterestIncome": "1274000", "otherNonOperatingIncome": "1360000", "depreciation": "205600000", "depreciationAndAmortization": "205763000", "incomeBeforeTax": "575832000", "incomeTaxExpense": "112058000", "interestAndDebtExpense": "2154000", "netIncomeFromContinuingOperations": "463774000", "comprehensiveIncomeNetOfTax": "463774000", "ebit": "575886000", "ebitda": "781649000", "netIncome": "463774000"}, {"fiscalDateEnding": "2016-12-31", "reportedCurrency": "USD", "grossProfit": "566116000", "totalRevenue": "2991697000", "costOfRevenue": "2425581000", "costofGoodsAndServicesSold": "555239000", "operatingIncome": "483835000", "sellingGeneralAndAdministrative": "1680475000", "researchAndDevelopment": "None", "operatingExpenses": "1870174000", "investmentIncomeNet": "58000", "netInterestIncome": "-4274000", "interestIncome": "58000", "interestExpense": "4332000", "nonInterestIncome": "168000", "otherNonOperatingIncome": "-1974000", "depreciation": "189600000", "depreciationAndAmortization": "189867000", "incomeBeforeTax": "477587000", "incomeTaxExpense": "181822000", "interestAndDebtExpense": "4332000", "netIncomeFromContinuingOperations": "295765000", "comprehensiveIncomeNetOfTax": "295765000", "ebit": "483835000", "ebitda": "673702000", "netIncome": "295765000"}], "quarterlyReports": [{"fiscalDateEnding": "2021-09-30", "reportedCurrency": "USD", "grossProfit": "626761000", "totalRevenue": "1400046000", "costOfRevenue": "773285000", "costofGoodsAndServicesSold": "58440000", "operatingIncome": "383410000", "sellingGeneralAndAdministrative": "61724000", "researchAndDevelopment": "None", "operatingExpenses": "146509000", "investmentIncomeNet": "178000", "netInterestIncome": "-193000", "interestIncome": "178000", "interestExpense": "371000", "nonInterestIncome": "1400046000", "otherNonOperatingIncome": "-266000", "depreciation": "None", "depreciationAndAmortization": "65160000", "incomeBeforeTax": "382951000", "incomeTaxExpense": "96317000", "interestAndDebtExpense": "371000", "netIncomeFromContinuingOperations": "286634000", "comprehensiveIncomeNetOfTax": "286634000", "ebit": "383410000", "ebitda": "448570000", "netIncome": "286634000"}, {"fiscalDateEnding": "2021-06-30", "reportedCurrency": "USD", "grossProfit": "587315000", "totalRevenue": "1319409000", "costOfRevenue": "732094000", "costofGoodsAndServicesSold": "56629000", "operatingIncome": "366044000", "sellingGeneralAndAdministrative": "57800000", "researchAndDevelopment": "None", "operatingExpenses": "137577000", "investmentIncomeNet": "196000", "netInterestIncome": "-269000", "interestIncome": "196000", "interestExpense": "465000", "nonInterestIncome": "1319409000", "otherNonOperatingIncome": "-1387000", "depreciation": "None", "depreciationAndAmortization": "63947000", "incomeBeforeTax": "364388000", "incomeTaxExpense": "94812000", "interestAndDebtExpense": "465000", "netIncomeFromContinuingOperations": "269576000", "comprehensiveIncomeNetOfTax": "269576000", "ebit": "366044000", "ebitda": "429991000", "netIncome": "269576000"}, {"fiscalDateEnding": "2021-03-31", "reportedCurrency": "USD", "grossProfit": "463882000", "totalRevenue": "1125912000", "costOfRevenue": "662030000", "costofGoodsAndServicesSold": "52384000", "operatingIncome": "269657000", "sellingGeneralAndAdministrative": "52286000", "researchAndDevelopment": "None", "operatingExpenses": "124759000", "investmentIncomeNet": "286000", "netInterestIncome": "-221000", "interestIncome": "286000", "interestExpense": "507000", "nonInterestIncome": "1125912000", "otherNonOperatingIncome": "-128000", "depreciation": "None", "depreciationAndAmortization": "63987000", "incomeBeforeTax": "269308000", "incomeTaxExpense": "69949000", "interestAndDebtExpense": "507000", "netIncomeFromContinuingOperations": "199359000", "comprehensiveIncomeNetOfTax": "199359000", "ebit": "269657000", "ebitda": "333644000", "netIncome": "199359000"}, {"fiscalDateEnding": "2020-12-31", "reportedCurrency": "USD", "grossProfit": "365742000", "totalRevenue": "1072908000", "costOfRevenue": "707166000", "costofGoodsAndServicesSold": "48913000", "operatingIncome": "254302000", "sellingGeneralAndAdministrative": "41657000", "researchAndDevelopment": "None", "operatingExpenses": "149838000", "investmentIncomeNet": "228000", "netInterestIncome": "-618000", "interestIncome": "228000", "interestExpense": "846000", "nonInterestIncome": "1072908000", "otherNonOperatingIncome": "-361000", "depreciation": "None", "depreciationAndAmortization": "65106000", "incomeBeforeTax": "253323000", "incomeTaxExpense": "63491000", "interestAndDebtExpense": "846000", "netIncomeFromContinuingOperations": "189832000", "comprehensiveIncomeNetOfTax": "189832000", "ebit": "254302000", "ebitda": "319408000", "netIncome": "189832000"}, {"fiscalDateEnding": "2020-09-30", "reportedCurrency": "USD", "grossProfit": "419159000", "totalRevenue": "1058166000", "costOfRevenue": "639007000", "costofGoodsAndServicesSold": "49366000", "operatingIncome": "270244000", "sellingGeneralAndAdministrative": "46826000", "researchAndDevelopment": "None", "operatingExpenses": "90269000", "investmentIncomeNet": "123000", "netInterestIncome": "-948000", "interestIncome": "123000", "interestExpense": "1071000", "nonInterestIncome": "1058166000", "otherNonOperatingIncome": "-961000", "depreciation": "None", "depreciationAndAmortization": "64983000", "incomeBeforeTax": "268335000", "incomeTaxExpense": "66467000", "interestAndDebtExpense": "1071000", "netIncomeFromContinuingOperations": "201868000", "comprehensiveIncomeNetOfTax": "201868000", "ebit": "270244000", "ebitda": "335227000", "netIncome": "201868000"}, {"fiscalDateEnding": "2020-06-30", "reportedCurrency": "USD", "grossProfit": "324354000", "totalRevenue": "896210000", "costOfRevenue": "571856000", "costofGoodsAndServicesSold": "45215000", "operatingIncome": "199166000", "sellingGeneralAndAdministrative": "33143000", "researchAndDevelopment": "None", "operatingExpenses": "75412000", "investmentIncomeNet": "231000", "netInterestIncome": "-534000", "interestIncome": "231000", "interestExpense": "765000", "nonInterestIncome": "896210000", "otherNonOperatingIncome": "373000", "depreciation": "None", "depreciationAndAmortization": "65735000", "incomeBeforeTax": "199005000", "incomeTaxExpense": "51200000", "interestAndDebtExpense": "765000", "netIncomeFromContinuingOperations": "147805000", "comprehensiveIncomeNetOfTax": "147805000", "ebit": "199166000", "ebitda": "264901000", "netIncome": "147805000"}, {"fiscalDateEnding": "2020-03-31", "reportedCurrency": "USD", "grossProfit": "350013000", "totalRevenue": "987286000", "costOfRevenue": "637273000", "costofGoodsAndServicesSold": "47355000", "operatingIncome": "183170000", "sellingGeneralAndAdministrative": "41799000", "researchAndDevelopment": "None", "operatingExpenses": "107771000", "investmentIncomeNet": "1248000", "netInterestIncome": "1148000", "interestIncome": "1248000", "interestExpense": "100000", "nonInterestIncome": "987286000", "otherNonOperatingIncome": "-3617000", "depreciation": "None", "depreciationAndAmortization": "65435000", "incomeBeforeTax": "180701000", "incomeTaxExpense": "47524000", "interestAndDebtExpense": "100000", "netIncomeFromContinuingOperations": "133177000", "comprehensiveIncomeNetOfTax": "133177000", "ebit": "183170000", "ebitda": "248605000", "netIncome": "133177000"}, {"fiscalDateEnding": "2019-12-31", "reportedCurrency": "USD", "grossProfit": "1009206000", "totalRevenue": "1009206000", "costOfRevenue": "728837000", "costofGoodsAndServicesSold": "55307000", "operatingIncome": "188264000", "sellingGeneralAndAdministrative": "74900000", "researchAndDevelopment": "None", "operatingExpenses": "187346000", "investmentIncomeNet": "1797000", "netInterestIncome": "1705000", "interestIncome": "1797000", "interestExpense": "92000", "nonInterestIncome": "1009206000", "otherNonOperatingIncome": "-375000", "depreciation": "None", "depreciationAndAmortization": "64544000", "incomeBeforeTax": "189594000", "incomeTaxExpense": "45570000", "interestAndDebtExpense": "92000", "netIncomeFromContinuingOperations": "188264000", "comprehensiveIncomeNetOfTax": "188264000", "ebit": "188264000", "ebitda": "252808000", "netIncome": "144024000"}, {"fiscalDateEnding": "2019-09-30", "reportedCurrency": "USD", "grossProfit": "399318000", "totalRevenue": "1048457000", "costOfRevenue": "649139000", "costofGoodsAndServicesSold": "48495000", "operatingIncome": "217527000", "sellingGeneralAndAdministrative": "3700000", "researchAndDevelopment": "None", "operatingExpenses": "121043000", "investmentIncomeNet": "1714000", "netInterestIncome": "1711000", "interestIncome": "1714000", "interestExpense": "3000", "nonInterestIncome": "1048457000", "otherNonOperatingIncome": "-844000", "depreciation": "None", "depreciationAndAmortization": "63493000", "incomeBeforeTax": "218394000", "incomeTaxExpense": "54295000", "interestAndDebtExpense": "3000", "netIncomeFromContinuingOperations": "164099000", "comprehensiveIncomeNetOfTax": "164099000", "ebit": "217527000", "ebitda": "281020000", "netIncome": "164099000"}, {"fiscalDateEnding": "2019-06-30", "reportedCurrency": "USD", "grossProfit": "418407000", "totalRevenue": "1060666000", "costOfRevenue": "642259000", "costofGoodsAndServicesSold": "47105000", "operatingIncome": "234489000", "sellingGeneralAndAdministrative": "38525000", "researchAndDevelopment": "None", "operatingExpenses": "122410000", "investmentIncomeNet": "1769000", "netInterestIncome": "1609000", "interestIncome": "1769000", "interestExpense": "160000", "nonInterestIncome": "1060666000", "otherNonOperatingIncome": "-524000", "depreciation": "None", "depreciationAndAmortization": "62571000", "incomeBeforeTax": "235574000", "incomeTaxExpense": "61502000", "interestAndDebtExpense": "160000", "netIncomeFromContinuingOperations": "174072000", "comprehensiveIncomeNetOfTax": "174072000", "ebit": "234489000", "ebitda": "297060000", "netIncome": "174072000"}, {"fiscalDateEnding": "2019-03-31", "reportedCurrency": "USD", "grossProfit": "356806000", "totalRevenue": "990305000", "costOfRevenue": "633499000", "costofGoodsAndServicesSold": "48082000", "operatingIncome": "178426000", "sellingGeneralAndAdministrative": "39399000", "researchAndDevelopment": "None", "operatingExpenses": "121834000", "investmentIncomeNet": "1483000", "netInterestIncome": "1361000", "interestIncome": "1361000", "interestExpense": "122000", "nonInterestIncome": "990305000", "otherNonOperatingIncome": "600000", "depreciation": "None", "depreciationAndAmortization": "63073000", "incomeBeforeTax": "180387000", "incomeTaxExpense": "47064000", "interestAndDebtExpense": "122000", "netIncomeFromContinuingOperations": "133323000", "comprehensiveIncomeNetOfTax": "133323000", "ebit": "178426000", "ebitda": "241499000", "netIncome": "133323000"}, {"fiscalDateEnding": "2018-12-31", "reportedCurrency": "USD", "grossProfit": "1026944000", "totalRevenue": "1026944000", "costOfRevenue": "665658000", "costofGoodsAndServicesSold": "47283000", "operatingIncome": "218845000", "sellingGeneralAndAdministrative": "40291000", "researchAndDevelopment": "None", "operatingExpenses": "166722000", "investmentIncomeNet": "1211000", "netInterestIncome": "None", "interestIncome": "None", "interestExpense": "138000", "nonInterestIncome": "1026944000", "otherNonOperatingIncome": "-2567000", "depreciation": "None", "depreciationAndAmortization": "62555000", "incomeBeforeTax": "217351000", "incomeTaxExpense": "57892000", "interestAndDebtExpense": "138000", "netIncomeFromContinuingOperations": "218845000", "comprehensiveIncomeNetOfTax": "218845000", "ebit": "218845000", "ebitda": "281400000", "netIncome": "159459000"}, {"fiscalDateEnding": "2018-09-30", "reportedCurrency": "USD", "grossProfit": "413865000", "totalRevenue": "1058233000", "costOfRevenue": "644368000", "costofGoodsAndServicesSold": "48236000", "operatingIncome": "228385000", "sellingGeneralAndAdministrative": "1533000", "researchAndDevelopment": "None", "operatingExpenses": "127557000", "investmentIncomeNet": "778000", "netInterestIncome": "None", "interestIncome": "None", "interestExpense": "29000", "nonInterestIncome": "1058233000", "otherNonOperatingIncome": "70000", "depreciation": "None", "depreciationAndAmortization": "58086000", "incomeBeforeTax": "229204000", "incomeTaxExpense": "55762000", "interestAndDebtExpense": "29000", "netIncomeFromContinuingOperations": "173442000", "comprehensiveIncomeNetOfTax": "173442000", "ebit": "228385000", "ebitda": "286471000", "netIncome": "173442000"}, {"fiscalDateEnding": "2018-06-30", "reportedCurrency": "USD", "grossProfit": "406421000", "totalRevenue": "1033498000", "costOfRevenue": "627077000", "costofGoodsAndServicesSold": "46946000", "operatingIncome": "220481000", "sellingGeneralAndAdministrative": "1647000", "researchAndDevelopment": "None", "operatingExpenses": "126566000", "investmentIncomeNet": "668000", "netInterestIncome": "None", "interestIncome": "None", "interestExpense": "11000", "nonInterestIncome": "1033498000", "otherNonOperatingIncome": "334000", "depreciation": "None", "depreciationAndAmortization": "56235000", "incomeBeforeTax": "221472000", "incomeTaxExpense": "58038000", "interestAndDebtExpense": "11000", "netIncomeFromContinuingOperations": "163434000", "comprehensiveIncomeNetOfTax": "163434000", "ebit": "220481000", "ebitda": "276716000", "netIncome": "163434000"}, {"fiscalDateEnding": "2018-03-31", "reportedCurrency": "USD", "grossProfit": "187983000", "totalRevenue": "925384000", "costOfRevenue": "737401000", "costofGoodsAndServicesSold": "180734000", "operatingIncome": "149340000", "sellingGeneralAndAdministrative": "503186000", "researchAndDevelopment": "None", "operatingExpenses": "556303000", "investmentIncomeNet": "456000", "netInterestIncome": "None", "interestIncome": "None", "interestExpense": "11000", "nonInterestIncome": "364000", "otherNonOperatingIncome": "-2299000", "depreciation": "None", "depreciationAndAmortization": "53481000", "incomeBeforeTax": "147486000", "incomeTaxExpense": "38153000", "interestAndDebtExpense": "11000", "netIncomeFromContinuingOperations": "109333000", "comprehensiveIncomeNetOfTax": "109333000", "ebit": "149340000", "ebitda": "202821000", "netIncome": "109333000"}, {"fiscalDateEnding": "2017-12-31", "reportedCurrency": "USD", "grossProfit": "891117000", "totalRevenue": "891117000", "costOfRevenue": "740306000", "costofGoodsAndServicesSold": "175810000", "operatingIncome": "143457000", "sellingGeneralAndAdministrative": "511403000", "researchAndDevelopment": "None", "operatingExpenses": "563927000", "investmentIncomeNet": "408000", "netInterestIncome": "None", "interestIncome": "None", "interestExpense": "362000", "nonInterestIncome": "891117000", "otherNonOperatingIncome": "361000", "depreciation": "None", "depreciationAndAmortization": "53093000", "incomeBeforeTax": "302150000", "incomeTaxExpense": "104900000", "interestAndDebtExpense": "362000", "netIncomeFromContinuingOperations": "143457000", "comprehensiveIncomeNetOfTax": "143457000", "ebit": "143457000", "ebitda": "196550000", "netIncome": "197250000"}, {"fiscalDateEnding": "2017-09-30", "reportedCurrency": "USD", "grossProfit": "197217000", "totalRevenue": "872987000", "costOfRevenue": "675770000", "costofGoodsAndServicesSold": "160019000", "operatingIncome": "163875000", "sellingGeneralAndAdministrative": "463817000", "researchAndDevelopment": "None", "operatingExpenses": "515751000", "investmentIncomeNet": "228000", "netInterestIncome": "None", "interestIncome": "None", "interestExpense": "555000", "nonInterestIncome": "872987000", "otherNonOperatingIncome": "977000", "depreciation": "None", "depreciationAndAmortization": "51934000", "incomeBeforeTax": "164525000", "incomeTaxExpense": "62211000", "interestAndDebtExpense": "555000", "netIncomeFromContinuingOperations": "102314000", "comprehensiveIncomeNetOfTax": "102314000", "ebit": "163875000", "ebitda": "215809000", "netIncome": "102314000"}, {"fiscalDateEnding": "2017-06-30", "reportedCurrency": "USD", "grossProfit": "194840000", "totalRevenue": "839912000", "costOfRevenue": "645072000", "costofGoodsAndServicesSold": "150737000", "operatingIncome": "160432000", "sellingGeneralAndAdministrative": "443886000", "researchAndDevelopment": "None", "operatingExpenses": "494335000", "investmentIncomeNet": "69000", "netInterestIncome": "None", "interestIncome": "None", "interestExpense": "642000", "nonInterestIncome": "839912000", "otherNonOperatingIncome": "431000", "depreciation": "None", "depreciationAndAmortization": "50449000", "incomeBeforeTax": "160290000", "incomeTaxExpense": "61872000", "interestAndDebtExpense": "642000", "netIncomeFromContinuingOperations": "98418000", "comprehensiveIncomeNetOfTax": "98418000", "ebit": "160432000", "ebitda": "210881000", "netIncome": "98418000"}, {"fiscalDateEnding": "2017-03-31", "reportedCurrency": "USD", "grossProfit": "136039000", "totalRevenue": "754173000", "costOfRevenue": "618134000", "costofGoodsAndServicesSold": "149229000", "operatingIncome": "108122000", "sellingGeneralAndAdministrative": "418618000", "researchAndDevelopment": "None", "operatingExpenses": "468828000", "investmentIncomeNet": "35000", "netInterestIncome": "None", "interestIncome": "None", "interestExpense": "595000", "nonInterestIncome": "77000", "otherNonOperatingIncome": "-409000", "depreciation": "None", "depreciationAndAmortization": "50287000", "incomeBeforeTax": "107153000", "incomeTaxExpense": "41361000", "interestAndDebtExpense": "595000", "netIncomeFromContinuingOperations": "65792000", "comprehensiveIncomeNetOfTax": "65792000", "ebit": "108122000", "ebitda": "158409000", "netIncome": "65792000"}, {"fiscalDateEnding": "2016-12-31", "reportedCurrency": "USD", "grossProfit": "745738000", "totalRevenue": "745738000", "costOfRevenue": "629432000", "costofGoodsAndServicesSold": "140239000", "operatingIncome": "113447000", "sellingGeneralAndAdministrative": "439619000", "researchAndDevelopment": "None", "operatingExpenses": "489567000", "investmentIncomeNet": "20000", "netInterestIncome": "None", "interestIncome": "None", "interestExpense": "954000", "nonInterestIncome": "-374000", "otherNonOperatingIncome": "-1192000", "depreciation": "None", "depreciationAndAmortization": "49574000", "incomeBeforeTax": "111321000", "incomeTaxExpense": "42810000", "interestAndDebtExpense": "954000", "netIncomeFromContinuingOperations": "113447000", "comprehensiveIncomeNetOfTax": "113447000", "ebit": "113447000", "ebitda": "163021000", "netIncome": "68511000"}]}