{"symbol": "OMC", "annualReports": [{"fiscalDateEnding": "2020-12-31", "reportedCurrency": "USD", "grossProfit": "1317000000", "totalRevenue": "13171100000", "costOfRevenue": "11854100000", "costofGoodsAndServicesSold": "10989200000", "operatingIncome": "1598800000", "sellingGeneralAndAdministrative": "360500000", "researchAndDevelopment": "None", "operatingExpenses": "888400000", "investmentIncomeNet": "32300000", "netInterestIncome": "-221800000", "interestIncome": "32300000", "interestExpense": "221800000", "nonInterestIncome": "-4800000", "otherNonOperatingIncome": "25500000", "depreciation": "139500000", "depreciationAndAmortization": "222600000", "incomeBeforeTax": "1327100000", "incomeTaxExpense": "381700000", "interestAndDebtExpense": "221800000", "netIncomeFromContinuingOperations": "1020800000", "comprehensiveIncomeNetOfTax": "929100000", "ebit": "1548900000", "ebitda": "1771500000", "netIncome": "945400000"}, {"fiscalDateEnding": "2019-12-31", "reportedCurrency": "USD", "grossProfit": "2122300000", "totalRevenue": "14953700000", "costOfRevenue": "12831400000", "costofGoodsAndServicesSold": "12194000000", "operatingIncome": "2122300000", "sellingGeneralAndAdministrative": "405900000", "researchAndDevelopment": "None", "operatingExpenses": "637400000", "investmentIncomeNet": "60300000", "netInterestIncome": "-244300000", "interestIncome": "60300000", "interestExpense": "244300000", "nonInterestIncome": "-11200000", "otherNonOperatingIncome": "62300000", "depreciation": "147700000", "depreciationAndAmortization": "231500000", "incomeBeforeTax": "1843500000", "incomeTaxExpense": "504400000", "interestAndDebtExpense": "244300000", "netIncomeFromContinuingOperations": "1435900000", "comprehensiveIncomeNetOfTax": "1392300000", "ebit": "2087800000", "ebitda": "2319300000", "netIncome": "1339100000"}, {"fiscalDateEnding": "2018-12-31", "reportedCurrency": "USD", "grossProfit": "1984100000", "totalRevenue": "15290200000", "costOfRevenue": "13306100000", "costofGoodsAndServicesSold": "12437300000", "operatingIncome": "2133500000", "sellingGeneralAndAdministrative": "455400000", "researchAndDevelopment": "None", "operatingExpenses": "13156700000", "investmentIncomeNet": "57200000", "netInterestIncome": "-266400000", "interestIncome": "57200000", "interestExpense": "266400000", "nonInterestIncome": "180500000", "otherNonOperatingIncome": "66100000", "depreciation": "161500000", "depreciationAndAmortization": "264000000", "incomeBeforeTax": "1819100000", "incomeTaxExpense": "492700000", "interestAndDebtExpense": "266400000", "netIncomeFromContinuingOperations": "1440500000", "comprehensiveIncomeNetOfTax": "1060900000", "ebit": "2085500000", "ebitda": "2349500000", "netIncome": "1326400000"}, {"fiscalDateEnding": "2017-12-31", "reportedCurrency": "USD", "grossProfit": "2059700000", "totalRevenue": "15273600000", "costOfRevenue": "13213900000", "costofGoodsAndServicesSold": "12468000000", "operatingIncome": "2083800000", "sellingGeneralAndAdministrative": "439700000", "researchAndDevelopment": "None", "operatingExpenses": "13189800000", "investmentIncomeNet": "49700000", "netInterestIncome": "-224500000", "interestIncome": "24100000", "interestExpense": "248600000", "nonInterestIncome": "-7800000", "otherNonOperatingIncome": "53200000", "depreciation": "168300000", "depreciationAndAmortization": "282100000", "incomeBeforeTax": "1784600000", "incomeTaxExpense": "696200000", "interestAndDebtExpense": "224500000", "netIncomeFromContinuingOperations": "1192200000", "comprehensiveIncomeNetOfTax": "1481400000", "ebit": "2033200000", "ebitda": "2315300000", "netIncome": "1088400000"}, {"fiscalDateEnding": "2016-12-31", "reportedCurrency": "USD", "grossProfit": "2008900000", "totalRevenue": "15416900000", "costOfRevenue": "13408000000", "costofGoodsAndServicesSold": "12649600000", "operatingIncome": "2030500000", "sellingGeneralAndAdministrative": "443900000", "researchAndDevelopment": "None", "operatingExpenses": "13386400000", "investmentIncomeNet": "42600000", "netInterestIncome": "-209700000", "interestIncome": "21600000", "interestExpense": "231300000", "nonInterestIncome": "12700000", "otherNonOperatingIncome": "48000000", "depreciation": "177700000", "depreciationAndAmortization": "292900000", "incomeBeforeTax": "1749100000", "incomeTaxExpense": "600500000", "interestAndDebtExpense": "209700000", "netIncomeFromContinuingOperations": "1246700000", "comprehensiveIncomeNetOfTax": "808000000", "ebit": "1980400000", "ebitda": "2273300000", "netIncome": "1148600000"}], "quarterlyReports": [{"fiscalDateEnding": "2021-09-30", "reportedCurrency": "USD", "grossProfit": "541600000", "totalRevenue": "3435000000", "costOfRevenue": "2893400000", "costofGoodsAndServicesSold": "2747300000", "operatingIncome": "541600000", "sellingGeneralAndAdministrative": "95000000", "researchAndDevelopment": "None", "operatingExpenses": "146100000", "investmentIncomeNet": "7000000", "netInterestIncome": "-50700000", "interestIncome": "7000000", "interestExpense": "50700000", "nonInterestIncome": "0", "otherNonOperatingIncome": "9200000", "depreciation": "32400000", "depreciationAndAmortization": "51100000", "incomeBeforeTax": "475600000", "incomeTaxExpense": "120000000", "interestAndDebtExpense": "50700000", "netIncomeFromContinuingOperations": "380100000", "comprehensiveIncomeNetOfTax": "235100000", "ebit": "526300000", "ebitda": "577400000", "netIncome": "355600000"}, {"fiscalDateEnding": "2021-06-30", "reportedCurrency": "USD", "grossProfit": "568400000", "totalRevenue": "3571600000", "costOfRevenue": "3003200000", "costofGoodsAndServicesSold": "2846500000", "operatingIncome": "568400000", "sellingGeneralAndAdministrative": "103200000", "researchAndDevelopment": "None", "operatingExpenses": "106200000", "investmentIncomeNet": "6800000", "netInterestIncome": "-80300000", "interestIncome": "6800000", "interestExpense": "80300000", "nonInterestIncome": "50500000", "otherNonOperatingIncome": "6700000", "depreciation": "32300000", "depreciationAndAmortization": "53500000", "incomeBeforeTax": "471400000", "incomeTaxExpense": "123200000", "interestAndDebtExpense": "80300000", "netIncomeFromContinuingOperations": "371600000", "comprehensiveIncomeNetOfTax": "406900000", "ebit": "551700000", "ebitda": "605200000", "netIncome": "348200000"}, {"fiscalDateEnding": "2021-03-31", "reportedCurrency": "USD", "grossProfit": "465400000", "totalRevenue": "3426900000", "costOfRevenue": "2961500000", "costofGoodsAndServicesSold": "2836600000", "operatingIncome": "465400000", "sellingGeneralAndAdministrative": "71600000", "researchAndDevelopment": "None", "operatingExpenses": "124900000", "investmentIncomeNet": "6300000", "netInterestIncome": "-53800000", "interestIncome": "-47500000", "interestExpense": "53800000", "nonInterestIncome": "0", "otherNonOperatingIncome": "6300000", "depreciation": "33400000", "depreciationAndAmortization": "53300000", "incomeBeforeTax": "399700000", "incomeTaxExpense": "111900000", "interestAndDebtExpense": "53800000", "netIncomeFromContinuingOperations": "306000000", "comprehensiveIncomeNetOfTax": "255400000", "ebit": "453500000", "ebitda": "506800000", "netIncome": "287800000"}, {"fiscalDateEnding": "2020-12-31", "reportedCurrency": "USD", "grossProfit": "610800000", "totalRevenue": "3757000000", "costOfRevenue": "3146200000", "costofGoodsAndServicesSold": "2987200000", "operatingIncome": "614700000", "sellingGeneralAndAdministrative": "101300000", "researchAndDevelopment": "None", "operatingExpenses": "161800000", "investmentIncomeNet": "7200000", "netInterestIncome": "-55200000", "interestIncome": "7200000", "interestExpense": "55200000", "nonInterestIncome": "-4800000", "otherNonOperatingIncome": "10600000", "depreciation": "33100000", "depreciationAndAmortization": "53800000", "incomeBeforeTax": "539600000", "incomeTaxExpense": "141500000", "interestAndDebtExpense": "55200000", "netIncomeFromContinuingOperations": "428500000", "comprehensiveIncomeNetOfTax": "564800000", "ebit": "594800000", "ebitda": "648600000", "netIncome": "398100000"}, {"fiscalDateEnding": "2020-09-30", "reportedCurrency": "USD", "grossProfit": "501400000", "totalRevenue": "3206500000", "costOfRevenue": "2705100000", "costofGoodsAndServicesSold": "2560200000", "operatingIncome": "501400000", "sellingGeneralAndAdministrative": "90200000", "researchAndDevelopment": "None", "operatingExpenses": "144900000", "investmentIncomeNet": "5900000", "netInterestIncome": "-54400000", "interestIncome": "-48500000", "interestExpense": "54400000", "nonInterestIncome": "0", "otherNonOperatingIncome": "8800000", "depreciation": "34500000", "depreciationAndAmortization": "54700000", "incomeBeforeTax": "434200000", "incomeTaxExpense": "120900000", "interestAndDebtExpense": "54400000", "netIncomeFromContinuingOperations": "334900000", "comprehensiveIncomeNetOfTax": "389300000", "ebit": "488600000", "ebitda": "543300000", "netIncome": "313300000"}, {"fiscalDateEnding": "2020-06-30", "reportedCurrency": "USD", "grossProfit": "-215400000", "totalRevenue": "2800700000", "costOfRevenue": "3016100000", "costofGoodsAndServicesSold": "2599000000", "operatingIncome": "62500000", "sellingGeneralAndAdministrative": "82100000", "researchAndDevelopment": "None", "operatingExpenses": "417100000", "investmentIncomeNet": "6500000", "netInterestIncome": "-53700000", "interestIncome": "6500000", "interestExpense": "53700000", "nonInterestIncome": "0", "otherNonOperatingIncome": "-1300000", "depreciation": "35700000", "depreciationAndAmortization": "57100000", "incomeBeforeTax": "-2300000", "incomeTaxExpense": "21900000", "interestAndDebtExpense": "53700000", "netIncomeFromContinuingOperations": "-14400000", "comprehensiveIncomeNetOfTax": "47500000", "ebit": "51400000", "ebitda": "108500000", "netIncome": "-24200000"}, {"fiscalDateEnding": "2020-03-31", "reportedCurrency": "USD", "grossProfit": "416300000", "totalRevenue": "3406900000", "costOfRevenue": "2990600000", "costofGoodsAndServicesSold": "2842900000", "operatingIncome": "420200000", "sellingGeneralAndAdministrative": "86800000", "researchAndDevelopment": "None", "operatingExpenses": "147700000", "investmentIncomeNet": "12700000", "netInterestIncome": "-58500000", "interestIncome": "12700000", "interestExpense": "58500000", "nonInterestIncome": "0", "otherNonOperatingIncome": "7400000", "depreciation": "36200000", "depreciationAndAmortization": "57000000", "incomeBeforeTax": "355500000", "incomeTaxExpense": "97400000", "interestAndDebtExpense": "58500000", "netIncomeFromContinuingOperations": "271700000", "comprehensiveIncomeNetOfTax": "-72600000", "ebit": "414000000", "ebitda": "471000000", "netIncome": "258100000"}, {"fiscalDateEnding": "2019-12-31", "reportedCurrency": "USD", "grossProfit": "4141200000", "totalRevenue": "4141200000", "costOfRevenue": "3494800000", "costofGoodsAndServicesSold": "3341100000", "operatingIncome": "646400000", "sellingGeneralAndAdministrative": "97500000", "researchAndDevelopment": "None", "operatingExpenses": "-8699200000", "investmentIncomeNet": "13400000", "netInterestIncome": "-51900000", "interestIncome": "13400000", "interestExpense": "51900000", "nonInterestIncome": "-11200000", "otherNonOperatingIncome": "14200000", "depreciation": "36400000", "depreciationAndAmortization": "56200000", "incomeBeforeTax": "573900000", "incomeTaxExpense": "158900000", "interestAndDebtExpense": "51900000", "netIncomeFromContinuingOperations": "646400000", "comprehensiveIncomeNetOfTax": "566200000", "ebit": "625800000", "ebitda": "682000000", "netIncome": "415000000"}, {"fiscalDateEnding": "2019-09-30", "reportedCurrency": "USD", "grossProfit": "473300000", "totalRevenue": "3623800000", "costOfRevenue": "3150500000", "costofGoodsAndServicesSold": "2995400000", "operatingIncome": "473300000", "sellingGeneralAndAdministrative": "97200000", "researchAndDevelopment": "None", "operatingExpenses": "3150500000", "investmentIncomeNet": "13500000", "netInterestIncome": "-62800000", "interestIncome": "13500000", "interestExpense": "62800000", "nonInterestIncome": "0", "otherNonOperatingIncome": "14000000", "depreciation": "36700000", "depreciationAndAmortization": "57900000", "incomeBeforeTax": "402500000", "incomeTaxExpense": "112300000", "interestAndDebtExpense": "62800000", "netIncomeFromContinuingOperations": "312200000", "comprehensiveIncomeNetOfTax": "176300000", "ebit": "465300000", "ebitda": "523200000", "netIncome": "290200000"}, {"fiscalDateEnding": "2019-06-30", "reportedCurrency": "USD", "grossProfit": "573700000", "totalRevenue": "3719800000", "costOfRevenue": "3146100000", "costofGoodsAndServicesSold": "2980600000", "operatingIncome": "573700000", "sellingGeneralAndAdministrative": "107700000", "researchAndDevelopment": "None", "operatingExpenses": "3146100000", "investmentIncomeNet": "16400000", "netInterestIncome": "-66600000", "interestIncome": "16400000", "interestExpense": "66600000", "nonInterestIncome": "None", "otherNonOperatingIncome": "17600000", "depreciation": "36600000", "depreciationAndAmortization": "57800000", "incomeBeforeTax": "501300000", "incomeTaxExpense": "130600000", "interestAndDebtExpense": "66600000", "netIncomeFromContinuingOperations": "394100000", "comprehensiveIncomeNetOfTax": "353800000", "ebit": "567900000", "ebitda": "625700000", "netIncome": "370700000"}, {"fiscalDateEnding": "2019-03-31", "reportedCurrency": "USD", "grossProfit": "428900000", "totalRevenue": "3468900000", "costOfRevenue": "3040000000", "costofGoodsAndServicesSold": "2876800000", "operatingIncome": "428900000", "sellingGeneralAndAdministrative": "103600000", "researchAndDevelopment": "None", "operatingExpenses": "3040000000", "investmentIncomeNet": "17000000", "netInterestIncome": "-63000000", "interestIncome": "17000000", "interestExpense": "63000000", "nonInterestIncome": "None", "otherNonOperatingIncome": "16500000", "depreciation": "38000000", "depreciationAndAmortization": "59600000", "incomeBeforeTax": "365900000", "incomeTaxExpense": "102700000", "interestAndDebtExpense": "63000000", "netIncomeFromContinuingOperations": "279700000", "comprehensiveIncomeNetOfTax": "296000000", "ebit": "428900000", "ebitda": "488500000", "netIncome": "263200000"}, {"fiscalDateEnding": "2018-12-31", "reportedCurrency": "USD", "grossProfit": "4086700000", "totalRevenue": "4086700000", "costOfRevenue": "3608900000", "costofGoodsAndServicesSold": "3279100000", "operatingIncome": "627200000", "sellingGeneralAndAdministrative": "119100000", "researchAndDevelopment": "None", "operatingExpenses": "3459500000", "investmentIncomeNet": "15200000", "netInterestIncome": "-68300000", "interestIncome": "None", "interestExpense": "68300000", "nonInterestIncome": "2100000", "otherNonOperatingIncome": "20600000", "depreciation": "38500000", "depreciationAndAmortization": "61300000", "incomeBeforeTax": "548900000", "incomeTaxExpense": "149700000", "interestAndDebtExpense": "68300000", "netIncomeFromContinuingOperations": "627200000", "comprehensiveIncomeNetOfTax": "356900000", "ebit": "617200000", "ebitda": "678500000", "netIncome": "399200000"}, {"fiscalDateEnding": "2018-09-30", "reportedCurrency": "USD", "grossProfit": "352900000", "totalRevenue": "3714300000", "costOfRevenue": "3361400000", "costofGoodsAndServicesSold": "3032600000", "operatingIncome": "502300000", "sellingGeneralAndAdministrative": "113500000", "researchAndDevelopment": "None", "operatingExpenses": "3212000000", "investmentIncomeNet": "12700000", "netInterestIncome": "-69400000", "interestIncome": "None", "interestExpense": "69400000", "nonInterestIncome": "178400000", "otherNonOperatingIncome": "13700000", "depreciation": "40700000", "depreciationAndAmortization": "65900000", "incomeBeforeTax": "414200000", "incomeTaxExpense": "115300000", "interestAndDebtExpense": "69400000", "netIncomeFromContinuingOperations": "331300000", "comprehensiveIncomeNetOfTax": "280000000", "ebit": "483600000", "ebitda": "549500000", "netIncome": "298900000"}, {"fiscalDateEnding": "2018-06-30", "reportedCurrency": "USD", "grossProfit": "582300000", "totalRevenue": "3859600000", "costOfRevenue": "3277300000", "costofGoodsAndServicesSold": "3092500000", "operatingIncome": "582300000", "sellingGeneralAndAdministrative": "117400000", "researchAndDevelopment": "None", "operatingExpenses": "3277300000", "investmentIncomeNet": "13900000", "netInterestIncome": "-66400000", "interestIncome": "None", "interestExpense": "66400000", "nonInterestIncome": "None", "otherNonOperatingIncome": "15600000", "depreciation": "40400000", "depreciationAndAmortization": "67400000", "incomeBeforeTax": "500900000", "incomeTaxExpense": "136700000", "interestAndDebtExpense": "66400000", "netIncomeFromContinuingOperations": "394800000", "comprehensiveIncomeNetOfTax": "71900000", "ebit": "567300000", "ebitda": "634700000", "netIncome": "364200000"}, {"fiscalDateEnding": "2018-03-31", "reportedCurrency": "USD", "grossProfit": "421700000", "totalRevenue": "3629600000", "costOfRevenue": "3207900000", "costofGoodsAndServicesSold": "3033100000", "operatingIncome": "421700000", "sellingGeneralAndAdministrative": "105400000", "researchAndDevelopment": "None", "operatingExpenses": "3207900000", "investmentIncomeNet": "15400000", "netInterestIncome": "-62300000", "interestIncome": "None", "interestExpense": "62300000", "nonInterestIncome": "None", "otherNonOperatingIncome": "16200000", "depreciation": "41900000", "depreciationAndAmortization": "69400000", "incomeBeforeTax": "355000000", "incomeTaxExpense": "90900000", "interestAndDebtExpense": "62300000", "netIncomeFromContinuingOperations": "284700000", "comprehensiveIncomeNetOfTax": "352000000", "ebit": "417300000", "ebitda": "486700000", "netIncome": "264100000"}, {"fiscalDateEnding": "2017-12-31", "reportedCurrency": "USD", "grossProfit": "4176600000", "totalRevenue": "4176600000", "costOfRevenue": "3556400000", "costofGoodsAndServicesSold": "3358900000", "operatingIncome": "626500000", "sellingGeneralAndAdministrative": "121500000", "researchAndDevelopment": "None", "operatingExpenses": "3550100000", "investmentIncomeNet": "11700000", "netInterestIncome": "-55300000", "interestIncome": "6300000", "interestExpense": "61600000", "nonInterestIncome": "-7800000", "otherNonOperatingIncome": "12400000", "depreciation": "42700000", "depreciationAndAmortization": "69700000", "incomeBeforeTax": "543900000", "incomeTaxExpense": "289500000", "interestAndDebtExpense": "55300000", "netIncomeFromContinuingOperations": "620100000", "comprehensiveIncomeNetOfTax": "249800000", "ebit": "605500000", "ebitda": "675200000", "netIncome": "254400000"}, {"fiscalDateEnding": "2017-09-30", "reportedCurrency": "USD", "grossProfit": "464200000", "totalRevenue": "3719500000", "costOfRevenue": "3255300000", "costofGoodsAndServicesSold": "3081200000", "operatingIncome": "470200000", "sellingGeneralAndAdministrative": "99500000", "researchAndDevelopment": "None", "operatingExpenses": "3249300000", "investmentIncomeNet": "12600000", "netInterestIncome": "-59000000", "interestIncome": "6000000", "interestExpense": "65000000", "nonInterestIncome": "0", "otherNonOperatingIncome": "13700000", "depreciation": "40700000", "depreciationAndAmortization": "68600000", "incomeBeforeTax": "395600000", "incomeTaxExpense": "132000000", "interestAndDebtExpense": "59000000", "netIncomeFromContinuingOperations": "286900000", "comprehensiveIncomeNetOfTax": "417200000", "ebit": "460600000", "ebitda": "529200000", "netIncome": "263600000"}, {"fiscalDateEnding": "2017-06-30", "reportedCurrency": "USD", "grossProfit": "565500000", "totalRevenue": "3790100000", "costOfRevenue": "3224600000", "costofGoodsAndServicesSold": "3037400000", "operatingIncome": "571500000", "sellingGeneralAndAdministrative": "110100000", "researchAndDevelopment": "None", "operatingExpenses": "3218600000", "investmentIncomeNet": "11500000", "netInterestIncome": "-56800000", "interestIncome": "6000000", "interestExpense": "62800000", "nonInterestIncome": "None", "otherNonOperatingIncome": "13100000", "depreciation": "42600000", "depreciationAndAmortization": "71100000", "incomeBeforeTax": "495300000", "incomeTaxExpense": "166700000", "interestAndDebtExpense": "56800000", "netIncomeFromContinuingOperations": "355100000", "comprehensiveIncomeNetOfTax": "469700000", "ebit": "558100000", "ebitda": "629200000", "netIncome": "328600000"}, {"fiscalDateEnding": "2017-03-31", "reportedCurrency": "USD", "grossProfit": "409900000", "totalRevenue": "3587400000", "costOfRevenue": "3177500000", "costofGoodsAndServicesSold": "2990400000", "operatingIncome": "415700000", "sellingGeneralAndAdministrative": "108600000", "researchAndDevelopment": "None", "operatingExpenses": "3171700000", "investmentIncomeNet": "13900000", "netInterestIncome": "-53500000", "interestIncome": "5800000", "interestExpense": "59300000", "nonInterestIncome": "None", "otherNonOperatingIncome": "14000000", "depreciation": "42300000", "depreciationAndAmortization": "72700000", "incomeBeforeTax": "349800000", "incomeTaxExpense": "108000000", "interestAndDebtExpense": "53500000", "netIncomeFromContinuingOperations": "262400000", "comprehensiveIncomeNetOfTax": "344700000", "ebit": "409100000", "ebitda": "481800000", "netIncome": "241800000"}, {"fiscalDateEnding": "2016-12-31", "reportedCurrency": "USD", "grossProfit": "4241800000", "totalRevenue": "4241800000", "costOfRevenue": "3639900000", "costofGoodsAndServicesSold": "3424900000", "operatingIncome": "601900000", "sellingGeneralAndAdministrative": "120800000", "researchAndDevelopment": "None", "operatingExpenses": "3639900000", "investmentIncomeNet": "12000000", "netInterestIncome": "-52100000", "interestIncome": "21600000", "interestExpense": "73700000", "nonInterestIncome": "None", "otherNonOperatingIncome": "13400000", "depreciation": "43100000", "depreciationAndAmortization": "72600000", "incomeBeforeTax": "533100000", "incomeTaxExpense": "182800000", "interestAndDebtExpense": "52100000", "netIncomeFromContinuingOperations": "601900000", "comprehensiveIncomeNetOfTax": "84000000", "ebit": "606800000", "ebitda": "679400000", "netIncome": "350300000"}]}