{"symbol": "ORCL", "annualReports": [{"fiscalDateEnding": "2021-05-31", "reportedCurrency": "USD", "grossProfit": "27000000000", "totalRevenue": "37884000000", "costOfRevenue": "10884000000", "costofGoodsAndServicesSold": "7855000000", "operatingIncome": "15213000000", "sellingGeneralAndAdministrative": "8936000000", "researchAndDevelopment": "6527000000", "operatingExpenses": "17603000000", "investmentIncomeNet": "101000000", "netInterestIncome": "-2496000000", "interestIncome": "101000000", "interestExpense": "2496000000", "nonInterestIncome": "40367000000", "otherNonOperatingIncome": "473000000", "depreciation": "1537000000", "depreciationAndAmortization": "1379000000", "incomeBeforeTax": "12999000000", "incomeTaxExpense": "-747000000", "interestAndDebtExpense": "2496000000", "netIncomeFromContinuingOperations": "16534000000", "comprehensiveIncomeNetOfTax": "14287000000", "ebit": "15495000000", "ebitda": "16874000000", "netIncome": "13746000000"}, {"fiscalDateEnding": "2020-05-31", "reportedCurrency": "USD", "grossProfit": "25737000000", "totalRevenue": "36904000000", "costOfRevenue": "11167000000", "costofGoodsAndServicesSold": "7938000000", "operatingIncome": "13896000000", "sellingGeneralAndAdministrative": "9275000000", "researchAndDevelopment": "6067000000", "operatingExpenses": "17479000000", "investmentIncomeNet": "527000000", "netInterestIncome": "-1995000000", "interestIncome": "527000000", "interestExpense": "1995000000", "nonInterestIncome": "38883000000", "otherNonOperatingIncome": "-16000000", "depreciation": "1382000000", "depreciationAndAmortization": "1586000000", "incomeBeforeTax": "12063000000", "incomeTaxExpense": "1928000000", "interestAndDebtExpense": "1995000000", "netIncomeFromContinuingOperations": "12479000000", "comprehensiveIncomeNetOfTax": "10047000000", "ebit": "14058000000", "ebitda": "15644000000", "netIncome": "10135000000"}, {"fiscalDateEnding": "2019-05-31", "reportedCurrency": "USD", "grossProfit": "27556000000", "totalRevenue": "39506000000", "costOfRevenue": "11950000000", "costofGoodsAndServicesSold": "7995000000", "operatingIncome": "13535000000", "sellingGeneralAndAdministrative": "9774000000", "researchAndDevelopment": "6026000000", "operatingExpenses": "18166000000", "investmentIncomeNet": "1092000000", "netInterestIncome": "-2082000000", "interestIncome": "1092000000", "interestExpense": "2082000000", "nonInterestIncome": "39395000000", "otherNonOperatingIncome": "-14000000", "depreciation": "1230000000", "depreciationAndAmortization": "1689000000", "incomeBeforeTax": "12268000000", "incomeTaxExpense": "1185000000", "interestAndDebtExpense": "2082000000", "netIncomeFromContinuingOperations": "13428000000", "comprehensiveIncomeNetOfTax": "11144000000", "ebit": "14350000000", "ebitda": "16039000000", "netIncome": "11083000000"}, {"fiscalDateEnding": "2018-05-31", "reportedCurrency": "USD", "grossProfit": "24287000000", "totalRevenue": "39383000000", "costOfRevenue": "15096000000", "costofGoodsAndServicesSold": "2888000000", "operatingIncome": "13264000000", "sellingGeneralAndAdministrative": "9720000000", "researchAndDevelopment": "6084000000", "operatingExpenses": "18217000000", "investmentIncomeNet": "1201000000", "netInterestIncome": "-2025000000", "interestIncome": "1201000000", "interestExpense": "2025000000", "nonInterestIncome": "-74000000", "otherNonOperatingIncome": "191000000", "depreciation": "1165000000", "depreciationAndAmortization": "1620000000", "incomeBeforeTax": "12424000000", "incomeTaxExpense": "8837000000", "interestAndDebtExpense": "2025000000", "netIncomeFromContinuingOperations": "3690000000", "comprehensiveIncomeNetOfTax": "2758000000", "ebit": "14449000000", "ebitda": "16069000000", "netIncome": "3587000000"}, {"fiscalDateEnding": "2017-05-31", "reportedCurrency": "USD", "grossProfit": "23017000000", "totalRevenue": "37792000000", "costOfRevenue": "14775000000", "costofGoodsAndServicesSold": "2801000000", "operatingIncome": "12913000000", "sellingGeneralAndAdministrative": "9373000000", "researchAndDevelopment": "6153000000", "operatingExpenses": "17678000000", "investmentIncomeNet": "802000000", "netInterestIncome": "-1798000000", "interestIncome": "802000000", "interestExpense": "1798000000", "nonInterestIncome": "-152000000", "otherNonOperatingIncome": "31000000", "depreciation": "1000000000", "depreciationAndAmortization": "1451000000", "incomeBeforeTax": "11680000000", "incomeTaxExpense": "2228000000", "interestAndDebtExpense": "1798000000", "netIncomeFromContinuingOperations": "9217000000", "comprehensiveIncomeNetOfTax": "9451000000", "ebit": "13478000000", "ebitda": "14929000000", "netIncome": "9452000000"}], "quarterlyReports": [{"fiscalDateEnding": "2021-08-31", "reportedCurrency": "USD", "grossProfit": "6474000000", "totalRevenue": "8988000000", "costOfRevenue": "2514000000", "costofGoodsAndServicesSold": "2103000000", "operatingIncome": "3427000000", "sellingGeneralAndAdministrative": "2152000000", "researchAndDevelopment": "1684000000", "operatingExpenses": "4198000000", "investmentIncomeNet": "20000000", "netInterestIncome": "-705000000", "interestIncome": "20000000", "interestExpense": "705000000", "nonInterestIncome": "9693000000", "otherNonOperatingIncome": "21000000", "depreciation": "454000000", "depreciationAndAmortization": "303000000", "incomeBeforeTax": "2681000000", "incomeTaxExpense": "224000000", "interestAndDebtExpense": "705000000", "netIncomeFromContinuingOperations": "3244000000", "comprehensiveIncomeNetOfTax": "2236000000", "ebit": "3386000000", "ebitda": "3689000000", "netIncome": "2457000000"}, {"fiscalDateEnding": "2021-05-31", "reportedCurrency": "USD", "grossProfit": "40479000000", "totalRevenue": "40479000000", "costOfRevenue": "2849000000", "costofGoodsAndServicesSold": "2122000000", "operatingIncome": "4541000000", "sellingGeneralAndAdministrative": "2382000000", "researchAndDevelopment": "1715000000", "operatingExpenses": "4756000000", "investmentIncomeNet": "21000000", "netInterestIncome": "-697000000", "interestIncome": "21000000", "interestExpense": "697000000", "nonInterestIncome": "11199000000", "otherNonOperatingIncome": "372000000", "depreciation": "410000000", "depreciationAndAmortization": "342000000", "incomeBeforeTax": "4156000000", "incomeTaxExpense": "124000000", "interestAndDebtExpense": "697000000", "netIncomeFromContinuingOperations": "40479000000", "comprehensiveIncomeNetOfTax": "4012000000", "ebit": "4853000000", "ebitda": "5195000000", "netIncome": "4032000000"}, {"fiscalDateEnding": "2021-02-28", "reportedCurrency": "USD", "grossProfit": "6811000000", "totalRevenue": "9482000000", "costOfRevenue": "2671000000", "costofGoodsAndServicesSold": "1915000000", "operatingIncome": "3878000000", "sellingGeneralAndAdministrative": "2245000000", "researchAndDevelopment": "1621000000", "operatingExpenses": "4292000000", "investmentIncomeNet": "23000000", "netInterestIncome": "-585000000", "interestIncome": "23000000", "interestExpense": "585000000", "nonInterestIncome": "10067000000", "otherNonOperatingIncome": "24000000", "depreciation": "385000000", "depreciationAndAmortization": "347000000", "incomeBeforeTax": "3276000000", "incomeTaxExpense": "-1745000000", "interestAndDebtExpense": "585000000", "netIncomeFromContinuingOperations": "5670000000", "comprehensiveIncomeNetOfTax": "5152000000", "ebit": "3861000000", "ebitda": "4208000000", "netIncome": "5021000000"}, {"fiscalDateEnding": "2020-11-30", "reportedCurrency": "USD", "grossProfit": "6507000000", "totalRevenue": "9184000000", "costOfRevenue": "2677000000", "costofGoodsAndServicesSold": "1939000000", "operatingIncome": "3583000000", "sellingGeneralAndAdministrative": "2160000000", "researchAndDevelopment": "1601000000", "operatingExpenses": "4278000000", "investmentIncomeNet": "27000000", "netInterestIncome": "-600000000", "interestIncome": "27000000", "interestExpense": "600000000", "nonInterestIncome": "9784000000", "otherNonOperatingIncome": "21000000", "depreciation": "386000000", "depreciationAndAmortization": "345000000", "incomeBeforeTax": "2972000000", "incomeTaxExpense": "530000000", "interestAndDebtExpense": "600000000", "netIncomeFromContinuingOperations": "3101000000", "comprehensiveIncomeNetOfTax": "2493000000", "ebit": "3572000000", "ebitda": "3917000000", "netIncome": "2442000000"}, {"fiscalDateEnding": "2020-08-31", "reportedCurrency": "USD", "grossProfit": "6016000000", "totalRevenue": "8703000000", "costOfRevenue": "2687000000", "costofGoodsAndServicesSold": "1880000000", "operatingIncome": "3211000000", "sellingGeneralAndAdministrative": "2149000000", "researchAndDevelopment": "1589000000", "operatingExpenses": "4276000000", "investmentIncomeNet": "31000000", "netInterestIncome": "-614000000", "interestIncome": "31000000", "interestExpense": "614000000", "nonInterestIncome": "9317000000", "otherNonOperatingIncome": "55000000", "depreciation": "356000000", "depreciationAndAmortization": "345000000", "incomeBeforeTax": "2595000000", "incomeTaxExpense": "344000000", "interestAndDebtExpense": "614000000", "netIncomeFromContinuingOperations": "2953000000", "comprehensiveIncomeNetOfTax": "2630000000", "ebit": "3209000000", "ebitda": "3554000000", "netIncome": "2251000000"}, {"fiscalDateEnding": "2020-05-31", "reportedCurrency": "USD", "grossProfit": "39068000000", "totalRevenue": "39068000000", "costOfRevenue": "2683000000", "costofGoodsAndServicesSold": "1969000000", "operatingIncome": "4308000000", "sellingGeneralAndAdministrative": "2237000000", "researchAndDevelopment": "1479000000", "operatingExpenses": "4407000000", "investmentIncomeNet": "70000000", "netInterestIncome": "-579000000", "interestIncome": "70000000", "interestExpense": "579000000", "nonInterestIncome": "10381000000", "otherNonOperatingIncome": "4000000", "depreciation": "357000000", "depreciationAndAmortization": "365000000", "incomeBeforeTax": "3696000000", "incomeTaxExpense": "580000000", "interestAndDebtExpense": "579000000", "netIncomeFromContinuingOperations": "39068000000", "comprehensiveIncomeNetOfTax": "3079000000", "ebit": "4275000000", "ebitda": "4640000000", "netIncome": "3116000000"}, {"fiscalDateEnding": "2020-02-29", "reportedCurrency": "USD", "grossProfit": "6493000000", "totalRevenue": "9297000000", "costOfRevenue": "2804000000", "costofGoodsAndServicesSold": "1964000000", "operatingIncome": "3528000000", "sellingGeneralAndAdministrative": "2337000000", "researchAndDevelopment": "1500000000", "operatingExpenses": "4304000000", "investmentIncomeNet": "122000000", "netInterestIncome": "-456000000", "interestIncome": "122000000", "interestExpense": "456000000", "nonInterestIncome": "9749000000", "otherNonOperatingIncome": "-43000000", "depreciation": "348000000", "depreciationAndAmortization": "400000000", "incomeBeforeTax": "3076000000", "incomeTaxExpense": "505000000", "interestAndDebtExpense": "456000000", "netIncomeFromContinuingOperations": "3102000000", "comprehensiveIncomeNetOfTax": "2529000000", "ebit": "3532000000", "ebitda": "3932000000", "netIncome": "2571000000"}, {"fiscalDateEnding": "2019-11-30", "reportedCurrency": "USD", "grossProfit": "6275000000", "totalRevenue": "9127000000", "costOfRevenue": "2852000000", "costofGoodsAndServicesSold": "2048000000", "operatingIncome": "3183000000", "sellingGeneralAndAdministrative": "2391000000", "researchAndDevelopment": "1531000000", "operatingExpenses": "4383000000", "investmentIncomeNet": "145000000", "netInterestIncome": "-465000000", "interestIncome": "145000000", "interestExpense": "465000000", "nonInterestIncome": "9588000000", "otherNonOperatingIncome": "19000000", "depreciation": "341000000", "depreciationAndAmortization": "407000000", "incomeBeforeTax": "2810000000", "incomeTaxExpense": "499000000", "interestAndDebtExpense": "465000000", "netIncomeFromContinuingOperations": "2848000000", "comprehensiveIncomeNetOfTax": "2245000000", "ebit": "3275000000", "ebitda": "3682000000", "netIncome": "2311000000"}, {"fiscalDateEnding": "2019-08-31", "reportedCurrency": "USD", "grossProfit": "5846000000", "totalRevenue": "8673000000", "costOfRevenue": "2827000000", "costofGoodsAndServicesSold": "1957000000", "operatingIncome": "2877000000", "sellingGeneralAndAdministrative": "2310000000", "researchAndDevelopment": "1557000000", "operatingExpenses": "4384000000", "investmentIncomeNet": "190000000", "netInterestIncome": "-494000000", "interestIncome": "190000000", "interestExpense": "494000000", "nonInterestIncome": "9163000000", "otherNonOperatingIncome": "4000000", "depreciation": "336000000", "depreciationAndAmortization": "414000000", "incomeBeforeTax": "2482000000", "incomeTaxExpense": "345000000", "interestAndDebtExpense": "494000000", "netIncomeFromContinuingOperations": "2726000000", "comprehensiveIncomeNetOfTax": "2194000000", "ebit": "2976000000", "ebitda": "3390000000", "netIncome": "2137000000"}, {"fiscalDateEnding": "2019-05-31", "reportedCurrency": "USD", "grossProfit": "39506000000", "totalRevenue": "39506000000", "costOfRevenue": "3255000000", "costofGoodsAndServicesSold": "2063000000", "operatingIncome": "4257000000", "sellingGeneralAndAdministrative": "2648000000", "researchAndDevelopment": "1562000000", "operatingExpenses": "5007000000", "investmentIncomeNet": "202000000", "netInterestIncome": "-525000000", "interestIncome": "202000000", "interestExpense": "525000000", "nonInterestIncome": "11094000000", "otherNonOperatingIncome": "21000000", "depreciation": "330000000", "depreciationAndAmortization": "424000000", "incomeBeforeTax": "3866000000", "incomeTaxExpense": "126000000", "interestAndDebtExpense": "525000000", "netIncomeFromContinuingOperations": "39506000000", "comprehensiveIncomeNetOfTax": "3846000000", "ebit": "4391000000", "ebitda": "4815000000", "netIncome": "3740000000"}, {"fiscalDateEnding": "2019-02-28", "reportedCurrency": "USD", "grossProfit": "6279000000", "totalRevenue": "9092000000", "costOfRevenue": "2813000000", "costofGoodsAndServicesSold": "1976000000", "operatingIncome": "3399000000", "sellingGeneralAndAdministrative": "2367000000", "researchAndDevelopment": "1426000000", "operatingExpenses": "4239000000", "investmentIncomeNet": "246000000", "netInterestIncome": "-509000000", "interestIncome": "246000000", "interestExpense": "509000000", "nonInterestIncome": "9601000000", "otherNonOperatingIncome": "0", "depreciation": "334000000", "depreciationAndAmortization": "407000000", "incomeBeforeTax": "3088000000", "incomeTaxExpense": "343000000", "interestAndDebtExpense": "509000000", "netIncomeFromContinuingOperations": "3302000000", "comprehensiveIncomeNetOfTax": "2976000000", "ebit": "3597000000", "ebitda": "4004000000", "netIncome": "2745000000"}, {"fiscalDateEnding": "2018-11-30", "reportedCurrency": "USD", "grossProfit": "6036000000", "totalRevenue": "9021000000", "costOfRevenue": "2985000000", "costofGoodsAndServicesSold": "2001000000", "operatingIncome": "3101000000", "sellingGeneralAndAdministrative": "2400000000", "researchAndDevelopment": "1475000000", "operatingExpenses": "4460000000", "investmentIncomeNet": "296000000", "netInterestIncome": "-519000000", "interestIncome": "None", "interestExpense": "519000000", "nonInterestIncome": "9540000000", "otherNonOperatingIncome": "-50000000", "depreciation": "280000000", "depreciationAndAmortization": "424000000", "incomeBeforeTax": "2774000000", "incomeTaxExpense": "441000000", "interestAndDebtExpense": "519000000", "netIncomeFromContinuingOperations": "2906000000", "comprehensiveIncomeNetOfTax": "2134000000", "ebit": "3293000000", "ebitda": "3717000000", "netIncome": "2333000000"}, {"fiscalDateEnding": "2018-08-31", "reportedCurrency": "USD", "grossProfit": "5458000000", "totalRevenue": "8630000000", "costOfRevenue": "2898000000", "costofGoodsAndServicesSold": "1953000000", "operatingIncome": "2778000000", "sellingGeneralAndAdministrative": "2360000000", "researchAndDevelopment": "1564000000", "operatingExpenses": "4462000000", "investmentIncomeNet": "348000000", "netInterestIncome": "-529000000", "interestIncome": "None", "interestExpense": "529000000", "nonInterestIncome": "9159000000", "otherNonOperatingIncome": "16000000", "depreciation": "286000000", "depreciationAndAmortization": "434000000", "incomeBeforeTax": "2540000000", "incomeTaxExpense": "275000000", "interestAndDebtExpense": "529000000", "netIncomeFromContinuingOperations": "2265000000", "comprehensiveIncomeNetOfTax": "2188000000", "ebit": "3069000000", "ebitda": "3503000000", "netIncome": "2265000000"}, {"fiscalDateEnding": "2018-05-31", "reportedCurrency": "USD", "grossProfit": "6994000000", "totalRevenue": "39383000000", "costOfRevenue": "32389000000", "costofGoodsAndServicesSold": "754000000", "operatingIncome": "4161000000", "sellingGeneralAndAdministrative": "2632000000", "researchAndDevelopment": "1543000000", "operatingExpenses": "4839000000", "investmentIncomeNet": "352000000", "netInterestIncome": "-548000000", "interestIncome": "None", "interestExpense": "548000000", "nonInterestIncome": "-28000000", "otherNonOperatingIncome": "-5000000", "depreciation": "287000000", "depreciationAndAmortization": "415000000", "incomeBeforeTax": "3907000000", "incomeTaxExpense": "631000000", "interestAndDebtExpense": "548000000", "netIncomeFromContinuingOperations": "39383000000", "comprehensiveIncomeNetOfTax": "2918000000", "ebit": "4455000000", "ebitda": "4870000000", "netIncome": "3276000000"}, {"fiscalDateEnding": "2018-02-28", "reportedCurrency": "USD", "grossProfit": "5968000000", "totalRevenue": "9771000000", "costOfRevenue": "3803000000", "costofGoodsAndServicesSold": "712000000", "operatingIncome": "3315000000", "sellingGeneralAndAdministrative": "2373000000", "researchAndDevelopment": "1496000000", "operatingExpenses": "4359000000", "investmentIncomeNet": "313000000", "netInterestIncome": "-533000000", "interestIncome": "None", "interestExpense": "533000000", "nonInterestIncome": "-35000000", "otherNonOperatingIncome": "168000000", "depreciation": "305000000", "depreciationAndAmortization": "394000000", "incomeBeforeTax": "3191000000", "incomeTaxExpense": "7238000000", "interestAndDebtExpense": "533000000", "netIncomeFromContinuingOperations": "-4061000000", "comprehensiveIncomeNetOfTax": "-4429000000", "ebit": "3724000000", "ebitda": "4118000000", "netIncome": "-4047000000"}, {"fiscalDateEnding": "2017-11-30", "reportedCurrency": "USD", "grossProfit": "5818000000", "totalRevenue": "9621000000", "costOfRevenue": "3803000000", "costofGoodsAndServicesSold": "720000000", "operatingIncome": "3039000000", "sellingGeneralAndAdministrative": "2403000000", "researchAndDevelopment": "1473000000", "operatingExpenses": "4587000000", "investmentIncomeNet": "279000000", "netInterestIncome": "-475000000", "interestIncome": "None", "interestExpense": "475000000", "nonInterestIncome": "-7000000", "otherNonOperatingIncome": "15000000", "depreciation": "288000000", "depreciationAndAmortization": "400000000", "incomeBeforeTax": "2826000000", "incomeTaxExpense": "612000000", "interestAndDebtExpense": "475000000", "netIncomeFromContinuingOperations": "2205000000", "comprehensiveIncomeNetOfTax": "2026000000", "ebit": "3301000000", "ebitda": "3701000000", "netIncome": "2214000000"}, {"fiscalDateEnding": "2017-08-31", "reportedCurrency": "USD", "grossProfit": "5432000000", "totalRevenue": "9187000000", "costOfRevenue": "3755000000", "costofGoodsAndServicesSold": "702000000", "operatingIncome": "2749000000", "sellingGeneralAndAdministrative": "2312000000", "researchAndDevelopment": "1572000000", "operatingExpenses": "4433000000", "investmentIncomeNet": "257000000", "netInterestIncome": "-469000000", "interestIncome": "None", "interestExpense": "469000000", "nonInterestIncome": "-4000000", "otherNonOperatingIncome": "13000000", "depreciation": "285000000", "depreciationAndAmortization": "411000000", "incomeBeforeTax": "2500000000", "incomeTaxExpense": "356000000", "interestAndDebtExpense": "469000000", "netIncomeFromContinuingOperations": "2163000000", "comprehensiveIncomeNetOfTax": "2243000000", "ebit": "2969000000", "ebitda": "3380000000", "netIncome": "2144000000"}, {"fiscalDateEnding": "2017-05-31", "reportedCurrency": "USD", "grossProfit": "6815000000", "totalRevenue": "10957000000", "costOfRevenue": "4142000000", "costofGoodsAndServicesSold": "728000000", "operatingIncome": "4277000000", "sellingGeneralAndAdministrative": "2631000000", "researchAndDevelopment": "1602000000", "operatingExpenses": "4945000000", "investmentIncomeNet": "224000000", "netInterestIncome": "-481000000", "interestIncome": "None", "interestExpense": "481000000", "nonInterestIncome": "3000000", "otherNonOperatingIncome": "-25000000", "depreciation": "278000000", "depreciationAndAmortization": "441000000", "incomeBeforeTax": "3924000000", "incomeTaxExpense": "575000000", "interestAndDebtExpense": "481000000", "netIncomeFromContinuingOperations": "3209000000", "comprehensiveIncomeNetOfTax": "3348000000", "ebit": "4405000000", "ebitda": "4846000000", "netIncome": "3349000000"}, {"fiscalDateEnding": "2017-02-28", "reportedCurrency": "USD", "grossProfit": "5582000000", "totalRevenue": "9205000000", "costOfRevenue": "3623000000", "costofGoodsAndServicesSold": "680000000", "operatingIncome": "2959000000", "sellingGeneralAndAdministrative": "2245000000", "researchAndDevelopment": "1521000000", "operatingExpenses": "4354000000", "investmentIncomeNet": "197000000", "netInterestIncome": "-450000000", "interestIncome": "None", "interestExpense": "450000000", "nonInterestIncome": "-94000000", "otherNonOperatingIncome": "32000000", "depreciation": "259000000", "depreciationAndAmortization": "397000000", "incomeBeforeTax": "2698000000", "incomeTaxExpense": "459000000", "interestAndDebtExpense": "450000000", "netIncomeFromContinuingOperations": "2219000000", "comprehensiveIncomeNetOfTax": "2239000000", "ebit": "3148000000", "ebitda": "3545000000", "netIncome": "2239000000"}, {"fiscalDateEnding": "2016-11-30", "reportedCurrency": "USD", "grossProfit": "5508000000", "totalRevenue": "9035000000", "costOfRevenue": "3527000000", "costofGoodsAndServicesSold": "697000000", "operatingIncome": "3037000000", "sellingGeneralAndAdministrative": "2263000000", "researchAndDevelopment": "1510000000", "operatingExpenses": "4201000000", "investmentIncomeNet": "204000000", "netInterestIncome": "-451000000", "interestIncome": "None", "interestExpense": "451000000", "nonInterestIncome": "-54000000", "otherNonOperatingIncome": "5000000", "depreciation": "241000000", "depreciationAndAmortization": "302000000", "incomeBeforeTax": "2685000000", "incomeTaxExpense": "653000000", "interestAndDebtExpense": "451000000", "netIncomeFromContinuingOperations": "1991000000", "comprehensiveIncomeNetOfTax": "2032000000", "ebit": "3136000000", "ebitda": "3438000000", "netIncome": "2032000000"}]}