{"symbol": "PAYC", "annualReports": [{"fiscalDateEnding": "2020-12-31", "reportedCurrency": "USD", "grossProfit": "715876000", "totalRevenue": "839422000", "costOfRevenue": "123546000", "costofGoodsAndServicesSold": "123546000", "operatingIncome": "186123000", "sellingGeneralAndAdministrative": "531765000", "researchAndDevelopment": "90244000", "operatingExpenses": "649614000", "investmentIncomeNet": "None", "netInterestIncome": "-19000", "interestIncome": "None", "interestExpense": "19000", "nonInterestIncome": "839441000", "otherNonOperatingIncome": "-168000", "depreciation": "None", "depreciationAndAmortization": "27605000", "incomeBeforeTax": "185936000", "incomeTaxExpense": "42483000", "interestAndDebtExpense": "1500000", "netIncomeFromContinuingOperations": "143453000", "comprehensiveIncomeNetOfTax": "143453000", "ebit": "185955000", "ebitda": "213560000", "netIncome": "143453000"}, {"fiscalDateEnding": "2019-12-31", "reportedCurrency": "USD", "grossProfit": "625528000", "totalRevenue": "735275000", "costOfRevenue": "109747000", "costofGoodsAndServicesSold": "118047000", "operatingIncome": "226224000", "sellingGeneralAndAdministrative": "401700000", "researchAndDevelopment": "73080000", "operatingExpenses": "496580000", "investmentIncomeNet": "None", "netInterestIncome": "-940000", "interestIncome": "460000", "interestExpense": "940000", "nonInterestIncome": "736215000", "otherNonOperatingIncome": "803000", "depreciation": "None", "depreciationAndAmortization": "21800000", "incomeBeforeTax": "226087000", "incomeTaxExpense": "45511000", "interestAndDebtExpense": "1600000", "netIncomeFromContinuingOperations": "180576000", "comprehensiveIncomeNetOfTax": "180576000", "ebit": "227027000", "ebitda": "248827000", "netIncome": "180576000"}, {"fiscalDateEnding": "2018-12-31", "reportedCurrency": "USD", "grossProfit": "475573000", "totalRevenue": "566336000", "costOfRevenue": "90763000", "costofGoodsAndServicesSold": "97263000", "operatingIncome": "173715000", "sellingGeneralAndAdministrative": "301858000", "researchAndDevelopment": "46247000", "operatingExpenses": "363230000", "investmentIncomeNet": "None", "netInterestIncome": "-766000", "interestIncome": "34000", "interestExpense": "766000", "nonInterestIncome": "566815000", "otherNonOperatingIncome": "1762000", "depreciation": "None", "depreciationAndAmortization": "15125000", "incomeBeforeTax": "174711000", "incomeTaxExpense": "37646000", "interestAndDebtExpense": "1600000", "netIncomeFromContinuingOperations": "137065000", "comprehensiveIncomeNetOfTax": "137065000", "ebit": "175477000", "ebitda": "190602000", "netIncome": "137065000"}, {"fiscalDateEnding": "2017-12-31", "reportedCurrency": "USD", "grossProfit": "361019000", "totalRevenue": "433047000", "costOfRevenue": "72028000", "costofGoodsAndServicesSold": "77028000", "operatingIncome": "129710000", "sellingGeneralAndAdministrative": "231309000", "researchAndDevelopment": "30430000", "operatingExpenses": "322650000", "investmentIncomeNet": "None", "netInterestIncome": "-911000", "interestIncome": "-111000", "interestExpense": "911000", "nonInterestIncome": "-944000", "otherNonOperatingIncome": "-1067000", "depreciation": "None", "depreciationAndAmortization": "9805000", "incomeBeforeTax": "127732000", "incomeTaxExpense": "4246000", "interestAndDebtExpense": "1834000", "netIncomeFromContinuingOperations": "66807000", "comprehensiveIncomeNetOfTax": "66807000", "ebit": "128643000", "ebitda": "138448000", "netIncome": "123486000"}, {"fiscalDateEnding": "2016-12-31", "reportedCurrency": "USD", "grossProfit": "275075000", "totalRevenue": "329141000", "costOfRevenue": "54066000", "costofGoodsAndServicesSold": "58366000", "operatingIncome": "101740000", "sellingGeneralAndAdministrative": "173335000", "researchAndDevelopment": "20966000", "operatingExpenses": "245840000", "investmentIncomeNet": "None", "netInterestIncome": "-1036000", "interestIncome": "-636000", "interestExpense": "1036000", "nonInterestIncome": "64000", "otherNonOperatingIncome": "308000", "depreciation": "None", "depreciationAndAmortization": "7834000", "incomeBeforeTax": "101012000", "incomeTaxExpense": "30591000", "interestAndDebtExpense": "1036000", "netIncomeFromContinuingOperations": "43840000", "comprehensiveIncomeNetOfTax": "43840000", "ebit": "102048000", "ebitda": "109882000", "netIncome": "70421000"}], "quarterlyReports": [{"fiscalDateEnding": "2021-09-30", "reportedCurrency": "USD", "grossProfit": "213114000", "totalRevenue": "255794000", "costOfRevenue": "42680000", "costofGoodsAndServicesSold": "42680000", "operatingIncome": "43305000", "sellingGeneralAndAdministrative": "170209000", "researchAndDevelopment": "31077000", "operatingExpenses": "210693000", "investmentIncomeNet": "None", "netInterestIncome": "-400000", "interestIncome": "None", "interestExpense": "400000", "nonInterestIncome": "256194000", "otherNonOperatingIncome": "244000", "depreciation": "None", "depreciationAndAmortization": "9407000", "incomeBeforeTax": "43549000", "incomeTaxExpense": "13170000", "interestAndDebtExpense": "400000", "netIncomeFromContinuingOperations": "30379000", "comprehensiveIncomeNetOfTax": "30379000", "ebit": "43305000", "ebitda": "53356000", "netIncome": "30379000"}, {"fiscalDateEnding": "2021-06-30", "reportedCurrency": "USD", "grossProfit": "205436000", "totalRevenue": "241846000", "costOfRevenue": "36410000", "costofGoodsAndServicesSold": "36410000", "operatingIncome": "47090000", "sellingGeneralAndAdministrative": "158646000", "researchAndDevelopment": "28224000", "operatingExpenses": "195250000", "investmentIncomeNet": "None", "netInterestIncome": "-300000", "interestIncome": "None", "interestExpense": "300000", "nonInterestIncome": "242146000", "otherNonOperatingIncome": "146000", "depreciation": "None", "depreciationAndAmortization": "8380000", "incomeBeforeTax": "47236000", "incomeTaxExpense": "-5042000", "interestAndDebtExpense": "300000", "netIncomeFromContinuingOperations": "52278000", "comprehensiveIncomeNetOfTax": "52278000", "ebit": "47090000", "ebitda": "55916000", "netIncome": "52278000"}, {"fiscalDateEnding": "2021-03-31", "reportedCurrency": "USD", "grossProfit": "235808000", "totalRevenue": "272081000", "costOfRevenue": "36273000", "costofGoodsAndServicesSold": "36273000", "operatingIncome": "94546000", "sellingGeneralAndAdministrative": "141379000", "researchAndDevelopment": "24711000", "operatingExpenses": "173938000", "investmentIncomeNet": "None", "netInterestIncome": "-409000", "interestIncome": "None", "interestExpense": "409000", "nonInterestIncome": "272490000", "otherNonOperatingIncome": "629000", "depreciation": "None", "depreciationAndAmortization": "7716000", "incomeBeforeTax": "95175000", "incomeTaxExpense": "30559000", "interestAndDebtExpense": "400000", "netIncomeFromContinuingOperations": "64616000", "comprehensiveIncomeNetOfTax": "64616000", "ebit": "94546000", "ebitda": "103300000", "netIncome": "64616000"}, {"fiscalDateEnding": "2020-12-31", "reportedCurrency": "USD", "grossProfit": "220947000", "totalRevenue": "220947000", "costOfRevenue": "33030000", "costofGoodsAndServicesSold": "33030000", "operatingIncome": "36247000", "sellingGeneralAndAdministrative": "151670000", "researchAndDevelopment": "25073000", "operatingExpenses": "184139000", "investmentIncomeNet": "None", "netInterestIncome": "0", "interestIncome": "None", "interestExpense": "0", "nonInterestIncome": "220947000", "otherNonOperatingIncome": "354000", "depreciation": "None", "depreciationAndAmortization": "7396000", "incomeBeforeTax": "36601000", "incomeTaxExpense": "12234000", "interestAndDebtExpense": "400000", "netIncomeFromContinuingOperations": "36247000", "comprehensiveIncomeNetOfTax": "36247000", "ebit": "36601000", "ebitda": "43997000", "netIncome": "24367000"}, {"fiscalDateEnding": "2020-09-30", "reportedCurrency": "USD", "grossProfit": "165220000", "totalRevenue": "196132000", "costOfRevenue": "30912000", "costofGoodsAndServicesSold": "30912000", "operatingIncome": "34036000", "sellingGeneralAndAdministrative": "131584000", "researchAndDevelopment": "21772000", "operatingExpenses": "160506000", "investmentIncomeNet": "None", "netInterestIncome": "-400000", "interestIncome": "-400000", "interestExpense": "0", "nonInterestIncome": "196532000", "otherNonOperatingIncome": "246000", "depreciation": "None", "depreciationAndAmortization": "7150000", "incomeBeforeTax": "34282000", "incomeTaxExpense": "6800000", "interestAndDebtExpense": "400000", "netIncomeFromContinuingOperations": "27482000", "comprehensiveIncomeNetOfTax": "27482000", "ebit": "34282000", "ebitda": "41432000", "netIncome": "27482000"}, {"fiscalDateEnding": "2020-06-30", "reportedCurrency": "USD", "grossProfit": "152026000", "totalRevenue": "181584000", "costOfRevenue": "29558000", "costofGoodsAndServicesSold": "29558000", "operatingIncome": "26576000", "sellingGeneralAndAdministrative": "125453000", "researchAndDevelopment": "21778000", "operatingExpenses": "154005000", "investmentIncomeNet": "None", "netInterestIncome": "-3000", "interestIncome": "None", "interestExpense": "3000", "nonInterestIncome": "181587000", "otherNonOperatingIncome": "162000", "depreciation": "None", "depreciationAndAmortization": "6774000", "incomeBeforeTax": "26735000", "incomeTaxExpense": "-1854000", "interestAndDebtExpense": "400000", "netIncomeFromContinuingOperations": "28589000", "comprehensiveIncomeNetOfTax": "28589000", "ebit": "26738000", "ebitda": "33512000", "netIncome": "28589000"}, {"fiscalDateEnding": "2020-03-31", "reportedCurrency": "USD", "grossProfit": "212306000", "totalRevenue": "242352000", "costOfRevenue": "30046000", "costofGoodsAndServicesSold": "30046000", "operatingIncome": "89264000", "sellingGeneralAndAdministrative": "123058000", "researchAndDevelopment": "21621000", "operatingExpenses": "150964000", "investmentIncomeNet": "None", "netInterestIncome": "-16000", "interestIncome": "1584000", "interestExpense": "16000", "nonInterestIncome": "242368000", "otherNonOperatingIncome": "-930000", "depreciation": "None", "depreciationAndAmortization": "6285000", "incomeBeforeTax": "88318000", "incomeTaxExpense": "25303000", "interestAndDebtExpense": "400000", "netIncomeFromContinuingOperations": "63015000", "comprehensiveIncomeNetOfTax": "63015000", "ebit": "88334000", "ebitda": "94619000", "netIncome": "63015000"}, {"fiscalDateEnding": "2019-12-31", "reportedCurrency": "USD", "grossProfit": "193409000", "totalRevenue": "193409000", "costOfRevenue": "28798000", "costofGoodsAndServicesSold": "37098000", "operatingIncome": "60294000", "sellingGeneralAndAdministrative": "104317000", "researchAndDevelopment": "18211000", "operatingExpenses": "128480000", "investmentIncomeNet": "None", "netInterestIncome": "-146000", "interestIncome": "3054000", "interestExpense": "146000", "nonInterestIncome": "193409000", "otherNonOperatingIncome": "971000", "depreciation": "None", "depreciationAndAmortization": "5952000", "incomeBeforeTax": "61119000", "incomeTaxExpense": "15739000", "interestAndDebtExpense": "500000", "netIncomeFromContinuingOperations": "60294000", "comprehensiveIncomeNetOfTax": "60294000", "ebit": "61265000", "ebitda": "67217000", "netIncome": "45380000"}, {"fiscalDateEnding": "2019-09-30", "reportedCurrency": "USD", "grossProfit": "148354000", "totalRevenue": "174746000", "costOfRevenue": "26392000", "costofGoodsAndServicesSold": "26392000", "operatingIncome": "50556000", "sellingGeneralAndAdministrative": "98058000", "researchAndDevelopment": "19605000", "operatingExpenses": "123328000", "investmentIncomeNet": "None", "netInterestIncome": "-260000", "interestIncome": "-660000", "interestExpense": "260000", "nonInterestIncome": "175006000", "otherNonOperatingIncome": "195000", "depreciation": "None", "depreciationAndAmortization": "5665000", "incomeBeforeTax": "50491000", "incomeTaxExpense": "11339000", "interestAndDebtExpense": "300000", "netIncomeFromContinuingOperations": "39152000", "comprehensiveIncomeNetOfTax": "39152000", "ebit": "50751000", "ebitda": "56416000", "netIncome": "39152000"}, {"fiscalDateEnding": "2019-06-30", "reportedCurrency": "USD", "grossProfit": "143816000", "totalRevenue": "169055000", "costOfRevenue": "25239000", "costofGoodsAndServicesSold": "25239000", "operatingIncome": "52886000", "sellingGeneralAndAdministrative": "91188000", "researchAndDevelopment": "16775000", "operatingExpenses": "113341000", "investmentIncomeNet": "None", "netInterestIncome": "-258000", "interestIncome": "-1934000", "interestExpense": "258000", "nonInterestIncome": "169313000", "otherNonOperatingIncome": "-263000", "depreciation": "None", "depreciationAndAmortization": "5378000", "incomeBeforeTax": "52365000", "incomeTaxExpense": "3603000", "interestAndDebtExpense": "258000", "netIncomeFromContinuingOperations": "48762000", "comprehensiveIncomeNetOfTax": "48762000", "ebit": "52623000", "ebitda": "58001000", "netIncome": "48762000"}, {"fiscalDateEnding": "2019-03-31", "reportedCurrency": "USD", "grossProfit": "169809000", "totalRevenue": "199127000", "costOfRevenue": "29318000", "costofGoodsAndServicesSold": "29318000", "operatingIncome": "62488000", "sellingGeneralAndAdministrative": "108137000", "researchAndDevelopment": "18489000", "operatingExpenses": "131431000", "investmentIncomeNet": "None", "netInterestIncome": "-276000", "interestIncome": "-776000", "interestExpense": "276000", "nonInterestIncome": "199403000", "otherNonOperatingIncome": "-100000", "depreciation": "None", "depreciationAndAmortization": "4805000", "incomeBeforeTax": "62112000", "incomeTaxExpense": "14830000", "interestAndDebtExpense": "276000", "netIncomeFromContinuingOperations": "47282000", "comprehensiveIncomeNetOfTax": "47282000", "ebit": "62388000", "ebitda": "67193000", "netIncome": "47282000"}, {"fiscalDateEnding": "2018-12-31", "reportedCurrency": "USD", "grossProfit": "126230000", "totalRevenue": "150332000", "costOfRevenue": "24102000", "costofGoodsAndServicesSold": "30602000", "operatingIncome": "43413000", "sellingGeneralAndAdministrative": "82817000", "researchAndDevelopment": "12740000", "operatingExpenses": "100030000", "investmentIncomeNet": "None", "netInterestIncome": "-348000", "interestIncome": "None", "interestExpense": "348000", "nonInterestIncome": "150332000", "otherNonOperatingIncome": "-366000", "depreciation": "None", "depreciationAndAmortization": "4473000", "incomeBeforeTax": "42699000", "incomeTaxExpense": "11285000", "interestAndDebtExpense": "1182000", "netIncomeFromContinuingOperations": "43413000", "comprehensiveIncomeNetOfTax": "43413000", "ebit": "43047000", "ebitda": "47520000", "netIncome": "31414000"}, {"fiscalDateEnding": "2018-09-30", "reportedCurrency": "USD", "grossProfit": "111163000", "totalRevenue": "133288000", "costOfRevenue": "22125000", "costofGoodsAndServicesSold": "22125000", "operatingIncome": "36245000", "sellingGeneralAndAdministrative": "74918000", "researchAndDevelopment": "11526000", "operatingExpenses": "90605000", "investmentIncomeNet": "None", "netInterestIncome": "-384000", "interestIncome": "None", "interestExpense": "384000", "nonInterestIncome": "133288000", "otherNonOperatingIncome": "583000", "depreciation": "None", "depreciationAndAmortization": "4161000", "incomeBeforeTax": "36444000", "incomeTaxExpense": "7675000", "interestAndDebtExpense": "384000", "netIncomeFromContinuingOperations": "28769000", "comprehensiveIncomeNetOfTax": "28769000", "ebit": "36828000", "ebitda": "40989000", "netIncome": "28769000"}, {"fiscalDateEnding": "2018-06-30", "reportedCurrency": "USD", "grossProfit": "107869000", "totalRevenue": "128800000", "costOfRevenue": "20931000", "costofGoodsAndServicesSold": "20931000", "operatingIncome": "43037000", "sellingGeneralAndAdministrative": "64832000", "researchAndDevelopment": "10731000", "operatingExpenses": "79022000", "investmentIncomeNet": "None", "netInterestIncome": "-34000", "interestIncome": "None", "interestExpense": "34000", "nonInterestIncome": "128800000", "otherNonOperatingIncome": "515000", "depreciation": "None", "depreciationAndAmortization": "3459000", "incomeBeforeTax": "43518000", "incomeTaxExpense": "7796000", "interestAndDebtExpense": "34000", "netIncomeFromContinuingOperations": "35722000", "comprehensiveIncomeNetOfTax": "35722000", "ebit": "43552000", "ebitda": "47011000", "netIncome": "35722000"}, {"fiscalDateEnding": "2018-03-31", "reportedCurrency": "USD", "grossProfit": "130311000", "totalRevenue": "153916000", "costOfRevenue": "23605000", "costofGoodsAndServicesSold": "23605000", "operatingIncome": "51020000", "sellingGeneralAndAdministrative": "79291000", "researchAndDevelopment": "11250000", "operatingExpenses": "93573000", "investmentIncomeNet": "None", "netInterestIncome": "-406000", "interestIncome": "-406000", "interestExpense": "0", "nonInterestIncome": "154654000", "otherNonOperatingIncome": "1030000", "depreciation": "None", "depreciationAndAmortization": "3032000", "incomeBeforeTax": "52050000", "incomeTaxExpense": "10890000", "interestAndDebtExpense": "406000", "netIncomeFromContinuingOperations": "41160000", "comprehensiveIncomeNetOfTax": "41160000", "ebit": "52050000", "ebitda": "55082000", "netIncome": "41160000"}, {"fiscalDateEnding": "2017-12-31", "reportedCurrency": "USD", "grossProfit": "94845000", "totalRevenue": "114025000", "costOfRevenue": "19180000", "costofGoodsAndServicesSold": "24180000", "operatingIncome": "36401000", "sellingGeneralAndAdministrative": "58444000", "researchAndDevelopment": "7426000", "operatingExpenses": "85573000", "investmentIncomeNet": "None", "netInterestIncome": "-153000", "interestIncome": "None", "interestExpense": "153000", "nonInterestIncome": "-923000", "otherNonOperatingIncome": "-1429000", "depreciation": "None", "depreciationAndAmortization": "2736000", "incomeBeforeTax": "34819000", "incomeTaxExpense": "-14047000", "interestAndDebtExpense": "1076000", "netIncomeFromContinuingOperations": "19434000", "comprehensiveIncomeNetOfTax": "12905000", "ebit": "34972000", "ebitda": "37708000", "netIncome": "48866000"}, {"fiscalDateEnding": "2017-09-30", "reportedCurrency": "USD", "grossProfit": "83461000", "totalRevenue": "101287000", "costOfRevenue": "17826000", "costofGoodsAndServicesSold": "17826000", "operatingIncome": "22007000", "sellingGeneralAndAdministrative": "61454000", "researchAndDevelopment": "8112000", "operatingExpenses": "82539000", "investmentIncomeNet": "None", "netInterestIncome": "-220000", "interestIncome": "None", "interestExpense": "220000", "nonInterestIncome": "101287000", "otherNonOperatingIncome": "118000", "depreciation": "None", "depreciationAndAmortization": "2403000", "incomeBeforeTax": "21905000", "incomeTaxExpense": "995000", "interestAndDebtExpense": "220000", "netIncomeFromContinuingOperations": "14067000", "comprehensiveIncomeNetOfTax": "14067000", "ebit": "22125000", "ebitda": "24528000", "netIncome": "20910000"}, {"fiscalDateEnding": "2017-06-30", "reportedCurrency": "USD", "grossProfit": "80351000", "totalRevenue": "98227000", "costOfRevenue": "17876000", "costofGoodsAndServicesSold": "17876000", "operatingIncome": "18792000", "sellingGeneralAndAdministrative": "61559000", "researchAndDevelopment": "8095000", "operatingExpenses": "81797000", "investmentIncomeNet": "None", "netInterestIncome": "-281000", "interestIncome": "None", "interestExpense": "281000", "nonInterestIncome": "98227000", "otherNonOperatingIncome": "149000", "depreciation": "None", "depreciationAndAmortization": "2440000", "incomeBeforeTax": "18660000", "incomeTaxExpense": "-1356000", "interestAndDebtExpense": "281000", "netIncomeFromContinuingOperations": "14221000", "comprehensiveIncomeNetOfTax": "14221000", "ebit": "18941000", "ebitda": "21381000", "netIncome": "20016000"}, {"fiscalDateEnding": "2017-03-31", "reportedCurrency": "USD", "grossProfit": "102362000", "totalRevenue": "119508000", "costOfRevenue": "17146000", "costofGoodsAndServicesSold": "17146000", "operatingIncome": "52510000", "sellingGeneralAndAdministrative": "49852000", "researchAndDevelopment": "6797000", "operatingExpenses": "72720000", "investmentIncomeNet": "None", "netInterestIncome": "-257000", "interestIncome": "None", "interestExpense": "257000", "nonInterestIncome": "119508000", "otherNonOperatingIncome": "95000", "depreciation": "None", "depreciationAndAmortization": "2226000", "incomeBeforeTax": "52348000", "incomeTaxExpense": "18654000", "interestAndDebtExpense": "257000", "netIncomeFromContinuingOperations": "25614000", "comprehensiveIncomeNetOfTax": "25614000", "ebit": "52605000", "ebitda": "54831000", "netIncome": "33694000"}, {"fiscalDateEnding": "2016-12-31", "reportedCurrency": "USD", "grossProfit": "72328000", "totalRevenue": "87810000", "costOfRevenue": "15482000", "costofGoodsAndServicesSold": "19782000", "operatingIncome": "12681000", "sellingGeneralAndAdministrative": "15878000", "researchAndDevelopment": "6672000", "operatingExpenses": "68281000", "investmentIncomeNet": "None", "netInterestIncome": "-303000", "interestIncome": "None", "interestExpense": "303000", "nonInterestIncome": "294000", "otherNonOperatingIncome": "371000", "depreciation": "None", "depreciationAndAmortization": "2256000", "incomeBeforeTax": "56518000", "incomeTaxExpense": "21304000", "interestAndDebtExpense": "303000", "netIncomeFromContinuingOperations": "12681000", "comprehensiveIncomeNetOfTax": "8633000", "ebit": "56821000", "ebitda": "59077000", "netIncome": "35214000"}]}