{"symbol": "PAYX", "annualReports": [{"fiscalDateEnding": "2021-05-31", "reportedCurrency": "USD", "grossProfit": "2785600000", "totalRevenue": "4056800000", "costOfRevenue": "1271200000", "costofGoodsAndServicesSold": "1271200000", "operatingIncome": "1460700000", "sellingGeneralAndAdministrative": "1324900000", "researchAndDevelopment": "None", "operatingExpenses": "1401500000", "investmentIncomeNet": "None", "netInterestIncome": "23500000", "interestIncome": "59300000", "interestExpense": "35800000", "nonInterestIncome": "3997500000", "otherNonOperatingIncome": "7000000", "depreciation": "123400000", "depreciationAndAmortization": "68600000", "incomeBeforeTax": "1434200000", "incomeTaxExpense": "336700000", "interestAndDebtExpense": "35800000", "netIncomeFromContinuingOperations": "1097500000", "comprehensiveIncomeNetOfTax": "1092800000", "ebit": "1460700000", "ebitda": "1538600000", "netIncome": "1097500000"}, {"fiscalDateEnding": "2020-05-31", "reportedCurrency": "USD", "grossProfit": "2759700000", "totalRevenue": "4040500000", "costOfRevenue": "1280800000", "costofGoodsAndServicesSold": "1280800000", "operatingIncome": "1460500000", "sellingGeneralAndAdministrative": "1299200000", "researchAndDevelopment": "None", "operatingExpenses": "1388900000", "investmentIncomeNet": "None", "netInterestIncome": "48100000", "interestIncome": "86900000", "interestExpense": "38800000", "nonInterestIncome": "3953600000", "otherNonOperatingIncome": "3100000", "depreciation": "127800000", "depreciationAndAmortization": "81900000", "incomeBeforeTax": "1437100000", "incomeTaxExpense": "339000000", "interestAndDebtExpense": "38800000", "netIncomeFromContinuingOperations": "1098100000", "comprehensiveIncomeNetOfTax": "1154500000", "ebit": "1460500000", "ebitda": "1557800000", "netIncome": "1098100000"}, {"fiscalDateEnding": "2019-05-31", "reportedCurrency": "USD", "grossProfit": "2594700000", "totalRevenue": "3772500000", "costOfRevenue": "1177800000", "costofGoodsAndServicesSold": "1177800000", "operatingIncome": "1371300000", "sellingGeneralAndAdministrative": "1223400000", "researchAndDevelopment": "None", "operatingExpenses": "2401200000", "investmentIncomeNet": "None", "netInterestIncome": "63000000", "interestIncome": "80600000", "interestExpense": "17600000", "nonInterestIncome": "3691900000", "otherNonOperatingIncome": "1000000", "depreciation": "125700000", "depreciationAndAmortization": "55800000", "incomeBeforeTax": "1368000000", "incomeTaxExpense": "333600000", "interestAndDebtExpense": "17600000", "netIncomeFromContinuingOperations": "1034400000", "comprehensiveIncomeNetOfTax": "1070700000", "ebit": "1371300000", "ebitda": "1441400000", "netIncome": "1034400000"}, {"fiscalDateEnding": "2018-05-31", "reportedCurrency": "USD", "grossProfit": "2359500000", "totalRevenue": "3377700000", "costOfRevenue": "1018200000", "costofGoodsAndServicesSold": "7900000000", "operatingIncome": "1291500000", "sellingGeneralAndAdministrative": "1068000000", "researchAndDevelopment": "None", "operatingExpenses": "2086200000", "investmentIncomeNet": "None", "netInterestIncome": "59600000", "interestIncome": "63500000", "interestExpense": "3900000", "nonInterestIncome": "3314200000", "otherNonOperatingIncome": "600000", "depreciation": "116900000", "depreciationAndAmortization": "21100000", "incomeBeforeTax": "1239700000", "incomeTaxExpense": "306000000", "interestAndDebtExpense": "3900000", "netIncomeFromContinuingOperations": "933700000", "comprehensiveIncomeNetOfTax": "937900000", "ebit": "1291500000", "ebitda": "1264700000", "netIncome": "933700000"}, {"fiscalDateEnding": "2017-05-31", "reportedCurrency": "USD", "grossProfit": "-3758900000", "totalRevenue": "3153000000", "costOfRevenue": "6910200000", "costofGoodsAndServicesSold": "5900000000", "operatingIncome": "1253900000", "sellingGeneralAndAdministrative": "979700000", "researchAndDevelopment": "None", "operatingExpenses": "1899100000", "investmentIncomeNet": "None", "netInterestIncome": "48100000", "interestIncome": "50600000", "interestExpense": "2500000", "nonInterestIncome": "3102400000", "otherNonOperatingIncome": "None", "depreciation": "108800000", "depreciationAndAmortization": "18100000", "incomeBeforeTax": "1250100000", "incomeTaxExpense": "432800000", "interestAndDebtExpense": "2500000", "netIncomeFromContinuingOperations": "817300000", "comprehensiveIncomeNetOfTax": "817100000", "ebit": "1253900000", "ebitda": "1270700000", "netIncome": "817300000"}], "quarterlyReports": [{"fiscalDateEnding": "2021-08-31", "reportedCurrency": "USD", "grossProfit": "770400000", "totalRevenue": "1082900000", "costOfRevenue": "312500000", "costofGoodsAndServicesSold": "312500000", "operatingIncome": "442900000", "sellingGeneralAndAdministrative": "327500000", "researchAndDevelopment": "None", "operatingExpenses": "338900000", "investmentIncomeNet": "None", "netInterestIncome": "5300000", "interestIncome": "14500000", "interestExpense": "9200000", "nonInterestIncome": "1068400000", "otherNonOperatingIncome": "10000000", "depreciation": "30700000", "depreciationAndAmortization": "15000000", "incomeBeforeTax": "443900000", "incomeTaxExpense": "110300000", "interestAndDebtExpense": "9200000", "netIncomeFromContinuingOperations": "333600000", "comprehensiveIncomeNetOfTax": "326900000", "ebit": "442900000", "ebitda": "468100000", "netIncome": "333600000"}, {"fiscalDateEnding": "2021-05-31", "reportedCurrency": "USD", "grossProfit": "713400000", "totalRevenue": "1029200000", "costOfRevenue": "315800000", "costofGoodsAndServicesSold": "315800000", "operatingIncome": "353800000", "sellingGeneralAndAdministrative": "359600000", "researchAndDevelopment": "None", "operatingExpenses": "371900000", "investmentIncomeNet": "None", "netInterestIncome": "5500000", "interestIncome": "14500000", "interestExpense": "9000000", "nonInterestIncome": "1014700000", "otherNonOperatingIncome": "200000", "depreciation": "31300000", "depreciationAndAmortization": "16100000", "incomeBeforeTax": "345900000", "incomeTaxExpense": "82900000", "interestAndDebtExpense": "9000000", "netIncomeFromContinuingOperations": "263000000", "comprehensiveIncomeNetOfTax": "257600000", "ebit": "353800000", "ebitda": "371000000", "netIncome": "263000000"}, {"fiscalDateEnding": "2021-02-28", "reportedCurrency": "USD", "grossProfit": "783300000", "totalRevenue": "1111700000", "costOfRevenue": "328400000", "costofGoodsAndServicesSold": "328400000", "operatingIncome": "468600000", "sellingGeneralAndAdministrative": "314700000", "researchAndDevelopment": "None", "operatingExpenses": "330700000", "investmentIncomeNet": "None", "netInterestIncome": "6300000", "interestIncome": "15100000", "interestExpense": "8800000", "nonInterestIncome": "1096600000", "otherNonOperatingIncome": "2500000", "depreciation": "30400000", "depreciationAndAmortization": "16000000", "incomeBeforeTax": "462600000", "incomeTaxExpense": "112100000", "interestAndDebtExpense": "8800000", "netIncomeFromContinuingOperations": "350500000", "comprehensiveIncomeNetOfTax": "334600000", "ebit": "468600000", "ebitda": "487400000", "netIncome": "350500000"}, {"fiscalDateEnding": "2020-11-30", "reportedCurrency": "USD", "grossProfit": "663800000", "totalRevenue": "983700000", "costOfRevenue": "319900000", "costofGoodsAndServicesSold": "319900000", "operatingIncome": "354300000", "sellingGeneralAndAdministrative": "309500000", "researchAndDevelopment": "None", "operatingExpenses": "327700000", "investmentIncomeNet": "None", "netInterestIncome": "5800000", "interestIncome": "14800000", "interestExpense": "9000000", "nonInterestIncome": "968900000", "otherNonOperatingIncome": "3800000", "depreciation": "30400000", "depreciationAndAmortization": "18200000", "incomeBeforeTax": "349600000", "incomeTaxExpense": "77200000", "interestAndDebtExpense": "9000000", "netIncomeFromContinuingOperations": "272400000", "comprehensiveIncomeNetOfTax": "266000000", "ebit": "354300000", "ebitda": "376800000", "netIncome": "272400000"}, {"fiscalDateEnding": "2020-08-31", "reportedCurrency": "USD", "grossProfit": "625100000", "totalRevenue": "932200000", "costOfRevenue": "307100000", "costofGoodsAndServicesSold": "307100000", "operatingIncome": "284000000", "sellingGeneralAndAdministrative": "341100000", "researchAndDevelopment": "None", "operatingExpenses": "354900000", "investmentIncomeNet": "None", "netInterestIncome": "5900000", "interestIncome": "14900000", "interestExpense": "9000000", "nonInterestIncome": "917300000", "otherNonOperatingIncome": "500000", "depreciation": "31300000", "depreciationAndAmortization": "18300000", "incomeBeforeTax": "276100000", "incomeTaxExpense": "64500000", "interestAndDebtExpense": "9000000", "netIncomeFromContinuingOperations": "211600000", "comprehensiveIncomeNetOfTax": "234600000", "ebit": "284000000", "ebitda": "303400000", "netIncome": "211600000"}, {"fiscalDateEnding": "2020-05-31", "reportedCurrency": "USD", "grossProfit": "623400000", "totalRevenue": "915100000", "costOfRevenue": "291700000", "costofGoodsAndServicesSold": "291700000", "operatingIncome": "299600000", "sellingGeneralAndAdministrative": "323800000", "researchAndDevelopment": "None", "operatingExpenses": "-575600000", "investmentIncomeNet": "None", "netInterestIncome": "25300000", "interestIncome": "34400000", "interestExpense": "9100000", "nonInterestIncome": "889800000", "otherNonOperatingIncome": "-300000", "depreciation": "32200000", "depreciationAndAmortization": "19500000", "incomeBeforeTax": "291600000", "incomeTaxExpense": "70900000", "interestAndDebtExpense": "9100000", "netIncomeFromContinuingOperations": "220700000", "comprehensiveIncomeNetOfTax": "232000000", "ebit": "299600000", "ebitda": "320200000", "netIncome": "220700000"}, {"fiscalDateEnding": "2020-02-29", "reportedCurrency": "USD", "grossProfit": "802400000", "totalRevenue": "1142700000", "costOfRevenue": "340300000", "costofGoodsAndServicesSold": "340300000", "operatingIncome": "470100000", "sellingGeneralAndAdministrative": "332300000", "researchAndDevelopment": "None", "operatingExpenses": "672600000", "investmentIncomeNet": "None", "netInterestIncome": "11900000", "interestIncome": "21200000", "interestExpense": "9300000", "nonInterestIncome": "1121500000", "otherNonOperatingIncome": "300000", "depreciation": "30700000", "depreciationAndAmortization": "19400000", "incomeBeforeTax": "464200000", "incomeTaxExpense": "109700000", "interestAndDebtExpense": "9300000", "netIncomeFromContinuingOperations": "354500000", "comprehensiveIncomeNetOfTax": "388100000", "ebit": "470100000", "ebitda": "492900000", "netIncome": "354500000"}, {"fiscalDateEnding": "2019-11-30", "reportedCurrency": "USD", "grossProfit": "667300000", "totalRevenue": "990700000", "costOfRevenue": "323400000", "costofGoodsAndServicesSold": "323400000", "operatingIncome": "341700000", "sellingGeneralAndAdministrative": "325600000", "researchAndDevelopment": "None", "operatingExpenses": "649000000", "investmentIncomeNet": "None", "netInterestIncome": "9800000", "interestIncome": "19900000", "interestExpense": "10100000", "nonInterestIncome": "970800000", "otherNonOperatingIncome": "2100000", "depreciation": "33100000", "depreciationAndAmortization": "21900000", "incomeBeforeTax": "337000000", "incomeTaxExpense": "78300000", "interestAndDebtExpense": "10100000", "netIncomeFromContinuingOperations": "258700000", "comprehensiveIncomeNetOfTax": "243800000", "ebit": "341700000", "ebitda": "369000000", "netIncome": "258700000"}, {"fiscalDateEnding": "2019-08-31", "reportedCurrency": "USD", "grossProfit": "666600000", "totalRevenue": "992000000", "costOfRevenue": "325400000", "costofGoodsAndServicesSold": "325400000", "operatingIncome": "349100000", "sellingGeneralAndAdministrative": "317500000", "researchAndDevelopment": "None", "operatingExpenses": "642900000", "investmentIncomeNet": "None", "netInterestIncome": "10200000", "interestIncome": "20500000", "interestExpense": "10300000", "nonInterestIncome": "971500000", "otherNonOperatingIncome": "1000000", "depreciation": "31800000", "depreciationAndAmortization": "21100000", "incomeBeforeTax": "344300000", "incomeTaxExpense": "80100000", "interestAndDebtExpense": "10300000", "netIncomeFromContinuingOperations": "264200000", "comprehensiveIncomeNetOfTax": "290600000", "ebit": "349100000", "ebitda": "375700000", "netIncome": "264200000"}, {"fiscalDateEnding": "2019-05-31", "reportedCurrency": "USD", "grossProfit": "980400000", "totalRevenue": "980400000", "costOfRevenue": "264200000", "costofGoodsAndServicesSold": "322100000", "operatingIncome": "314500000", "sellingGeneralAndAdministrative": "343800000", "researchAndDevelopment": "None", "operatingExpenses": "665900000", "investmentIncomeNet": "None", "netInterestIncome": "22200000", "interestIncome": "31400000", "interestExpense": "9200000", "nonInterestIncome": "958200000", "otherNonOperatingIncome": "1000000", "depreciation": "34000000", "depreciationAndAmortization": "21800000", "incomeBeforeTax": "310500000", "incomeTaxExpense": "80100000", "interestAndDebtExpense": "9200000", "netIncomeFromContinuingOperations": "230400000", "comprehensiveIncomeNetOfTax": "249800000", "ebit": "314500000", "ebitda": "341500000", "netIncome": "230400000"}, {"fiscalDateEnding": "2019-02-28", "reportedCurrency": "USD", "grossProfit": "733700000", "totalRevenue": "1070400000", "costOfRevenue": "336700000", "costofGoodsAndServicesSold": "325300000", "operatingIncome": "429300000", "sellingGeneralAndAdministrative": "315800000", "researchAndDevelopment": "None", "operatingExpenses": "641100000", "investmentIncomeNet": "None", "netInterestIncome": "16300000", "interestIncome": "23000000", "interestExpense": "6700000", "nonInterestIncome": "1047400000", "otherNonOperatingIncome": "-100000", "depreciation": "32100000", "depreciationAndAmortization": "20900000", "incomeBeforeTax": "425600000", "incomeTaxExpense": "101000000", "interestAndDebtExpense": "6700000", "netIncomeFromContinuingOperations": "324600000", "comprehensiveIncomeNetOfTax": "352700000", "ebit": "429300000", "ebitda": "453200000", "netIncome": "324600000"}, {"fiscalDateEnding": "2018-11-30", "reportedCurrency": "USD", "grossProfit": "565500000", "totalRevenue": "858900000", "costOfRevenue": "293400000", "costofGoodsAndServicesSold": "264900000", "operatingIncome": "307200000", "sellingGeneralAndAdministrative": "286800000", "researchAndDevelopment": "None", "operatingExpenses": "551700000", "investmentIncomeNet": "None", "netInterestIncome": "17500000", "interestIncome": "18300000", "interestExpense": "800000", "nonInterestIncome": "840600000", "otherNonOperatingIncome": "100000", "depreciation": "30200000", "depreciationAndAmortization": "6600000", "incomeBeforeTax": "309300000", "incomeTaxExpense": "73500000", "interestAndDebtExpense": "800000", "netIncomeFromContinuingOperations": "235800000", "comprehensiveIncomeNetOfTax": "224200000", "ebit": "307200000", "ebitda": "316700000", "netIncome": "235800000"}, {"fiscalDateEnding": "2018-08-31", "reportedCurrency": "USD", "grossProfit": "579300000", "totalRevenue": "862800000", "costOfRevenue": "283500000", "costofGoodsAndServicesSold": "265500000", "operatingIncome": "320300000", "sellingGeneralAndAdministrative": "277000000", "researchAndDevelopment": "None", "operatingExpenses": "542500000", "investmentIncomeNet": "None", "netInterestIncome": "16200000", "interestIncome": "17100000", "interestExpense": "900000", "nonInterestIncome": "845700000", "otherNonOperatingIncome": "None", "depreciation": "29400000", "depreciationAndAmortization": "6500000", "incomeBeforeTax": "322600000", "incomeTaxExpense": "79000000", "interestAndDebtExpense": "900000", "netIncomeFromContinuingOperations": "243600000", "comprehensiveIncomeNetOfTax": "244000000", "ebit": "320300000", "ebitda": "330000000", "netIncome": "243600000"}, {"fiscalDateEnding": "2018-05-31", "reportedCurrency": "USD", "grossProfit": "871100000", "totalRevenue": "845700000", "costOfRevenue": "215300000", "costofGoodsAndServicesSold": "266300000", "operatingIncome": "302100000", "sellingGeneralAndAdministrative": "278200000", "researchAndDevelopment": "None", "operatingExpenses": "543600000", "investmentIncomeNet": "None", "netInterestIncome": "17700000", "interestIncome": "18400000", "interestExpense": "700000", "nonInterestIncome": "828000000", "otherNonOperatingIncome": "None", "depreciation": "28900000", "depreciationAndAmortization": "6800000", "incomeBeforeTax": "315400000", "incomeTaxExpense": "86900000", "interestAndDebtExpense": "700000", "netIncomeFromContinuingOperations": "228500000", "comprehensiveIncomeNetOfTax": "208200000", "ebit": "302100000", "ebitda": "322900000", "netIncome": "228500000"}, {"fiscalDateEnding": "2018-02-28", "reportedCurrency": "USD", "grossProfit": "558100000", "totalRevenue": "936100000", "costOfRevenue": "308400000", "costofGoodsAndServicesSold": "270700000", "operatingIncome": "369000000", "sellingGeneralAndAdministrative": "294900000", "researchAndDevelopment": "None", "operatingExpenses": "567100000", "investmentIncomeNet": "None", "netInterestIncome": "17000000", "interestIncome": "18100000", "interestExpense": "1100000", "nonInterestIncome": "918000000", "otherNonOperatingIncome": "None", "depreciation": "31500000", "depreciationAndAmortization": "5100000", "incomeBeforeTax": "264500000", "incomeTaxExpense": "4100000", "interestAndDebtExpense": "1100000", "netIncomeFromContinuingOperations": "260400000", "comprehensiveIncomeNetOfTax": "349700000", "ebit": "369000000", "ebitda": "270700000", "netIncome": "260400000"}, {"fiscalDateEnding": "2017-11-30", "reportedCurrency": "USD", "grossProfit": "575600000", "totalRevenue": "803000000", "costOfRevenue": "250900000", "costofGoodsAndServicesSold": "248700000", "operatingIncome": "303100000", "sellingGeneralAndAdministrative": "251300000", "researchAndDevelopment": "None", "operatingExpenses": "499900000", "investmentIncomeNet": "None", "netInterestIncome": "12700000", "interestIncome": "14000000", "interestExpense": "1300000", "nonInterestIncome": "789000000", "otherNonOperatingIncome": "None", "depreciation": "28400000", "depreciationAndAmortization": "5300000", "incomeBeforeTax": "323000000", "incomeTaxExpense": "106000000", "interestAndDebtExpense": "1300000", "netIncomeFromContinuingOperations": "217000000", "comprehensiveIncomeNetOfTax": "165200000", "ebit": "303100000", "ebitda": "329600000", "netIncome": "217000000"}, {"fiscalDateEnding": "2017-08-31", "reportedCurrency": "USD", "grossProfit": "573200000", "totalRevenue": "792900000", "costOfRevenue": "243600000", "costofGoodsAndServicesSold": "232100000", "operatingIncome": "317300000", "sellingGeneralAndAdministrative": "243600000", "researchAndDevelopment": "None", "operatingExpenses": "475600000", "investmentIncomeNet": "None", "netInterestIncome": "12900000", "interestIncome": "13700000", "interestExpense": "800000", "nonInterestIncome": "779200000", "otherNonOperatingIncome": "None", "depreciation": "28100000", "depreciationAndAmortization": "3900000", "incomeBeforeTax": "336800000", "incomeTaxExpense": "109000000", "interestAndDebtExpense": "800000", "netIncomeFromContinuingOperations": "227800000", "comprehensiveIncomeNetOfTax": "214800000", "ebit": "317300000", "ebitda": "341500000", "netIncome": "227800000"}, {"fiscalDateEnding": "2017-05-31", "reportedCurrency": "USD", "grossProfit": "798600000", "totalRevenue": "798600000", "costOfRevenue": "6172900000", "costofGoodsAndServicesSold": "231400000", "operatingIncome": "298900000", "sellingGeneralAndAdministrative": "255900000", "researchAndDevelopment": "None", "operatingExpenses": "487100000", "investmentIncomeNet": "None", "netInterestIncome": "14000000", "interestIncome": "14600000", "interestExpense": "600000", "nonInterestIncome": "None", "otherNonOperatingIncome": "None", "depreciation": "31600000", "depreciationAndAmortization": "4600000", "incomeBeforeTax": "300500000", "incomeTaxExpense": "105200000", "interestAndDebtExpense": "600000", "netIncomeFromContinuingOperations": "195300000", "comprehensiveIncomeNetOfTax": "219700000", "ebit": "298900000", "ebitda": "305700000", "netIncome": "195300000"}, {"fiscalDateEnding": "2017-02-28", "reportedCurrency": "USD", "grossProfit": "538800000", "totalRevenue": "795800000", "costOfRevenue": "257000000", "costofGoodsAndServicesSold": "236800000", "operatingIncome": "306600000", "sellingGeneralAndAdministrative": "252400000", "researchAndDevelopment": "None", "operatingExpenses": "489200000", "investmentIncomeNet": "None", "netInterestIncome": "12600000", "interestIncome": "13200000", "interestExpense": "600000", "nonInterestIncome": "None", "otherNonOperatingIncome": "None", "depreciation": "26400000", "depreciationAndAmortization": "4600000", "incomeBeforeTax": "307800000", "incomeTaxExpense": "105300000", "interestAndDebtExpense": "600000", "netIncomeFromContinuingOperations": "202500000", "comprehensiveIncomeNetOfTax": "223900000", "ebit": "306600000", "ebitda": "313000000", "netIncome": "202500000"}, {"fiscalDateEnding": "2016-11-30", "reportedCurrency": "USD", "grossProfit": "532900000", "totalRevenue": "771400000", "costOfRevenue": "238500000", "costofGoodsAndServicesSold": "226300000", "operatingIncome": "311100000", "sellingGeneralAndAdministrative": "234000000", "researchAndDevelopment": "None", "operatingExpenses": "460300000", "investmentIncomeNet": "None", "netInterestIncome": "10800000", "interestIncome": "11400000", "interestExpense": "600000", "nonInterestIncome": "None", "otherNonOperatingIncome": "None", "depreciation": "25500000", "depreciationAndAmortization": "4500000", "incomeBeforeTax": "312000000", "incomeTaxExpense": "109900000", "interestAndDebtExpense": "600000", "netIncomeFromContinuingOperations": "202100000", "comprehensiveIncomeNetOfTax": "146100000", "ebit": "311100000", "ebitda": "317100000", "netIncome": "202100000"}]}