{"symbol": "PCAR", "annualReports": [{"fiscalDateEnding": "2020-12-31", "reportedCurrency": "USD", "grossProfit": "17618100000", "totalRevenue": "18728500000", "costOfRevenue": "1110400000", "costofGoodsAndServicesSold": "15624600000", "operatingIncome": "16536500000", "sellingGeneralAndAdministrative": "13000000", "researchAndDevelopment": "273900000", "operatingExpenses": "1081600000", "investmentIncomeNet": "35900000", "netInterestIncome": "-100000", "interestIncome": "54100000", "interestExpense": "100000", "nonInterestIncome": "None", "otherNonOperatingIncome": "90000000", "depreciation": "None", "depreciationAndAmortization": "1049000000", "incomeBeforeTax": "1657900000", "incomeTaxExpense": "359500000", "interestAndDebtExpense": "100000", "netIncomeFromContinuingOperations": "1298400000", "comprehensiveIncomeNetOfTax": "1348200000", "ebit": "1658000000", "ebitda": "2707000000", "netIncome": "1298400000"}, {"fiscalDateEnding": "2019-12-31", "reportedCurrency": "USD", "grossProfit": "24484800000", "totalRevenue": "25599700000", "costOfRevenue": "1114900000", "costofGoodsAndServicesSold": "21584300000", "operatingIncome": "23385300000", "sellingGeneralAndAdministrative": "15100000", "researchAndDevelopment": "326600000", "operatingExpenses": "1099500000", "investmentIncomeNet": "82300000", "netInterestIncome": "-100000", "interestIncome": "42000000", "interestExpense": "100000", "nonInterestIncome": "None", "otherNonOperatingIncome": "124300000", "depreciation": "None", "depreciationAndAmortization": "1077300000", "incomeBeforeTax": "3099200000", "incomeTaxExpense": "711300000", "interestAndDebtExpense": "100000", "netIncomeFromContinuingOperations": "2387900000", "comprehensiveIncomeNetOfTax": "2386300000", "ebit": "3099300000", "ebitda": "4176600000", "netIncome": "2387900000"}, {"fiscalDateEnding": "2018-12-31", "reportedCurrency": "USD", "grossProfit": "22374300000", "totalRevenue": "23495700000", "costOfRevenue": "1121400000", "costofGoodsAndServicesSold": "19839900000", "operatingIncome": "21269400000", "sellingGeneralAndAdministrative": "48900000", "researchAndDevelopment": "306100000", "operatingExpenses": "1104900000", "investmentIncomeNet": "60900000", "netInterestIncome": "60800000", "interestIncome": "60800000", "interestExpense": "186900000", "nonInterestIncome": "None", "otherNonOperatingIncome": "121700000", "depreciation": "None", "depreciationAndAmortization": "1054100000", "incomeBeforeTax": "2810200000", "incomeTaxExpense": "615100000", "interestAndDebtExpense": "None", "netIncomeFromContinuingOperations": "2195100000", "comprehensiveIncomeNetOfTax": "1923400000", "ebit": "21269400000", "ebitda": "22323500000", "netIncome": "2195100000"}, {"fiscalDateEnding": "2017-12-31", "reportedCurrency": "USD", "grossProfit": "18281100000", "totalRevenue": "19456400000", "costOfRevenue": "1175300000", "costofGoodsAndServicesSold": "16470800000", "operatingIncome": "17128100000", "sellingGeneralAndAdministrative": "42800000", "researchAndDevelopment": "264700000", "operatingExpenses": "1153000000", "investmentIncomeNet": "35300000", "netInterestIncome": "-5600000", "interestIncome": "-5600000", "interestExpense": "149600000", "nonInterestIncome": "None", "otherNonOperatingIncome": "29700000", "depreciation": "None", "depreciationAndAmortization": "1107500000", "incomeBeforeTax": "2173300000", "incomeTaxExpense": "498100000", "interestAndDebtExpense": "None", "netIncomeFromContinuingOperations": "1675200000", "comprehensiveIncomeNetOfTax": "2009700000", "ebit": "17128100000", "ebitda": "18235600000", "netIncome": "1675200000"}, {"fiscalDateEnding": "2016-12-31", "reportedCurrency": "USD", "grossProfit": "15905600000", "totalRevenue": "17033300000", "costOfRevenue": "1127700000", "costofGoodsAndServicesSold": "14280100000", "operatingIncome": "14796300000", "sellingGeneralAndAdministrative": "112000000", "researchAndDevelopment": "247200000", "operatingExpenses": "1109300000", "investmentIncomeNet": "27600000", "netInterestIncome": "-11600000", "interestIncome": "-11600000", "interestExpense": "127200000", "nonInterestIncome": "None", "otherNonOperatingIncome": "16000000", "depreciation": "None", "depreciationAndAmortization": "993100000", "incomeBeforeTax": "1130400000", "incomeTaxExpense": "608700000", "interestAndDebtExpense": "None", "netIncomeFromContinuingOperations": "521700000", "comprehensiveIncomeNetOfTax": "410600000", "ebit": "14796300000", "ebitda": "15789400000", "netIncome": "521700000"}], "quarterlyReports": [{"fiscalDateEnding": "2021-09-30", "reportedCurrency": "USD", "grossProfit": "4934300000", "totalRevenue": "5146800000", "costOfRevenue": "212500000", "costofGoodsAndServicesSold": "4291700000", "operatingIncome": "4721800000", "sellingGeneralAndAdministrative": "2600000", "researchAndDevelopment": "72500000", "operatingExpenses": "212500000", "investmentIncomeNet": "1600000", "netInterestIncome": "11200000", "interestIncome": "11200000", "interestExpense": "255100000", "nonInterestIncome": "None", "otherNonOperatingIncome": "12800000", "depreciation": "None", "depreciationAndAmortization": "209900000", "incomeBeforeTax": "483300000", "incomeTaxExpense": "105600000", "interestAndDebtExpense": "None", "netIncomeFromContinuingOperations": "377700000", "comprehensiveIncomeNetOfTax": "262100000", "ebit": "4721800000", "ebitda": "4931700000", "netIncome": "377700000"}, {"fiscalDateEnding": "2021-06-30", "reportedCurrency": "USD", "grossProfit": "5610600000", "totalRevenue": "5843900000", "costOfRevenue": "233300000", "costofGoodsAndServicesSold": "4827200000", "operatingIncome": "5377300000", "sellingGeneralAndAdministrative": "2600000", "researchAndDevelopment": "84400000", "operatingExpenses": "233300000", "investmentIncomeNet": "5000000", "netInterestIncome": "17200000", "interestIncome": "17200000", "interestExpense": "37600000", "nonInterestIncome": "None", "otherNonOperatingIncome": "22200000", "depreciation": "None", "depreciationAndAmortization": "230700000", "incomeBeforeTax": "637000000", "incomeTaxExpense": "144100000", "interestAndDebtExpense": "None", "netIncomeFromContinuingOperations": "492900000", "comprehensiveIncomeNetOfTax": "579700000", "ebit": "5377300000", "ebitda": "5608000000", "netIncome": "492900000"}, {"fiscalDateEnding": "2021-03-31", "reportedCurrency": "USD", "grossProfit": "5583300000", "totalRevenue": "5845500000", "costOfRevenue": "262200000", "costofGoodsAndServicesSold": "4804200000", "operatingIncome": "5324800000", "sellingGeneralAndAdministrative": "6800000", "researchAndDevelopment": "80100000", "operatingExpenses": "258500000", "investmentIncomeNet": "4900000", "netInterestIncome": "13200000", "interestIncome": "13200000", "interestExpense": "42000000", "nonInterestIncome": "None", "otherNonOperatingIncome": "18100000", "depreciation": "None", "depreciationAndAmortization": "251700000", "incomeBeforeTax": "607300000", "incomeTaxExpense": "137200000", "interestAndDebtExpense": "None", "netIncomeFromContinuingOperations": "470100000", "comprehensiveIncomeNetOfTax": "404000000", "ebit": "5324800000", "ebitda": "5576500000", "netIncome": "470100000"}, {"fiscalDateEnding": "2020-12-31", "reportedCurrency": "USD", "grossProfit": "5284300000", "totalRevenue": "5568600000", "costOfRevenue": "284300000", "costofGoodsAndServicesSold": "4654800000", "operatingIncome": "5001200000", "sellingGeneralAndAdministrative": "2500000", "researchAndDevelopment": "71700000", "operatingExpenses": "283100000", "investmentIncomeNet": "5700000", "netInterestIncome": "8500000", "interestIncome": "8500000", "interestExpense": "43600000", "nonInterestIncome": "None", "otherNonOperatingIncome": "14200000", "depreciation": "None", "depreciationAndAmortization": "269500000", "incomeBeforeTax": "521800000", "incomeTaxExpense": "116000000", "interestAndDebtExpense": "None", "netIncomeFromContinuingOperations": "405800000", "comprehensiveIncomeNetOfTax": "544500000", "ebit": "5001200000", "ebitda": "5270700000", "netIncome": "405800000"}, {"fiscalDateEnding": "2020-09-30", "reportedCurrency": "USD", "grossProfit": "4667000000", "totalRevenue": "4936000000", "costOfRevenue": "269000000", "costofGoodsAndServicesSold": "4102200000", "operatingIncome": "4398000000", "sellingGeneralAndAdministrative": "2300000", "researchAndDevelopment": "64700000", "operatingExpenses": "269000000", "investmentIncomeNet": "6400000", "netInterestIncome": "13000000", "interestIncome": "13000000", "interestExpense": "45200000", "nonInterestIncome": "None", "otherNonOperatingIncome": "19400000", "depreciation": "None", "depreciationAndAmortization": "266200000", "incomeBeforeTax": "489900000", "incomeTaxExpense": "104400000", "interestAndDebtExpense": "None", "netIncomeFromContinuingOperations": "385500000", "comprehensiveIncomeNetOfTax": "486400000", "ebit": "4398000000", "ebitda": "4664200000", "netIncome": "385500000"}, {"fiscalDateEnding": "2020-06-30", "reportedCurrency": "USD", "grossProfit": "2817400000", "totalRevenue": "3062200000", "costOfRevenue": "244800000", "costofGoodsAndServicesSold": "2555100000", "operatingIncome": "2572600000", "sellingGeneralAndAdministrative": "2500000", "researchAndDevelopment": "66500000", "operatingExpenses": "244800000", "investmentIncomeNet": "9000000", "netInterestIncome": "19500000", "interestIncome": "19500000", "interestExpense": "46900000", "nonInterestIncome": "None", "otherNonOperatingIncome": "28500000", "depreciation": "None", "depreciationAndAmortization": "241300000", "incomeBeforeTax": "184000000", "incomeTaxExpense": "36300000", "interestAndDebtExpense": "None", "netIncomeFromContinuingOperations": "147700000", "comprehensiveIncomeNetOfTax": "241700000", "ebit": "2572600000", "ebitda": "2813900000", "netIncome": "147700000"}, {"fiscalDateEnding": "2020-03-31", "reportedCurrency": "USD", "grossProfit": "4860000000", "totalRevenue": "5161700000", "costOfRevenue": "301700000", "costofGoodsAndServicesSold": "4312500000", "operatingIncome": "4575300000", "sellingGeneralAndAdministrative": "5700000", "researchAndDevelopment": "71000000", "operatingExpenses": "284700000", "investmentIncomeNet": "14800000", "netInterestIncome": "13100000", "interestIncome": "13100000", "interestExpense": "56400000", "nonInterestIncome": "None", "otherNonOperatingIncome": "27900000", "depreciation": "None", "depreciationAndAmortization": "272000000", "incomeBeforeTax": "462200000", "incomeTaxExpense": "102800000", "interestAndDebtExpense": "None", "netIncomeFromContinuingOperations": "359400000", "comprehensiveIncomeNetOfTax": "75600000", "ebit": "4575300000", "ebitda": "4847300000", "netIncome": "359400000"}, {"fiscalDateEnding": "2019-12-31", "reportedCurrency": "USD", "grossProfit": "5819300000", "totalRevenue": "6117200000", "costOfRevenue": "297900000", "costofGoodsAndServicesSold": "5634000000", "operatingIncome": "5525000000", "sellingGeneralAndAdministrative": "2300000", "researchAndDevelopment": "83600000", "operatingExpenses": "294300000", "investmentIncomeNet": "20100000", "netInterestIncome": "10300000", "interestIncome": "10300000", "interestExpense": "57500000", "nonInterestIncome": "None", "otherNonOperatingIncome": "30400000", "depreciation": "None", "depreciationAndAmortization": "284900000", "incomeBeforeTax": "687800000", "incomeTaxExpense": "156500000", "interestAndDebtExpense": "None", "netIncomeFromContinuingOperations": "531300000", "comprehensiveIncomeNetOfTax": "621200000", "ebit": "5525000000", "ebitda": "5809900000", "netIncome": "531300000"}, {"fiscalDateEnding": "2019-09-30", "reportedCurrency": "USD", "grossProfit": "6092900000", "totalRevenue": "6367000000", "costOfRevenue": "274100000", "costofGoodsAndServicesSold": "5206000000", "operatingIncome": "5818800000", "sellingGeneralAndAdministrative": "2000000", "researchAndDevelopment": "82200000", "operatingExpenses": "274100000", "investmentIncomeNet": "21100000", "netInterestIncome": "11600000", "interestIncome": "11600000", "interestExpense": "59600000", "nonInterestIncome": "None", "otherNonOperatingIncome": "32700000", "depreciation": "None", "depreciationAndAmortization": "272100000", "incomeBeforeTax": "777600000", "incomeTaxExpense": "169700000", "interestAndDebtExpense": "None", "netIncomeFromContinuingOperations": "607900000", "comprehensiveIncomeNetOfTax": "480100000", "ebit": "5818800000", "ebitda": "6090900000", "netIncome": "607900000"}, {"fiscalDateEnding": "2019-06-30", "reportedCurrency": "USD", "grossProfit": "6364600000", "totalRevenue": "6627900000", "costOfRevenue": "263300000", "costofGoodsAndServicesSold": "5439800000", "operatingIncome": "6101300000", "sellingGeneralAndAdministrative": "2100000", "researchAndDevelopment": "82500000", "operatingExpenses": "263300000", "investmentIncomeNet": "21800000", "netInterestIncome": "9800000", "interestIncome": "9800000", "interestExpense": "60000000", "nonInterestIncome": "None", "otherNonOperatingIncome": "31600000", "depreciation": "None", "depreciationAndAmortization": "261200000", "incomeBeforeTax": "814400000", "incomeTaxExpense": "194700000", "interestAndDebtExpense": "None", "netIncomeFromContinuingOperations": "619700000", "comprehensiveIncomeNetOfTax": "653000000", "ebit": "6101300000", "ebitda": "6362500000", "netIncome": "619700000"}, {"fiscalDateEnding": "2019-03-31", "reportedCurrency": "USD", "grossProfit": "6217600000", "totalRevenue": "6487600000", "costOfRevenue": "270000000", "costofGoodsAndServicesSold": "5447900000", "operatingIncome": "5949800000", "sellingGeneralAndAdministrative": "8700000", "researchAndDevelopment": "78300000", "operatingExpenses": "267800000", "investmentIncomeNet": "19300000", "netInterestIncome": "10300000", "interestIncome": "10300000", "interestExpense": "53400000", "nonInterestIncome": "None", "otherNonOperatingIncome": "29600000", "depreciation": "None", "depreciationAndAmortization": "259100000", "incomeBeforeTax": "819400000", "incomeTaxExpense": "190400000", "interestAndDebtExpense": "None", "netIncomeFromContinuingOperations": "629000000", "comprehensiveIncomeNetOfTax": "632000000", "ebit": "5949800000", "ebitda": "6208900000", "netIncome": "629000000"}, {"fiscalDateEnding": "2018-12-31", "reportedCurrency": "USD", "grossProfit": "5978600000", "totalRevenue": "6279700000", "costOfRevenue": "301100000", "costofGoodsAndServicesSold": "5317100000", "operatingIncome": "5679200000", "sellingGeneralAndAdministrative": "37800000", "researchAndDevelopment": "80500000", "operatingExpenses": "299400000", "investmentIncomeNet": "19900000", "netInterestIncome": "None", "interestIncome": "None", "interestExpense": "50900000", "nonInterestIncome": "None", "otherNonOperatingIncome": "38200000", "depreciation": "None", "depreciationAndAmortization": "259700000", "incomeBeforeTax": "752400000", "incomeTaxExpense": "174300000", "interestAndDebtExpense": "None", "netIncomeFromContinuingOperations": "578100000", "comprehensiveIncomeNetOfTax": "407800000", "ebit": "5679200000", "ebitda": "5938900000", "netIncome": "578100000"}, {"fiscalDateEnding": "2018-09-30", "reportedCurrency": "USD", "grossProfit": "5502100000", "totalRevenue": "5756800000", "costOfRevenue": "254700000", "costofGoodsAndServicesSold": "4881100000", "operatingIncome": "5247400000", "sellingGeneralAndAdministrative": "2100000", "researchAndDevelopment": "72900000", "operatingExpenses": "254700000", "investmentIncomeNet": "16400000", "netInterestIncome": "None", "interestIncome": "None", "interestExpense": "49000000", "nonInterestIncome": "None", "otherNonOperatingIncome": "23800000", "depreciation": "None", "depreciationAndAmortization": "252600000", "incomeBeforeTax": "668800000", "incomeTaxExpense": "123500000", "interestAndDebtExpense": "None", "netIncomeFromContinuingOperations": "545300000", "comprehensiveIncomeNetOfTax": "544000000", "ebit": "5247400000", "ebitda": "5500000000", "netIncome": "545300000"}, {"fiscalDateEnding": "2018-06-30", "reportedCurrency": "USD", "grossProfit": "5534900000", "totalRevenue": "5805200000", "costOfRevenue": "270300000", "costofGoodsAndServicesSold": "4878500000", "operatingIncome": "5264600000", "sellingGeneralAndAdministrative": "2000000", "researchAndDevelopment": "76700000", "operatingExpenses": "270300000", "investmentIncomeNet": "14600000", "netInterestIncome": "None", "interestIncome": "None", "interestExpense": "45700000", "nonInterestIncome": "None", "otherNonOperatingIncome": "31000000", "depreciation": "None", "depreciationAndAmortization": "268300000", "incomeBeforeTax": "719600000", "incomeTaxExpense": "160000000", "interestAndDebtExpense": "None", "netIncomeFromContinuingOperations": "559600000", "comprehensiveIncomeNetOfTax": "384200000", "ebit": "5264600000", "ebitda": "5532900000", "netIncome": "559600000"}, {"fiscalDateEnding": "2018-03-31", "reportedCurrency": "USD", "grossProfit": "5367600000", "totalRevenue": "5654000000", "costOfRevenue": "286400000", "costofGoodsAndServicesSold": "4763200000", "operatingIncome": "5087100000", "sellingGeneralAndAdministrative": "7000000", "researchAndDevelopment": "76000000", "operatingExpenses": "280500000", "investmentIncomeNet": "10000000", "netInterestIncome": "None", "interestIncome": "None", "interestExpense": "41300000", "nonInterestIncome": "None", "otherNonOperatingIncome": "28700000", "depreciation": "None", "depreciationAndAmortization": "273500000", "incomeBeforeTax": "669400000", "incomeTaxExpense": "157300000", "interestAndDebtExpense": "None", "netIncomeFromContinuingOperations": "512100000", "comprehensiveIncomeNetOfTax": "587400000", "ebit": "5087100000", "ebitda": "5360600000", "netIncome": "512100000"}, {"fiscalDateEnding": "2017-12-31", "reportedCurrency": "USD", "grossProfit": "5121900000", "totalRevenue": "5454600000", "costOfRevenue": "332700000", "costofGoodsAndServicesSold": "4638100000", "operatingIncome": "4794100000", "sellingGeneralAndAdministrative": "31900000", "researchAndDevelopment": "70600000", "operatingExpenses": "327800000", "investmentIncomeNet": "9500000", "netInterestIncome": "None", "interestIncome": "None", "interestExpense": "39800000", "nonInterestIncome": "None", "otherNonOperatingIncome": "7000000", "depreciation": "None", "depreciationAndAmortization": "293200000", "incomeBeforeTax": "604300000", "incomeTaxExpense": "15100000", "interestAndDebtExpense": "None", "netIncomeFromContinuingOperations": "589200000", "comprehensiveIncomeNetOfTax": "611800000", "ebit": "4794100000", "ebitda": "5087300000", "netIncome": "589200000"}, {"fiscalDateEnding": "2017-09-30", "reportedCurrency": "USD", "grossProfit": "4771700000", "totalRevenue": "5059700000", "costOfRevenue": "288000000", "costofGoodsAndServicesSold": "4271300000", "operatingIncome": "4483700000", "sellingGeneralAndAdministrative": "1900000", "researchAndDevelopment": "67000000", "operatingExpenses": "288000000", "investmentIncomeNet": "9000000", "netInterestIncome": "None", "interestIncome": "None", "interestExpense": "38300000", "nonInterestIncome": "None", "otherNonOperatingIncome": "5800000", "depreciation": "None", "depreciationAndAmortization": "286100000", "incomeBeforeTax": "581800000", "incomeTaxExpense": "179100000", "interestAndDebtExpense": "None", "netIncomeFromContinuingOperations": "402700000", "comprehensiveIncomeNetOfTax": "511700000", "ebit": "4483700000", "ebitda": "4769800000", "netIncome": "402700000"}, {"fiscalDateEnding": "2017-06-30", "reportedCurrency": "USD", "grossProfit": "4433300000", "totalRevenue": "4704200000", "costOfRevenue": "270900000", "costofGoodsAndServicesSold": "3965400000", "operatingIncome": "4162400000", "sellingGeneralAndAdministrative": "1900000", "researchAndDevelopment": "66100000", "operatingExpenses": "270900000", "investmentIncomeNet": "8700000", "netInterestIncome": "None", "interestIncome": "None", "interestExpense": "37400000", "nonInterestIncome": "None", "otherNonOperatingIncome": "7200000", "depreciation": "None", "depreciationAndAmortization": "269000000", "incomeBeforeTax": "539000000", "incomeTaxExpense": "166000000", "interestAndDebtExpense": "None", "netIncomeFromContinuingOperations": "373000000", "comprehensiveIncomeNetOfTax": "505800000", "ebit": "4162400000", "ebitda": "4431400000", "netIncome": "373000000"}, {"fiscalDateEnding": "2017-03-31", "reportedCurrency": "USD", "grossProfit": "3954300000", "totalRevenue": "4237900000", "costOfRevenue": "283600000", "costofGoodsAndServicesSold": "3596000000", "operatingIncome": "3676600000", "sellingGeneralAndAdministrative": "18500000", "researchAndDevelopment": "61000000", "operatingExpenses": "277700000", "investmentIncomeNet": "8100000", "netInterestIncome": "None", "interestIncome": "None", "interestExpense": "34100000", "nonInterestIncome": "None", "otherNonOperatingIncome": "9700000", "depreciation": "None", "depreciationAndAmortization": "259200000", "incomeBeforeTax": "448200000", "incomeTaxExpense": "137900000", "interestAndDebtExpense": "None", "netIncomeFromContinuingOperations": "310300000", "comprehensiveIncomeNetOfTax": "380400000", "ebit": "3676600000", "ebitda": "3935800000", "netIncome": "310300000"}, {"fiscalDateEnding": "2016-12-31", "reportedCurrency": "USD", "grossProfit": "3766800000", "totalRevenue": "4070700000", "costOfRevenue": "303900000", "costofGoodsAndServicesSold": "3440600000", "operatingIncome": "3466800000", "sellingGeneralAndAdministrative": "48300000", "researchAndDevelopment": "67600000", "operatingExpenses": "300000000", "investmentIncomeNet": "7000000", "netInterestIncome": "None", "interestIncome": "None", "interestExpense": "32100000", "nonInterestIncome": "None", "otherNonOperatingIncome": "-400000", "depreciation": "None", "depreciationAndAmortization": "247500000", "incomeBeforeTax": "418900000", "incomeTaxExpense": "130100000", "interestAndDebtExpense": "None", "netIncomeFromContinuingOperations": "288800000", "comprehensiveIncomeNetOfTax": "87400000", "ebit": "3466800000", "ebitda": "3714300000", "netIncome": "288800000"}]}