{"symbol": "PENN", "annualReports": [{"fiscalDateEnding": "2020-12-31", "reportedCurrency": "USD", "grossProfit": "1441900000", "totalRevenue": "3578700000", "costOfRevenue": "2136800000", "costofGoodsAndServicesSold": "1868000000", "operatingIncome": "-410200000", "sellingGeneralAndAdministrative": "1130800000", "researchAndDevelopment": "None", "operatingExpenses": "2105000000", "investmentIncomeNet": "900000", "netInterestIncome": "-546300000", "interestIncome": "900000", "interestExpense": "546300000", "nonInterestIncome": "3606700000", "otherNonOperatingIncome": "106600000", "depreciation": "336900000", "depreciationAndAmortization": "366700000", "incomeBeforeTax": "-834600000", "incomeTaxExpense": "-165100000", "interestAndDebtExpense": "547500000", "netIncomeFromContinuingOperations": "-669100000", "comprehensiveIncomeNetOfTax": "-669500000", "ebit": "-288300000", "ebitda": "78400000", "netIncome": "-669500000"}, {"fiscalDateEnding": "2019-12-31", "reportedCurrency": "USD", "grossProfit": "3527100000", "totalRevenue": "5301400000", "costOfRevenue": "1774300000", "costofGoodsAndServicesSold": "2954500000", "operatingIncome": "571900000", "sellingGeneralAndAdministrative": "1187700000", "researchAndDevelopment": "None", "operatingExpenses": "1777500000", "investmentIncomeNet": "1400000", "netInterestIncome": "-535900000", "interestIncome": "1400000", "interestExpense": "535900000", "nonInterestIncome": "5295900000", "otherNonOperatingIncome": "20000000", "depreciation": "381600000", "depreciationAndAmortization": "414200000", "incomeBeforeTax": "86900000", "incomeTaxExpense": "43000000", "interestAndDebtExpense": "535900000", "netIncomeFromContinuingOperations": "43100000", "comprehensiveIncomeNetOfTax": "43900000", "ebit": "622800000", "ebitda": "1037000000", "netIncome": "43900000"}, {"fiscalDateEnding": "2018-12-31", "reportedCurrency": "USD", "grossProfit": "2645431000", "totalRevenue": "3587900000", "costOfRevenue": "942487000", "costofGoodsAndServicesSold": "2047964000", "operatingIncome": "634100000", "sellingGeneralAndAdministrative": "618951000", "researchAndDevelopment": "None", "operatingExpenses": "943355000", "investmentIncomeNet": "1005000", "netInterestIncome": "-539417000", "interestIncome": "-17000", "interestExpense": "539400000", "nonInterestIncome": "3563786000", "otherNonOperatingIncome": "-7100000", "depreciation": "251900000", "depreciationAndAmortization": "269000000", "incomeBeforeTax": "89900000", "incomeTaxExpense": "-3600000", "interestAndDebtExpense": "560381000", "netIncomeFromContinuingOperations": "93514000", "comprehensiveIncomeNetOfTax": "93500000", "ebit": "629300000", "ebitda": "898300000", "netIncome": "93500000"}, {"fiscalDateEnding": "2017-12-31", "reportedCurrency": "USD", "grossProfit": "893294000", "totalRevenue": "3148000000", "costOfRevenue": "2254676000", "costofGoodsAndServicesSold": "1391049000", "operatingIncome": "445700000", "sellingGeneralAndAdministrative": "514776000", "researchAndDevelopment": "None", "operatingExpenses": "2702256000", "investmentIncomeNet": "3552000", "netInterestIncome": "-466761000", "interestIncome": "239000", "interestExpense": "467000000", "nonInterestIncome": "-24135000", "otherNonOperatingIncome": "-2300000", "depreciation": "248200000", "depreciationAndAmortization": "267100000", "incomeBeforeTax": "-25100000", "incomeTaxExpense": "-498500000", "interestAndDebtExpense": "490724000", "netIncomeFromContinuingOperations": "473463000", "comprehensiveIncomeNetOfTax": "476600000", "ebit": "441900000", "ebitda": "709000000", "netIncome": "473400000"}, {"fiscalDateEnding": "2016-12-31", "reportedCurrency": "USD", "grossProfit": "949887000", "totalRevenue": "3034380000", "costOfRevenue": "2084493000", "costofGoodsAndServicesSold": "1350977000", "operatingIncome": "543016000", "sellingGeneralAndAdministrative": "463028000", "researchAndDevelopment": "None", "operatingExpenses": "2491364000", "investmentIncomeNet": "24186000", "netInterestIncome": "-459243000", "interestIncome": "24186000", "interestExpense": "459243000", "nonInterestIncome": "2471000", "otherNonOperatingIncome": "-1679000", "depreciation": "261900000", "depreciationAndAmortization": "271214000", "incomeBeforeTax": "120617000", "incomeTaxExpense": "11307000", "interestAndDebtExpense": "459243000", "netIncomeFromContinuingOperations": "109310000", "comprehensiveIncomeNetOfTax": "109188000", "ebit": "579860000", "ebitda": "851074000", "netIncome": "109310000"}], "quarterlyReports": [{"fiscalDateEnding": "2021-09-30", "reportedCurrency": "USD", "grossProfit": "1051600000", "totalRevenue": "1511800000", "costOfRevenue": "460200000", "costofGoodsAndServicesSold": "812500000", "operatingIncome": "239100000", "sellingGeneralAndAdministrative": "376500000", "researchAndDevelopment": "None", "operatingExpenses": "460500000", "investmentIncomeNet": "300000", "netInterestIncome": "-146100000", "interestIncome": "300000", "interestExpense": "146100000", "nonInterestIncome": "1511500000", "otherNonOperatingIncome": "19200000", "depreciation": "None", "depreciationAndAmortization": "83700000", "incomeBeforeTax": "122500000", "incomeTaxExpense": "36400000", "interestAndDebtExpense": "146100000", "netIncomeFromContinuingOperations": "86100000", "comprehensiveIncomeNetOfTax": "86100000", "ebit": "268600000", "ebitda": "352300000", "netIncome": "86100000"}, {"fiscalDateEnding": "2021-06-30", "reportedCurrency": "USD", "grossProfit": "1147400000", "totalRevenue": "1545800000", "costOfRevenue": "398400000", "costofGoodsAndServicesSold": "769500000", "operatingIncome": "377900000", "sellingGeneralAndAdministrative": "316500000", "researchAndDevelopment": "None", "operatingExpenses": "398300000", "investmentIncomeNet": "200000", "netInterestIncome": "-139100000", "interestIncome": "200000", "interestExpense": "139100000", "nonInterestIncome": "1545900000", "otherNonOperatingIncome": "2800000", "depreciation": "None", "depreciationAndAmortization": "81900000", "incomeBeforeTax": "251800000", "incomeTaxExpense": "53100000", "interestAndDebtExpense": "139100000", "netIncomeFromContinuingOperations": "198700000", "comprehensiveIncomeNetOfTax": "198700000", "ebit": "390900000", "ebitda": "472800000", "netIncome": "198700000"}, {"fiscalDateEnding": "2021-03-31", "reportedCurrency": "USD", "grossProfit": "867400000", "totalRevenue": "1274900000", "costOfRevenue": "407500000", "costofGoodsAndServicesSold": "650900000", "operatingIncome": "216500000", "sellingGeneralAndAdministrative": "326200000", "researchAndDevelopment": "None", "operatingExpenses": "407400000", "investmentIncomeNet": "200000", "netInterestIncome": "-136600000", "interestIncome": "200000", "interestExpense": "136600000", "nonInterestIncome": "1270400000", "otherNonOperatingIncome": "21100000", "depreciation": "None", "depreciationAndAmortization": "81300000", "incomeBeforeTax": "111600000", "incomeTaxExpense": "20600000", "interestAndDebtExpense": "136600000", "netIncomeFromContinuingOperations": "90900000", "comprehensiveIncomeNetOfTax": "91000000", "ebit": "248200000", "ebitda": "329500000", "netIncome": "91000000"}, {"fiscalDateEnding": "2020-12-31", "reportedCurrency": "USD", "grossProfit": "623000000", "totalRevenue": "1027400000", "costOfRevenue": "404400000", "costofGoodsAndServicesSold": "507000000", "operatingIncome": "119600000", "sellingGeneralAndAdministrative": "302100000", "researchAndDevelopment": "None", "operatingExpenses": "406500000", "investmentIncomeNet": "200000", "netInterestIncome": "-136900000", "interestIncome": "200000", "interestExpense": "136900000", "nonInterestIncome": "1021500000", "otherNonOperatingIncome": "31100000", "depreciation": "85900000", "depreciationAndAmortization": "91400000", "incomeBeforeTax": "18200000", "incomeTaxExpense": "7100000", "interestAndDebtExpense": "138100000", "netIncomeFromContinuingOperations": "12700000", "comprehensiveIncomeNetOfTax": "11100000", "ebit": "155100000", "ebitda": "246500000", "netIncome": "11100000"}, {"fiscalDateEnding": "2020-09-30", "reportedCurrency": "USD", "grossProfit": "712000000", "totalRevenue": "1129700000", "costOfRevenue": "417700000", "costofGoodsAndServicesSold": "528200000", "operatingIncome": "196200000", "sellingGeneralAndAdministrative": "317600000", "researchAndDevelopment": "None", "operatingExpenses": "411700000", "investmentIncomeNet": "300000", "netInterestIncome": "-143300000", "interestIncome": "300000", "interestExpense": "143300000", "nonInterestIncome": "1135700000", "otherNonOperatingIncome": "68000000", "depreciation": "79700000", "depreciationAndAmortization": "87700000", "incomeBeforeTax": "127600000", "incomeTaxExpense": "-14300000", "interestAndDebtExpense": "143300000", "netIncomeFromContinuingOperations": "141200000", "comprehensiveIncomeNetOfTax": "141900000", "ebit": "270900000", "ebitda": "358600000", "netIncome": "141900000"}, {"fiscalDateEnding": "2020-06-30", "reportedCurrency": "USD", "grossProfit": "9500000", "totalRevenue": "305500000", "costOfRevenue": "296000000", "costofGoodsAndServicesSold": "174900000", "operatingIncome": "-165400000", "sellingGeneralAndAdministrative": "204100000", "researchAndDevelopment": "None", "operatingExpenses": "267500000", "investmentIncomeNet": "200000", "netInterestIncome": "-135700000", "interestIncome": "200000", "interestExpense": "135700000", "nonInterestIncome": "334000000", "otherNonOperatingIncome": "29300000", "depreciation": "83800000", "depreciationAndAmortization": "91900000", "incomeBeforeTax": "-272300000", "incomeTaxExpense": "-58400000", "interestAndDebtExpense": "135700000", "netIncomeFromContinuingOperations": "-214400000", "comprehensiveIncomeNetOfTax": "-213900000", "ebit": "-136600000", "ebitda": "-44700000", "netIncome": "-213900000"}, {"fiscalDateEnding": "2020-03-31", "reportedCurrency": "USD", "grossProfit": "97400000", "totalRevenue": "1116100000", "costOfRevenue": "1018700000", "costofGoodsAndServicesSold": "657900000", "operatingIncome": "-560600000", "sellingGeneralAndAdministrative": "307000000", "researchAndDevelopment": "None", "operatingExpenses": "1019300000", "investmentIncomeNet": "200000", "netInterestIncome": "-130400000", "interestIncome": "200000", "interestExpense": "130400000", "nonInterestIncome": "1115500000", "otherNonOperatingIncome": "-21800000", "depreciation": "87500000", "depreciationAndAmortization": "95700000", "incomeBeforeTax": "-708100000", "incomeTaxExpense": "-99500000", "interestAndDebtExpense": "130400000", "netIncomeFromContinuingOperations": "-608600000", "comprehensiveIncomeNetOfTax": "-608600000", "ebit": "-577700000", "ebitda": "-482000000", "netIncome": "-608600000"}, {"fiscalDateEnding": "2019-12-31", "reportedCurrency": "USD", "grossProfit": "1170600000", "totalRevenue": "1341200000", "costOfRevenue": "170600000", "costofGoodsAndServicesSold": "754900000", "operatingIncome": "11300000", "sellingGeneralAndAdministrative": "304100000", "researchAndDevelopment": "None", "operatingExpenses": "170600000", "investmentIncomeNet": "200000", "netInterestIncome": "-134100000", "interestIncome": "200000", "interestExpense": "134100000", "nonInterestIncome": "1344000000", "otherNonOperatingIncome": "12800000", "depreciation": "89800000", "depreciationAndAmortization": "97800000", "incomeBeforeTax": "-102500000", "incomeTaxExpense": "-10000000", "interestAndDebtExpense": "134100000", "netIncomeFromContinuingOperations": "11300000", "comprehensiveIncomeNetOfTax": "-92500000", "ebit": "31600000", "ebitda": "129400000", "netIncome": "-92500000"}, {"fiscalDateEnding": "2019-09-30", "reportedCurrency": "USD", "grossProfit": "940000000", "totalRevenue": "1354500000", "costOfRevenue": "414500000", "costofGoodsAndServicesSold": "758700000", "operatingIncome": "179800000", "sellingGeneralAndAdministrative": "309700000", "researchAndDevelopment": "None", "operatingExpenses": "421900000", "investmentIncomeNet": "600000", "netInterestIncome": "-134200000", "interestIncome": "600000", "interestExpense": "134200000", "nonInterestIncome": "1347100000", "otherNonOperatingIncome": "7200000", "depreciation": "97900000", "depreciationAndAmortization": "106300000", "incomeBeforeTax": "63500000", "incomeTaxExpense": "19600000", "interestAndDebtExpense": "134200000", "netIncomeFromContinuingOperations": "43700000", "comprehensiveIncomeNetOfTax": "43900000", "ebit": "197700000", "ebitda": "304000000", "netIncome": "43900000"}, {"fiscalDateEnding": "2019-06-30", "reportedCurrency": "USD", "grossProfit": "930106000", "totalRevenue": "1323100000", "costOfRevenue": "392988000", "costofGoodsAndServicesSold": "731726000", "operatingIncome": "198400000", "sellingGeneralAndAdministrative": "286968000", "researchAndDevelopment": "None", "operatingExpenses": "393359000", "investmentIncomeNet": "257000", "netInterestIncome": "-135039000", "interestIncome": "-39000", "interestExpense": "135000000", "nonInterestIncome": "1322723000", "otherNonOperatingIncome": "0", "depreciation": "97700000", "depreciationAndAmortization": "106000000", "incomeBeforeTax": "70100000", "incomeTaxExpense": "18500000", "interestAndDebtExpense": "135039000", "netIncomeFromContinuingOperations": "51357000", "comprehensiveIncomeNetOfTax": "51600000", "ebit": "205100000", "ebitda": "311100000", "netIncome": "51600000"}, {"fiscalDateEnding": "2019-03-31", "reportedCurrency": "USD", "grossProfit": "891590000", "totalRevenue": "1282600000", "costOfRevenue": "390981000", "costofGoodsAndServicesSold": "709204000", "operatingIncome": "182400000", "sellingGeneralAndAdministrative": "286928000", "researchAndDevelopment": "None", "operatingExpenses": "391503000", "investmentIncomeNet": "319000", "netInterestIncome": "-132587000", "interestIncome": "13000", "interestExpense": "132600000", "nonInterestIncome": "1282049000", "otherNonOperatingIncome": "0", "depreciation": "98300000", "depreciationAndAmortization": "104100000", "incomeBeforeTax": "55800000", "incomeTaxExpense": "14800000", "interestAndDebtExpense": "132587000", "netIncomeFromContinuingOperations": "40987000", "comprehensiveIncomeNetOfTax": "41000000", "ebit": "188400000", "ebitda": "292500000", "netIncome": "41000000"}, {"fiscalDateEnding": "2018-12-31", "reportedCurrency": "USD", "grossProfit": "1120969000", "totalRevenue": "1155300000", "costOfRevenue": "34300000", "costofGoodsAndServicesSold": "663419000", "operatingIncome": "124400000", "sellingGeneralAndAdministrative": "239945000", "researchAndDevelopment": "None", "operatingExpenses": "34300000", "investmentIncomeNet": "269000", "netInterestIncome": "-192960000", "interestIncome": "40000", "interestExpense": "193000000", "nonInterestIncome": "-17200000", "otherNonOperatingIncome": "-5600000", "depreciation": "88000000", "depreciationAndAmortization": "93200000", "incomeBeforeTax": "-85600000", "incomeTaxExpense": "-43600000", "interestAndDebtExpense": "17200000", "netIncomeFromContinuingOperations": "124360000", "comprehensiveIncomeNetOfTax": "-42000000", "ebit": "107400000", "ebitda": "200600000", "netIncome": "-42000000"}, {"fiscalDateEnding": "2018-09-30", "reportedCurrency": "USD", "grossProfit": "602528000", "totalRevenue": "789700000", "costOfRevenue": "187123000", "costofGoodsAndServicesSold": "451872000", "operatingIncome": "155800000", "sellingGeneralAndAdministrative": "125084000", "researchAndDevelopment": "None", "operatingExpenses": "633808000", "investmentIncomeNet": "246000", "netInterestIncome": "-114844000", "interestIncome": "-44000", "interestExpense": "114800000", "nonInterestIncome": "789340000", "otherNonOperatingIncome": "-1400000", "depreciation": "53600000", "depreciationAndAmortization": "56900000", "incomeBeforeTax": "45200000", "incomeTaxExpense": "9100000", "interestAndDebtExpense": "115155000", "netIncomeFromContinuingOperations": "36125000", "comprehensiveIncomeNetOfTax": "36100000", "ebit": "160000000", "ebitda": "216900000", "netIncome": "36100000"}, {"fiscalDateEnding": "2018-06-30", "reportedCurrency": "USD", "grossProfit": "629884000", "totalRevenue": "826900000", "costOfRevenue": "197029000", "costofGoodsAndServicesSold": "470993000", "operatingIncome": "181800000", "sellingGeneralAndAdministrative": "132659000", "researchAndDevelopment": "None", "operatingExpenses": "645158000", "investmentIncomeNet": "241000", "netInterestIncome": "-115873000", "interestIncome": "None", "interestExpense": "115873000", "nonInterestIncome": "824334000", "otherNonOperatingIncome": "-48000", "depreciation": "54434000", "depreciationAndAmortization": "58559000", "incomeBeforeTax": "69230000", "incomeTaxExpense": "15242000", "interestAndDebtExpense": "118452000", "netIncomeFromContinuingOperations": "53988000", "comprehensiveIncomeNetOfTax": "53988000", "ebit": "185103000", "ebitda": "243662000", "netIncome": "53988000"}, {"fiscalDateEnding": "2018-03-31", "reportedCurrency": "USD", "grossProfit": "628339000", "totalRevenue": "816100000", "costOfRevenue": "187746000", "costofGoodsAndServicesSold": "461680000", "operatingIncome": "172100000", "sellingGeneralAndAdministrative": "121263000", "researchAndDevelopment": "None", "operatingExpenses": "643951000", "investmentIncomeNet": "249000", "netInterestIncome": "-115740000", "interestIncome": "None", "interestExpense": "115740000", "nonInterestIncome": "815148000", "otherNonOperatingIncome": "4000", "depreciation": "55900000", "depreciationAndAmortization": "60390000", "incomeBeforeTax": "61126000", "incomeTaxExpense": "15689000", "interestAndDebtExpense": "116622000", "netIncomeFromContinuingOperations": "45437000", "comprehensiveIncomeNetOfTax": "45437000", "ebit": "176866000", "ebitda": "237256000", "netIncome": "45437000"}, {"fiscalDateEnding": "2017-12-31", "reportedCurrency": "USD", "grossProfit": "769036000", "totalRevenue": "769036000", "costOfRevenue": "596196000", "costofGoodsAndServicesSold": "343169000", "operatingIncome": "26775000", "sellingGeneralAndAdministrative": "151664000", "researchAndDevelopment": "None", "operatingExpenses": "742261000", "investmentIncomeNet": "367000", "netInterestIncome": "-116761000", "interestIncome": "239000", "interestExpense": "117000000", "nonInterestIncome": "-642000", "otherNonOperatingIncome": "-98000", "depreciation": "57400000", "depreciationAndAmortization": "61412000", "incomeBeforeTax": "-85919000", "incomeTaxExpense": "252141000", "interestAndDebtExpense": "117334000", "netIncomeFromContinuingOperations": "26775000", "comprehensiveIncomeNetOfTax": "-338414000", "ebit": "31081000", "ebitda": "92493000", "netIncome": "-338060000"}, {"fiscalDateEnding": "2017-09-30", "reportedCurrency": "USD", "grossProfit": "268737000", "totalRevenue": "806247000", "costOfRevenue": "537510000", "costofGoodsAndServicesSold": "357526000", "operatingIncome": "143663000", "sellingGeneralAndAdministrative": "107201000", "researchAndDevelopment": "None", "operatingExpenses": "662584000", "investmentIncomeNet": "304000", "netInterestIncome": "-118236000", "interestIncome": "None", "interestExpense": "118236000", "nonInterestIncome": "-96000", "otherNonOperatingIncome": "-236000", "depreciation": "62100000", "depreciationAndAmortization": "66483000", "incomeBeforeTax": "30276000", "incomeTaxExpense": "-759064000", "interestAndDebtExpense": "118236000", "netIncomeFromContinuingOperations": "789340000", "comprehensiveIncomeNetOfTax": "791176000", "ebit": "148512000", "ebitda": "214995000", "netIncome": "789340000"}, {"fiscalDateEnding": "2017-06-30", "reportedCurrency": "USD", "grossProfit": "240220000", "totalRevenue": "796463000", "costOfRevenue": "556243000", "costofGoodsAndServicesSold": "351543000", "operatingIncome": "134989000", "sellingGeneralAndAdministrative": "130096000", "researchAndDevelopment": "None", "operatingExpenses": "661474000", "investmentIncomeNet": "235000", "netInterestIncome": "-116768000", "interestIncome": "None", "interestExpense": "116768000", "nonInterestIncome": "-52000", "otherNonOperatingIncome": "-173000", "depreciation": "63700000", "depreciationAndAmortization": "68969000", "incomeBeforeTax": "23304000", "incomeTaxExpense": "6225000", "interestAndDebtExpense": "116768000", "netIncomeFromContinuingOperations": "17079000", "comprehensiveIncomeNetOfTax": "18296000", "ebit": "140072000", "ebitda": "209041000", "netIncome": "17079000"}, {"fiscalDateEnding": "2017-03-31", "reportedCurrency": "USD", "grossProfit": "241362000", "totalRevenue": "776224000", "costOfRevenue": "534862000", "costofGoodsAndServicesSold": "338811000", "operatingIncome": "140287000", "sellingGeneralAndAdministrative": "125815000", "researchAndDevelopment": "None", "operatingExpenses": "635937000", "investmentIncomeNet": "2646000", "netInterestIncome": "-114996000", "interestIncome": "None", "interestExpense": "114996000", "nonInterestIncome": "-23345000", "otherNonOperatingIncome": "-1793000", "depreciation": "65000000", "depreciationAndAmortization": "70236000", "incomeBeforeTax": "7302000", "incomeTaxExpense": "2198000", "interestAndDebtExpense": "138386000", "netIncomeFromContinuingOperations": "5104000", "comprehensiveIncomeNetOfTax": "5541000", "ebit": "122298000", "ebitda": "192534000", "netIncome": "5104000"}, {"fiscalDateEnding": "2016-12-31", "reportedCurrency": "USD", "grossProfit": "742910000", "totalRevenue": "742910000", "costOfRevenue": "524253000", "costofGoodsAndServicesSold": "330970000", "operatingIncome": "113848000", "sellingGeneralAndAdministrative": "122174000", "researchAndDevelopment": "None", "operatingExpenses": "629062000", "investmentIncomeNet": "4147000", "netInterestIncome": "-113695000", "interestIncome": "None", "interestExpense": "113695000", "nonInterestIncome": "-969000", "otherNonOperatingIncome": "299000", "depreciation": "65100000", "depreciationAndAmortization": "71109000", "incomeBeforeTax": "7274000", "incomeTaxExpense": "2242000", "interestAndDebtExpense": "113695000", "netIncomeFromContinuingOperations": "113848000", "comprehensiveIncomeNetOfTax": "3850000", "ebit": "120969000", "ebitda": "192078000", "netIncome": "5032000"}]}