{"symbol": "PFE", "annualReports": [{"fiscalDateEnding": "2020-12-31", "reportedCurrency": "USD", "grossProfit": "18171000000", "totalRevenue": "40523000000", "costOfRevenue": "22352000000", "costofGoodsAndServicesSold": "8692000000", "operatingIncome": "-5395000000", "sellingGeneralAndAdministrative": "11615000000", "researchAndDevelopment": "9405000000", "operatingExpenses": "23566000000", "investmentIncomeNet": "73000000", "netInterestIncome": "-1449000000", "interestIncome": "-538000000", "interestExpense": "1449000000", "nonInterestIncome": "41932000000", "otherNonOperatingIncome": "-669000000", "depreciation": "None", "depreciationAndAmortization": "4777000000", "incomeBeforeTax": "10093000000", "incomeTaxExpense": "477000000", "interestAndDebtExpense": "1449000000", "netIncomeFromContinuingOperations": "6985000000", "comprehensiveIncomeNetOfTax": "9639000000", "ebit": "11542000000", "ebitda": "16319000000", "netIncome": "9616000000"}, {"fiscalDateEnding": "2019-12-31", "reportedCurrency": "USD", "grossProfit": "21948000000", "totalRevenue": "50108000000", "costOfRevenue": "28160000000", "costofGoodsAndServicesSold": "8251000000", "operatingIncome": "-5052000000", "sellingGeneralAndAdministrative": "12750000000", "researchAndDevelopment": "8650000000", "operatingExpenses": "27000000000", "investmentIncomeNet": "226000000", "netInterestIncome": "-1574000000", "interestIncome": "-1000000", "interestExpense": "1573000000", "nonInterestIncome": "51637000000", "otherNonOperatingIncome": "-3314000000", "depreciation": "None", "depreciationAndAmortization": "4610000000", "incomeBeforeTax": "16891000000", "incomeTaxExpense": "618000000", "interestAndDebtExpense": "1712000000", "netIncomeFromContinuingOperations": "10838000000", "comprehensiveIncomeNetOfTax": "15908000000", "ebit": "18464000000", "ebitda": "23841000000", "netIncome": "16273000000"}, {"fiscalDateEnding": "2018-12-31", "reportedCurrency": "USD", "grossProfit": "22784000000", "totalRevenue": "52356000000", "costOfRevenue": "29572000000", "costofGoodsAndServicesSold": "8987000000", "operatingIncome": "-3920000000", "sellingGeneralAndAdministrative": "12612000000", "researchAndDevelopment": "8006000000", "operatingExpenses": "26704000000", "investmentIncomeNet": "333000000", "netInterestIncome": "-1316000000", "interestIncome": "333000000", "interestExpense": "1316000000", "nonInterestIncome": "53672000000", "otherNonOperatingIncome": "-2077000000", "depreciation": "None", "depreciationAndAmortization": "4893000000", "incomeBeforeTax": "10887000000", "incomeTaxExpense": "-266000000", "interestAndDebtExpense": "1319000000", "netIncomeFromContinuingOperations": "3825000000", "comprehensiveIncomeNetOfTax": "9198000000", "ebit": "12203000000", "ebitda": "18068000000", "netIncome": "11153000000"}, {"fiscalDateEnding": "2017-12-31", "reportedCurrency": "USD", "grossProfit": "23926000000", "totalRevenue": "50828000000", "costOfRevenue": "26902000000", "costofGoodsAndServicesSold": "11228000000", "operatingIncome": "367000000", "sellingGeneralAndAdministrative": "14804000000", "researchAndDevelopment": "7657000000", "operatingExpenses": "23507000000", "investmentIncomeNet": "391000000", "netInterestIncome": "-1270000000", "interestIncome": "391000000", "interestExpense": "1270000000", "nonInterestIncome": "-947000000", "otherNonOperatingIncome": "-1416000000", "depreciation": "None", "depreciationAndAmortization": "4758000000", "incomeBeforeTax": "12259000000", "incomeTaxExpense": "-9049000000", "interestAndDebtExpense": "2269000000", "netIncomeFromContinuingOperations": "21306000000", "comprehensiveIncomeNetOfTax": "23023000000", "ebit": "13529000000", "ebitda": "18287000000", "netIncome": "21308000000"}, {"fiscalDateEnding": "2016-12-31", "reportedCurrency": "USD", "grossProfit": "22021000000", "totalRevenue": "52231000000", "costOfRevenue": "30210000000", "costofGoodsAndServicesSold": "12322000000", "operatingIncome": "-3732000000", "sellingGeneralAndAdministrative": "14844000000", "researchAndDevelopment": "7872000000", "operatingExpenses": "25753000000", "investmentIncomeNet": "470000000", "netInterestIncome": "-1186000000", "interestIncome": "470000000", "interestExpense": "1186000000", "nonInterestIncome": "-312000000", "otherNonOperatingIncome": "-3794000000", "depreciation": "None", "depreciationAndAmortization": "4056000000", "incomeBeforeTax": "8338000000", "incomeTaxExpense": "1123000000", "interestAndDebtExpense": "1498000000", "netIncomeFromContinuingOperations": "7198000000", "comprehensiveIncomeNetOfTax": "5701000000", "ebit": "9524000000", "ebitda": "13580000000", "netIncome": "7215000000"}], "quarterlyReports": [{"fiscalDateEnding": "2021-09-30", "reportedCurrency": "USD", "grossProfit": "11455000000", "totalRevenue": "23847000000", "costOfRevenue": "12392000000", "costofGoodsAndServicesSold": "9973000000", "operatingIncome": "4420000000", "sellingGeneralAndAdministrative": "2905000000", "researchAndDevelopment": "3447000000", "operatingExpenses": "7035000000", "investmentIncomeNet": "10000000", "netInterestIncome": "-325000000", "interestIncome": "10000000", "interestExpense": "325000000", "nonInterestIncome": "24172000000", "otherNonOperatingIncome": "1696000000", "depreciation": "None", "depreciationAndAmortization": "1360000000", "incomeBeforeTax": "7815000000", "incomeTaxExpense": "-331000000", "interestAndDebtExpense": "325000000", "netIncomeFromContinuingOperations": "8155000000", "comprehensiveIncomeNetOfTax": "7256000000", "ebit": "8140000000", "ebitda": "9739000000", "netIncome": "8146000000"}, {"fiscalDateEnding": "2021-06-30", "reportedCurrency": "USD", "grossProfit": "8898000000", "totalRevenue": "18637000000", "costOfRevenue": "9739000000", "costofGoodsAndServicesSold": "7049000000", "operatingIncome": "3201000000", "sellingGeneralAndAdministrative": "2928000000", "researchAndDevelopment": "2459000000", "operatingExpenses": "5697000000", "investmentIncomeNet": "13000000", "netInterestIncome": "-316000000", "interestIncome": "637000000", "interestExpense": "316000000", "nonInterestIncome": "18953000000", "otherNonOperatingIncome": "998000000", "depreciation": "None", "depreciationAndAmortization": "1328000000", "incomeBeforeTax": "6606000000", "incomeTaxExpense": "1043000000", "interestAndDebtExpense": "316000000", "netIncomeFromContinuingOperations": "5539000000", "comprehensiveIncomeNetOfTax": "5469000000", "ebit": "6922000000", "ebitda": "7742000000", "netIncome": "5563000000"}, {"fiscalDateEnding": "2021-03-31", "reportedCurrency": "USD", "grossProfit": "7523000000", "totalRevenue": "14274000000", "costOfRevenue": "6751000000", "costofGoodsAndServicesSold": "4211000000", "operatingIncome": "2691000000", "sellingGeneralAndAdministrative": "2783000000", "researchAndDevelopment": "2014000000", "operatingExpenses": "4832000000", "investmentIncomeNet": "None", "netInterestIncome": "-336000000", "interestIncome": "127000000", "interestExpense": "336000000", "nonInterestIncome": "14610000000", "otherNonOperatingIncome": "1004000000", "depreciation": "None", "depreciationAndAmortization": "1226000000", "incomeBeforeTax": "5682000000", "incomeTaxExpense": "805000000", "interestAndDebtExpense": "336000000", "netIncomeFromContinuingOperations": "4868000000", "comprehensiveIncomeNetOfTax": "5523000000", "ebit": "6018000000", "ebitda": "7244000000", "netIncome": "4877000000"}, {"fiscalDateEnding": "2020-12-31", "reportedCurrency": "USD", "grossProfit": "678000000", "totalRevenue": "5724000000", "costOfRevenue": "5046000000", "costofGoodsAndServicesSold": "1504000000", "operatingIncome": "-6368000000", "sellingGeneralAndAdministrative": "2696000000", "researchAndDevelopment": "3189000000", "operatingExpenses": "7046000000", "investmentIncomeNet": "3000000", "netInterestIncome": "-271000000", "interestIncome": "76000000", "interestExpense": "271000000", "nonInterestIncome": "5955000000", "otherNonOperatingIncome": "-162000000", "depreciation": "None", "depreciationAndAmortization": "1046000000", "incomeBeforeTax": "103000000", "incomeTaxExpense": "-491000000", "interestAndDebtExpense": "271000000", "netIncomeFromContinuingOperations": "-2037000000", "comprehensiveIncomeNetOfTax": "1653000000", "ebit": "374000000", "ebitda": "1420000000", "netIncome": "594000000"}, {"fiscalDateEnding": "2020-09-30", "reportedCurrency": "USD", "grossProfit": "5211000000", "totalRevenue": "11713000000", "costOfRevenue": "6502000000", "costofGoodsAndServicesSold": "2007000000", "operatingIncome": "-1104000000", "sellingGeneralAndAdministrative": "2658000000", "researchAndDevelopment": "2360000000", "operatingExpenses": "6315000000", "investmentIncomeNet": "17000000", "netInterestIncome": "-416000000", "interestIncome": "-71000000", "interestExpense": "345000000", "nonInterestIncome": "12129000000", "otherNonOperatingIncome": "-1878000000", "depreciation": "None", "depreciationAndAmortization": "1262000000", "incomeBeforeTax": "2168000000", "incomeTaxExpense": "-347000000", "interestAndDebtExpense": "416000000", "netIncomeFromContinuingOperations": "909000000", "comprehensiveIncomeNetOfTax": "2766000000", "ebit": "2584000000", "ebitda": "3846000000", "netIncome": "1469000000"}, {"fiscalDateEnding": "2020-06-30", "reportedCurrency": "USD", "grossProfit": "5874000000", "totalRevenue": "11428000000", "costOfRevenue": "5554000000", "costofGoodsAndServicesSold": "1826000000", "operatingIncome": "343000000", "sellingGeneralAndAdministrative": "2659000000", "researchAndDevelopment": "2132000000", "operatingExpenses": "5531000000", "investmentIncomeNet": "19000000", "netInterestIncome": "-372000000", "interestIncome": "-5000000", "interestExpense": "367000000", "nonInterestIncome": "11800000000", "otherNonOperatingIncome": "955000000", "depreciation": "None", "depreciationAndAmortization": "1251000000", "incomeBeforeTax": "3945000000", "incomeTaxExpense": "422000000", "interestAndDebtExpense": "372000000", "netIncomeFromContinuingOperations": "2596000000", "comprehensiveIncomeNetOfTax": "3314000000", "ebit": "4317000000", "ebitda": "5568000000", "netIncome": "3489000000"}, {"fiscalDateEnding": "2020-03-31", "reportedCurrency": "USD", "grossProfit": "6407000000", "totalRevenue": "11657000000", "costOfRevenue": "5250000000", "costofGoodsAndServicesSold": "1940000000", "operatingIncome": "1733000000", "sellingGeneralAndAdministrative": "2541000000", "researchAndDevelopment": "1724000000", "operatingExpenses": "4674000000", "investmentIncomeNet": "34000000", "netInterestIncome": "-390000000", "interestIncome": "34000000", "interestExpense": "390000000", "nonInterestIncome": "12047000000", "otherNonOperatingIncome": "-190000000", "depreciation": "None", "depreciationAndAmortization": "1218000000", "incomeBeforeTax": "3714000000", "incomeTaxExpense": "359000000", "interestAndDebtExpense": "390000000", "netIncomeFromContinuingOperations": "2474000000", "comprehensiveIncomeNetOfTax": "1914000000", "ebit": "4104000000", "ebitda": "5484000000", "netIncome": "3355000000"}, {"fiscalDateEnding": "2019-12-31", "reportedCurrency": "USD", "grossProfit": "2168000000", "totalRevenue": "12298000000", "costOfRevenue": "10130000000", "costofGoodsAndServicesSold": "640000000", "operatingIncome": "-8475000000", "sellingGeneralAndAdministrative": "2640000000", "researchAndDevelopment": "2823000000", "operatingExpenses": "10643000000", "investmentIncomeNet": "41000000", "netInterestIncome": "-416000000", "interestIncome": "-1000000", "interestExpense": "415000000", "nonInterestIncome": "12700000000", "otherNonOperatingIncome": "-2777000000", "depreciation": "None", "depreciationAndAmortization": "1384000000", "incomeBeforeTax": "-2284000000", "incomeTaxExpense": "-1948000000", "interestAndDebtExpense": "416000000", "netIncomeFromContinuingOperations": "-5768000000", "comprehensiveIncomeNetOfTax": "-176000000", "ebit": "-1869000000", "ebitda": "282000000", "netIncome": "-336000000"}, {"fiscalDateEnding": "2019-09-30", "reportedCurrency": "USD", "grossProfit": "6113000000", "totalRevenue": "12284000000", "costOfRevenue": "6171000000", "costofGoodsAndServicesSold": "2602000000", "operatingIncome": "210000000", "sellingGeneralAndAdministrative": "3260000000", "researchAndDevelopment": "2283000000", "operatingExpenses": "5903000000", "investmentIncomeNet": "60000000", "netInterestIncome": "-409000000", "interestIncome": "60000000", "interestExpense": "409000000", "nonInterestIncome": "12683000000", "otherNonOperatingIncome": "-319000000", "depreciation": "None", "depreciationAndAmortization": "1553000000", "incomeBeforeTax": "10727000000", "incomeTaxExpense": "3047000000", "interestAndDebtExpense": "409000000", "netIncomeFromContinuingOperations": "7676000000", "comprehensiveIncomeNetOfTax": "7415000000", "ebit": "11136000000", "ebitda": "12689000000", "netIncome": "7680000000"}, {"fiscalDateEnding": "2019-06-30", "reportedCurrency": "USD", "grossProfit": "6961000000", "totalRevenue": "12892000000", "costOfRevenue": "5931000000", "costofGoodsAndServicesSold": "2576000000", "operatingIncome": "1723000000", "sellingGeneralAndAdministrative": "3511000000", "researchAndDevelopment": "1842000000", "operatingExpenses": "5238000000", "investmentIncomeNet": "59000000", "netInterestIncome": "-389000000", "interestIncome": "59000000", "interestExpense": "389000000", "nonInterestIncome": "13270000000", "otherNonOperatingIncome": "-126000000", "depreciation": "None", "depreciationAndAmortization": "1528000000", "incomeBeforeTax": "4131000000", "incomeTaxExpense": "-915000000", "interestAndDebtExpense": "389000000", "netIncomeFromContinuingOperations": "5046000000", "comprehensiveIncomeNetOfTax": "4434000000", "ebit": "4520000000", "ebitda": "6048000000", "netIncome": "5046000000"}, {"fiscalDateEnding": "2019-03-31", "reportedCurrency": "USD", "grossProfit": "6696000000", "totalRevenue": "12624000000", "costOfRevenue": "5928000000", "costofGoodsAndServicesSold": "2433000000", "operatingIncome": "1455000000", "sellingGeneralAndAdministrative": "3339000000", "researchAndDevelopment": "1703000000", "operatingExpenses": "5241000000", "investmentIncomeNet": "66000000", "netInterestIncome": "-361000000", "interestIncome": "-304000000", "interestExpense": "361000000", "nonInterestIncome": "12985000000", "otherNonOperatingIncome": "-92000000", "depreciation": "None", "depreciationAndAmortization": "1545000000", "incomeBeforeTax": "4317000000", "incomeTaxExpense": "433000000", "interestAndDebtExpense": "499000000", "netIncomeFromContinuingOperations": "3884000000", "comprehensiveIncomeNetOfTax": "4236000000", "ebit": "4678000000", "ebitda": "6223000000", "netIncome": "3884000000"}, {"fiscalDateEnding": "2018-12-31", "reportedCurrency": "USD", "grossProfit": "2762000000", "totalRevenue": "13734000000", "costOfRevenue": "10972000000", "costofGoodsAndServicesSold": "814000000", "operatingIncome": "-7824000000", "sellingGeneralAndAdministrative": "2164000000", "researchAndDevelopment": "2457000000", "operatingExpenses": "10586000000", "investmentIncomeNet": "93000000", "netInterestIncome": "-370000000", "interestIncome": "None", "interestExpense": "370000000", "nonInterestIncome": "14104000000", "otherNonOperatingIncome": "-3220000000", "depreciation": "None", "depreciationAndAmortization": "1641000000", "incomeBeforeTax": "-1929000000", "incomeTaxExpense": "-1536000000", "interestAndDebtExpense": "373000000", "netIncomeFromContinuingOperations": "-7712000000", "comprehensiveIncomeNetOfTax": "-1252000000", "ebit": "-1559000000", "ebitda": "1054000000", "netIncome": "-393000000"}, {"fiscalDateEnding": "2018-09-30", "reportedCurrency": "USD", "grossProfit": "6721000000", "totalRevenue": "12926000000", "costOfRevenue": "6205000000", "costofGoodsAndServicesSold": "2694000000", "operatingIncome": "1104000000", "sellingGeneralAndAdministrative": "3494000000", "researchAndDevelopment": "2008000000", "operatingExpenses": "5617000000", "investmentIncomeNet": "82000000", "netInterestIncome": "-310000000", "interestIncome": "None", "interestExpense": "310000000", "nonInterestIncome": "13236000000", "otherNonOperatingIncome": "414000000", "depreciation": "None", "depreciationAndAmortization": "1614000000", "incomeBeforeTax": "4180000000", "incomeTaxExpense": "66000000", "interestAndDebtExpense": "310000000", "netIncomeFromContinuingOperations": "4103000000", "comprehensiveIncomeNetOfTax": "3700000000", "ebit": "4490000000", "ebitda": "6104000000", "netIncome": "4114000000"}, {"fiscalDateEnding": "2018-06-30", "reportedCurrency": "USD", "grossProfit": "6701000000", "totalRevenue": "13159000000", "costOfRevenue": "6458000000", "costofGoodsAndServicesSold": "2916000000", "operatingIncome": "1381000000", "sellingGeneralAndAdministrative": "3542000000", "researchAndDevelopment": "1797000000", "operatingExpenses": "5320000000", "investmentIncomeNet": "80000000", "netInterestIncome": "-326000000", "interestIncome": "None", "interestExpense": "326000000", "nonInterestIncome": "13485000000", "otherNonOperatingIncome": "551000000", "depreciation": "None", "depreciationAndAmortization": "1562000000", "incomeBeforeTax": "4520000000", "incomeTaxExpense": "648000000", "interestAndDebtExpense": "326000000", "netIncomeFromContinuingOperations": "3872000000", "comprehensiveIncomeNetOfTax": "3270000000", "ebit": "4846000000", "ebitda": "6408000000", "netIncome": "3872000000"}, {"fiscalDateEnding": "2018-03-31", "reportedCurrency": "USD", "grossProfit": "6673000000", "totalRevenue": "12609000000", "costOfRevenue": "5936000000", "costofGoodsAndServicesSold": "2563000000", "operatingIncome": "1501000000", "sellingGeneralAndAdministrative": "3412000000", "researchAndDevelopment": "1743000000", "operatingExpenses": "5172000000", "investmentIncomeNet": "77000000", "netInterestIncome": "-310000000", "interestIncome": "None", "interestExpense": "310000000", "nonInterestIncome": "12919000000", "otherNonOperatingIncome": "178000000", "depreciation": "None", "depreciationAndAmortization": "1567000000", "incomeBeforeTax": "4117000000", "incomeTaxExpense": "556000000", "interestAndDebtExpense": "313000000", "netIncomeFromContinuingOperations": "3562000000", "comprehensiveIncomeNetOfTax": "3480000000", "ebit": "4427000000", "ebitda": "5994000000", "netIncome": "3561000000"}, {"fiscalDateEnding": "2017-12-31", "reportedCurrency": "USD", "grossProfit": "4634000000", "totalRevenue": "12828000000", "costOfRevenue": "8194000000", "costofGoodsAndServicesSold": "3256000000", "operatingIncome": "-2745000000", "sellingGeneralAndAdministrative": "4555000000", "researchAndDevelopment": "2290000000", "operatingExpenses": "7327000000", "investmentIncomeNet": "116000000", "netInterestIncome": "-330000000", "interestIncome": "None", "interestExpense": "330000000", "nonInterestIncome": "-39887000000", "otherNonOperatingIncome": "-1351000000", "depreciation": "None", "depreciationAndAmortization": "1574000000", "incomeBeforeTax": "938000000", "incomeTaxExpense": "-11336000000", "interestAndDebtExpense": "1329000000", "netIncomeFromContinuingOperations": "12274000000", "comprehensiveIncomeNetOfTax": "12117000000", "ebit": "1268000000", "ebitda": "2842000000", "netIncome": "12274000000"}, {"fiscalDateEnding": "2017-09-30", "reportedCurrency": "USD", "grossProfit": "6236000000", "totalRevenue": "12871000000", "costOfRevenue": "6635000000", "costofGoodsAndServicesSold": "2844000000", "operatingIncome": "438000000", "sellingGeneralAndAdministrative": "3504000000", "researchAndDevelopment": "1865000000", "operatingExpenses": "5798000000", "investmentIncomeNet": "99000000", "netInterestIncome": "-320000000", "interestIncome": "None", "interestExpense": "320000000", "nonInterestIncome": "13191000000", "otherNonOperatingIncome": "-79000000", "depreciation": "None", "depreciationAndAmortization": "1566000000", "incomeBeforeTax": "3567000000", "incomeTaxExpense": "727000000", "interestAndDebtExpense": "320000000", "netIncomeFromContinuingOperations": "2840000000", "comprehensiveIncomeNetOfTax": "3857000000", "ebit": "3887000000", "ebitda": "5453000000", "netIncome": "2840000000"}, {"fiscalDateEnding": "2017-06-30", "reportedCurrency": "USD", "grossProfit": "6439000000", "totalRevenue": "12584000000", "costOfRevenue": "6145000000", "costofGoodsAndServicesSold": "2660000000", "operatingIncome": "1156000000", "sellingGeneralAndAdministrative": "3430000000", "researchAndDevelopment": "1787000000", "operatingExpenses": "5283000000", "investmentIncomeNet": "94000000", "netInterestIncome": "-312000000", "interestIncome": "None", "interestExpense": "312000000", "nonInterestIncome": "12896000000", "otherNonOperatingIncome": "75000000", "depreciation": "None", "depreciationAndAmortization": "1574000000", "incomeBeforeTax": "3812000000", "incomeTaxExpense": "739000000", "interestAndDebtExpense": "312000000", "netIncomeFromContinuingOperations": "3071000000", "comprehensiveIncomeNetOfTax": "3486000000", "ebit": "4124000000", "ebitda": "5698000000", "netIncome": "3073000000"}, {"fiscalDateEnding": "2017-03-31", "reportedCurrency": "USD", "grossProfit": "6737000000", "totalRevenue": "12604000000", "costOfRevenue": "5867000000", "costofGoodsAndServicesSold": "2468000000", "operatingIncome": "1614000000", "sellingGeneralAndAdministrative": "3315000000", "researchAndDevelopment": "1716000000", "operatingExpenses": "5075000000", "investmentIncomeNet": "81000000", "netInterestIncome": "-309000000", "interestIncome": "None", "interestExpense": "309000000", "nonInterestIncome": "48000000", "otherNonOperatingIncome": "-60000000", "depreciation": "None", "depreciationAndAmortization": "1555000000", "incomeBeforeTax": "3942000000", "incomeTaxExpense": "821000000", "interestAndDebtExpense": "309000000", "netIncomeFromContinuingOperations": "3121000000", "comprehensiveIncomeNetOfTax": "3563000000", "ebit": "4251000000", "ebitda": "5806000000", "netIncome": "3121000000"}, {"fiscalDateEnding": "2016-12-31", "reportedCurrency": "USD", "grossProfit": "-241000000", "totalRevenue": "13229000000", "costOfRevenue": "241000000", "costofGoodsAndServicesSold": "3211000000", "operatingIncome": "-482000000", "sellingGeneralAndAdministrative": "4430000000", "researchAndDevelopment": "2512000000", "operatingExpenses": "241000000", "investmentIncomeNet": "113000000", "netInterestIncome": "-297000000", "interestIncome": "None", "interestExpense": "297000000", "nonInterestIncome": "None", "otherNonOperatingIncome": "-979000000", "depreciation": "None", "depreciationAndAmortization": "1549000000", "incomeBeforeTax": "789000000", "incomeTaxExpense": "14000000", "interestAndDebtExpense": "609000000", "netIncomeFromContinuingOperations": "758000000", "comprehensiveIncomeNetOfTax": "-2046000000", "ebit": "1086000000", "ebitda": "2635000000", "netIncome": "775000000"}]}