{"symbol": "PG", "annualReports": [{"fiscalDateEnding": "2021-06-30", "reportedCurrency": "USD", "grossProfit": "17338000000", "totalRevenue": "76118000000", "costOfRevenue": "58780000000", "costofGoodsAndServicesSold": "37108000000", "operatingIncome": "17986000000", "sellingGeneralAndAdministrative": "21024000000", "researchAndDevelopment": "1900000000", "operatingExpenses": "23556000000", "investmentIncomeNet": "45000000", "netInterestIncome": "-502000000", "interestIncome": "45000000", "interestExpense": "502000000", "nonInterestIncome": "-496000000", "otherNonOperatingIncome": "86000000", "depreciation": "None", "depreciationAndAmortization": "318000000", "incomeBeforeTax": "17569000000", "incomeTaxExpense": "3263000000", "interestAndDebtExpense": "1014000000", "netIncomeFromContinuingOperations": "14352000000", "comprehensiveIncomeNetOfTax": "16727000000", "ebit": "18071000000", "ebitda": "18389000000", "netIncome": "14306000000"}, {"fiscalDateEnding": "2020-06-30", "reportedCurrency": "USD", "grossProfit": "14564000000", "totalRevenue": "70950000000", "costOfRevenue": "56386000000", "costofGoodsAndServicesSold": "35250000000", "operatingIncome": "15706000000", "sellingGeneralAndAdministrative": "19994000000", "researchAndDevelopment": "1800000000", "operatingExpenses": "22943000000", "investmentIncomeNet": "155000000", "netInterestIncome": "-465000000", "interestIncome": "-310000000", "interestExpense": "465000000", "nonInterestIncome": "-7000000", "otherNonOperatingIncome": "438000000", "depreciation": "None", "depreciationAndAmortization": "360000000", "incomeBeforeTax": "15758000000", "incomeTaxExpense": "2731000000", "interestAndDebtExpense": "465000000", "netIncomeFromContinuingOperations": "13103000000", "comprehensiveIncomeNetOfTax": "11798000000", "ebit": "16223000000", "ebitda": "16583000000", "netIncome": "13027000000"}, {"fiscalDateEnding": "2019-06-30", "reportedCurrency": "USD", "grossProfit": "4384000000", "totalRevenue": "67684000000", "costOfRevenue": "63300000000", "costofGoodsAndServicesSold": "34768000000", "operatingIncome": "5487000000", "sellingGeneralAndAdministrative": "19084000000", "researchAndDevelopment": "1900000000", "operatingExpenses": "29754000000", "investmentIncomeNet": "220000000", "netInterestIncome": "-509000000", "interestIncome": "220000000", "interestExpense": "509000000", "nonInterestIncome": "678000000", "otherNonOperatingIncome": "871000000", "depreciation": "None", "depreciationAndAmortization": "349000000", "incomeBeforeTax": "6000000000", "incomeTaxExpense": "2103000000", "interestAndDebtExpense": "509000000", "netIncomeFromContinuingOperations": "3966000000", "comprehensiveIncomeNetOfTax": "4036000000", "ebit": "6509000000", "ebitda": "6858000000", "netIncome": "3897000000"}, {"fiscalDateEnding": "2018-06-30", "reportedCurrency": "USD", "grossProfit": "11663000000", "totalRevenue": "66832000000", "costOfRevenue": "54493000000", "costofGoodsAndServicesSold": "34432000000", "operatingIncome": "13363000000", "sellingGeneralAndAdministrative": "19037000000", "researchAndDevelopment": "1900000000", "operatingExpenses": "21949000000", "investmentIncomeNet": "247000000", "netInterestIncome": "-506000000", "interestIncome": "247000000", "interestExpense": "506000000", "nonInterestIncome": "-170000000", "otherNonOperatingIncome": "222000000", "depreciation": "None", "depreciationAndAmortization": "302000000", "incomeBeforeTax": "13215000000", "incomeTaxExpense": "3465000000", "interestAndDebtExpense": "852000000", "netIncomeFromContinuingOperations": "9861000000", "comprehensiveIncomeNetOfTax": "9633000000", "ebit": "13721000000", "ebitda": "14023000000", "netIncome": "9750000000"}, {"fiscalDateEnding": "2017-06-30", "reportedCurrency": "USD", "grossProfit": "17358000000", "totalRevenue": "65058000000", "costOfRevenue": "52182000000", "costofGoodsAndServicesSold": "32638000000", "operatingIncome": "13766000000", "sellingGeneralAndAdministrative": "18654000000", "researchAndDevelopment": "1900000000", "operatingExpenses": "16057000000", "investmentIncomeNet": "171000000", "netInterestIncome": "-465000000", "interestIncome": "171000000", "interestExpense": "465000000", "nonInterestIncome": "4947000000", "otherNonOperatingIncome": "-215000000", "depreciation": "None", "depreciationAndAmortization": "325000000", "incomeBeforeTax": "18389000000", "incomeTaxExpense": "3063000000", "interestAndDebtExpense": "1008000000", "netIncomeFromContinuingOperations": "10194000000", "comprehensiveIncomeNetOfTax": "16601000000", "ebit": "18854000000", "ebitda": "19179000000", "netIncome": "15326000000"}], "quarterlyReports": [{"fiscalDateEnding": "2021-09-30", "reportedCurrency": "USD", "grossProfit": "4312000000", "totalRevenue": "20338000000", "costOfRevenue": "16026000000", "costofGoodsAndServicesSold": "10365000000", "operatingIncome": "5023000000", "sellingGeneralAndAdministrative": "4950000000", "researchAndDevelopment": "None", "operatingExpenses": "5588000000", "investmentIncomeNet": "11000000", "netInterestIncome": "-109000000", "interestIncome": "-98000000", "interestExpense": "109000000", "nonInterestIncome": "None", "otherNonOperatingIncome": "110000000", "depreciation": "None", "depreciationAndAmortization": "711000000", "incomeBeforeTax": "5021000000", "incomeTaxExpense": "909000000", "interestAndDebtExpense": "109000000", "netIncomeFromContinuingOperations": "4126000000", "comprehensiveIncomeNetOfTax": "3794000000", "ebit": "5130000000", "ebitda": "5841000000", "netIncome": "4112000000"}, {"fiscalDateEnding": "2021-06-30", "reportedCurrency": "USD", "grossProfit": "4917000000", "totalRevenue": "18946000000", "costOfRevenue": "14029000000", "costofGoodsAndServicesSold": "9791000000", "operatingIncome": "3540000000", "sellingGeneralAndAdministrative": "5615000000", "researchAndDevelopment": "None", "operatingExpenses": "6137000000", "investmentIncomeNet": "15000000", "netInterestIncome": "-117000000", "interestIncome": "15000000", "interestExpense": "117000000", "nonInterestIncome": "16000000", "otherNonOperatingIncome": "126000000", "depreciation": "None", "depreciationAndAmortization": "-1707000000", "incomeBeforeTax": "3562000000", "incomeTaxExpense": "656000000", "interestAndDebtExpense": "117000000", "netIncomeFromContinuingOperations": "2908000000", "comprehensiveIncomeNetOfTax": "4651000000", "ebit": "3679000000", "ebitda": "1972000000", "netIncome": "2906000000"}, {"fiscalDateEnding": "2021-03-31", "reportedCurrency": "USD", "grossProfit": "3573000000", "totalRevenue": "18109000000", "costOfRevenue": "14536000000", "costofGoodsAndServicesSold": "8922000000", "operatingIncome": "3785000000", "sellingGeneralAndAdministrative": "5402000000", "researchAndDevelopment": "None", "operatingExpenses": "5614000000", "investmentIncomeNet": "11000000", "netInterestIncome": "-106000000", "interestIncome": "-95000000", "interestExpense": "106000000", "nonInterestIncome": "0", "otherNonOperatingIncome": "187000000", "depreciation": "None", "depreciationAndAmortization": "683000000", "incomeBeforeTax": "3897000000", "incomeTaxExpense": "628000000", "interestAndDebtExpense": "106000000", "netIncomeFromContinuingOperations": "3249000000", "comprehensiveIncomeNetOfTax": "2871000000", "ebit": "4003000000", "ebitda": "4686000000", "netIncome": "3269000000"}, {"fiscalDateEnding": "2020-12-31", "reportedCurrency": "USD", "grossProfit": "5236000000", "totalRevenue": "19745000000", "costOfRevenue": "14509000000", "costofGoodsAndServicesSold": "9253000000", "operatingIncome": "5380000000", "sellingGeneralAndAdministrative": "5112000000", "researchAndDevelopment": "None", "operatingExpenses": "5256000000", "investmentIncomeNet": "9000000", "netInterestIncome": "-143000000", "interestIncome": "9000000", "interestExpense": "143000000", "nonInterestIncome": "None", "otherNonOperatingIncome": "-369000000", "depreciation": "None", "depreciationAndAmortization": "671000000", "incomeBeforeTax": "4844000000", "incomeTaxExpense": "990000000", "interestAndDebtExpense": "143000000", "netIncomeFromContinuingOperations": "3887000000", "comprehensiveIncomeNetOfTax": "4644000000", "ebit": "4987000000", "ebitda": "5658000000", "netIncome": "3854000000"}, {"fiscalDateEnding": "2020-09-30", "reportedCurrency": "USD", "grossProfit": "4588000000", "totalRevenue": "19318000000", "costOfRevenue": "14730000000", "costofGoodsAndServicesSold": "9142000000", "operatingIncome": "5281000000", "sellingGeneralAndAdministrative": "4895000000", "researchAndDevelopment": "None", "operatingExpenses": "5576000000", "investmentIncomeNet": "10000000", "netInterestIncome": "-136000000", "interestIncome": "-126000000", "interestExpense": "136000000", "nonInterestIncome": "None", "otherNonOperatingIncome": "142000000", "depreciation": "None", "depreciationAndAmortization": "671000000", "incomeBeforeTax": "5266000000", "incomeTaxExpense": "989000000", "interestAndDebtExpense": "136000000", "netIncomeFromContinuingOperations": "4308000000", "comprehensiveIncomeNetOfTax": "4561000000", "ebit": "5402000000", "ebitda": "6073000000", "netIncome": "4277000000"}, {"fiscalDateEnding": "2020-06-30", "reportedCurrency": "USD", "grossProfit": "17698000000", "totalRevenue": "17698000000", "costOfRevenue": "12740000000", "costofGoodsAndServicesSold": "8942000000", "operatingIncome": "3481000000", "sellingGeneralAndAdministrative": "5275000000", "researchAndDevelopment": "None", "operatingExpenses": "5594000000", "investmentIncomeNet": "22000000", "netInterestIncome": "-157000000", "interestIncome": "-135000000", "interestExpense": "157000000", "nonInterestIncome": "-7000000", "otherNonOperatingIncome": "115000000", "depreciation": "None", "depreciationAndAmortization": "-1839000000", "incomeBeforeTax": "3475000000", "incomeTaxExpense": "675000000", "interestAndDebtExpense": "157000000", "netIncomeFromContinuingOperations": "3481000000", "comprehensiveIncomeNetOfTax": "2551000000", "ebit": "3632000000", "ebitda": "1793000000", "netIncome": "2800000000"}, {"fiscalDateEnding": "2020-03-31", "reportedCurrency": "USD", "grossProfit": "3144000000", "totalRevenue": "17214000000", "costOfRevenue": "14070000000", "costofGoodsAndServicesSold": "8716000000", "operatingIncome": "3453000000", "sellingGeneralAndAdministrative": "5045000000", "researchAndDevelopment": "None", "operatingExpenses": "5354000000", "investmentIncomeNet": "39000000", "netInterestIncome": "-100000000", "interestIncome": "39000000", "interestExpense": "100000000", "nonInterestIncome": "0", "otherNonOperatingIncome": "106000000", "depreciation": "None", "depreciationAndAmortization": "799000000", "incomeBeforeTax": "3458000000", "incomeTaxExpense": "541000000", "interestAndDebtExpense": "100000000", "netIncomeFromContinuingOperations": "2957000000", "comprehensiveIncomeNetOfTax": "1943000000", "ebit": "3558000000", "ebitda": "4357000000", "netIncome": "2917000000"}, {"fiscalDateEnding": "2019-12-31", "reportedCurrency": "USD", "grossProfit": "4286000000", "totalRevenue": "18240000000", "costOfRevenue": "13954000000", "costofGoodsAndServicesSold": "8869000000", "operatingIncome": "4482000000", "sellingGeneralAndAdministrative": "4889000000", "researchAndDevelopment": "None", "operatingExpenses": "5085000000", "investmentIncomeNet": "36000000", "netInterestIncome": "-100000000", "interestIncome": "36000000", "interestExpense": "100000000", "nonInterestIncome": "None", "otherNonOperatingIncome": "114000000", "depreciation": "None", "depreciationAndAmortization": "677000000", "incomeBeforeTax": "4506000000", "incomeTaxExpense": "789000000", "interestAndDebtExpense": "100000000", "netIncomeFromContinuingOperations": "3743000000", "comprehensiveIncomeNetOfTax": "4073000000", "ebit": "4606000000", "ebitda": "5283000000", "netIncome": "3717000000"}, {"fiscalDateEnding": "2019-09-30", "reportedCurrency": "USD", "grossProfit": "3474000000", "totalRevenue": "17798000000", "costOfRevenue": "14324000000", "costofGoodsAndServicesSold": "8723000000", "operatingIncome": "4290000000", "sellingGeneralAndAdministrative": "4785000000", "researchAndDevelopment": "None", "operatingExpenses": "5599000000", "investmentIncomeNet": "58000000", "netInterestIncome": "-108000000", "interestIncome": "58000000", "interestExpense": "108000000", "nonInterestIncome": "None", "otherNonOperatingIncome": "103000000", "depreciation": "None", "depreciationAndAmortization": "723000000", "incomeBeforeTax": "4319000000", "incomeTaxExpense": "726000000", "interestAndDebtExpense": "108000000", "netIncomeFromContinuingOperations": "3617000000", "comprehensiveIncomeNetOfTax": "3231000000", "ebit": "4427000000", "ebitda": "5150000000", "netIncome": "3593000000"}, {"fiscalDateEnding": "2019-06-30", "reportedCurrency": "USD", "grossProfit": "17094000000", "totalRevenue": "17094000000", "costOfRevenue": "20955000000", "costofGoodsAndServicesSold": "8938000000", "operatingIncome": "-5192000000", "sellingGeneralAndAdministrative": "5003000000", "researchAndDevelopment": "None", "operatingExpenses": "13609000000", "investmentIncomeNet": "52000000", "netInterestIncome": "-111000000", "interestIncome": "52000000", "interestExpense": "111000000", "nonInterestIncome": "None", "otherNonOperatingIncome": "186000000", "depreciation": "None", "depreciationAndAmortization": "-1655000000", "incomeBeforeTax": "-5069000000", "incomeTaxExpense": "172000000", "interestAndDebtExpense": "111000000", "netIncomeFromContinuingOperations": "-5192000000", "comprehensiveIncomeNetOfTax": "-5209000000", "ebit": "-4958000000", "ebitda": "-6613000000", "netIncome": "-5241000000"}, {"fiscalDateEnding": "2019-03-31", "reportedCurrency": "USD", "grossProfit": "3015000000", "totalRevenue": "16462000000", "costOfRevenue": "13447000000", "costofGoodsAndServicesSold": "8427000000", "operatingIncome": "3229000000", "sellingGeneralAndAdministrative": "4806000000", "researchAndDevelopment": "None", "operatingExpenses": "5020000000", "investmentIncomeNet": "52000000", "netInterestIncome": "-131000000", "interestIncome": "-79000000", "interestExpense": "131000000", "nonInterestIncome": "None", "otherNonOperatingIncome": "128000000", "depreciation": "None", "depreciationAndAmortization": "711000000", "incomeBeforeTax": "3247000000", "incomeTaxExpense": "502000000", "interestAndDebtExpense": "131000000", "netIncomeFromContinuingOperations": "2776000000", "comprehensiveIncomeNetOfTax": "2933000000", "ebit": "3378000000", "ebitda": "4089000000", "netIncome": "2745000000"}, {"fiscalDateEnding": "2018-12-31", "reportedCurrency": "USD", "grossProfit": "3638000000", "totalRevenue": "17438000000", "costOfRevenue": "13800000000", "costofGoodsAndServicesSold": "8919000000", "operatingIncome": "3896000000", "sellingGeneralAndAdministrative": "4623000000", "researchAndDevelopment": "None", "operatingExpenses": "4881000000", "investmentIncomeNet": "63000000", "netInterestIncome": "-138000000", "interestIncome": "None", "interestExpense": "138000000", "nonInterestIncome": "None", "otherNonOperatingIncome": "95000000", "depreciation": "None", "depreciationAndAmortization": "650000000", "incomeBeforeTax": "3894000000", "incomeTaxExpense": "700000000", "interestAndDebtExpense": "138000000", "netIncomeFromContinuingOperations": "3216000000", "comprehensiveIncomeNetOfTax": "3171000000", "ebit": "4032000000", "ebitda": "4682000000", "netIncome": "3194000000"}, {"fiscalDateEnding": "2018-09-30", "reportedCurrency": "USD", "grossProfit": "2774000000", "totalRevenue": "16690000000", "costOfRevenue": "13916000000", "costofGoodsAndServicesSold": "8484000000", "operatingIncome": "3554000000", "sellingGeneralAndAdministrative": "4652000000", "researchAndDevelopment": "None", "operatingExpenses": "5071000000", "investmentIncomeNet": "53000000", "netInterestIncome": "-129000000", "interestIncome": "None", "interestExpense": "129000000", "nonInterestIncome": "None", "otherNonOperatingIncome": "462000000", "depreciation": "None", "depreciationAndAmortization": "643000000", "incomeBeforeTax": "3928000000", "incomeTaxExpense": "729000000", "interestAndDebtExpense": "129000000", "netIncomeFromContinuingOperations": "3211000000", "comprehensiveIncomeNetOfTax": "3141000000", "ebit": "4057000000", "ebitda": "4700000000", "netIncome": "3199000000"}, {"fiscalDateEnding": "2018-06-30", "reportedCurrency": "USD", "grossProfit": "16503000000", "totalRevenue": "16503000000", "costOfRevenue": "12598000000", "costofGoodsAndServicesSold": "9070000000", "operatingIncome": "2587000000", "sellingGeneralAndAdministrative": "4846000000", "researchAndDevelopment": "1908000000", "operatingExpenses": "5480000000", "investmentIncomeNet": "63000000", "netInterestIncome": "-136000000", "interestIncome": "None", "interestExpense": "136000000", "nonInterestIncome": "-170000000", "otherNonOperatingIncome": "-225000000", "depreciation": "None", "depreciationAndAmortization": "-1782000000", "incomeBeforeTax": "2290000000", "incomeTaxExpense": "399000000", "interestAndDebtExpense": "482000000", "netIncomeFromContinuingOperations": "1890000000", "comprehensiveIncomeNetOfTax": "1033000000", "ebit": "2426000000", "ebitda": "644000000", "netIncome": "1891000000"}, {"fiscalDateEnding": "2018-03-31", "reportedCurrency": "USD", "grossProfit": "2883000000", "totalRevenue": "16281000000", "costOfRevenue": "13265000000", "costofGoodsAndServicesSold": "8384000000", "operatingIncome": "3209000000", "sellingGeneralAndAdministrative": "4688000000", "researchAndDevelopment": "None", "operatingExpenses": "4922000000", "investmentIncomeNet": "69000000", "netInterestIncome": "-133000000", "interestIncome": "None", "interestExpense": "133000000", "nonInterestIncome": "0", "otherNonOperatingIncome": "108000000", "depreciation": "None", "depreciationAndAmortization": "716000000", "incomeBeforeTax": "3224000000", "incomeTaxExpense": "713000000", "interestAndDebtExpense": "133000000", "netIncomeFromContinuingOperations": "2540000000", "comprehensiveIncomeNetOfTax": "2791000000", "ebit": "3357000000", "ebitda": "4073000000", "netIncome": "2511000000"}, {"fiscalDateEnding": "2017-12-31", "reportedCurrency": "USD", "grossProfit": "3652000000", "totalRevenue": "17395000000", "costOfRevenue": "13621000000", "costofGoodsAndServicesSold": "8709000000", "operatingIncome": "3919000000", "sellingGeneralAndAdministrative": "4767000000", "researchAndDevelopment": "None", "operatingExpenses": "4954000000", "investmentIncomeNet": "66000000", "netInterestIncome": "-122000000", "interestIncome": "None", "interestExpense": "122000000", "nonInterestIncome": "None", "otherNonOperatingIncome": "170000000", "depreciation": "None", "depreciationAndAmortization": "676000000", "incomeBeforeTax": "3967000000", "incomeTaxExpense": "1472000000", "interestAndDebtExpense": "122000000", "netIncomeFromContinuingOperations": "2561000000", "comprehensiveIncomeNetOfTax": "2616000000", "ebit": "4089000000", "ebitda": "4765000000", "netIncome": "2495000000"}, {"fiscalDateEnding": "2017-09-30", "reportedCurrency": "USD", "grossProfit": "2771000000", "totalRevenue": "16653000000", "costOfRevenue": "13767000000", "costofGoodsAndServicesSold": "8269000000", "operatingIncome": "3648000000", "sellingGeneralAndAdministrative": "4736000000", "researchAndDevelopment": "None", "operatingExpenses": "5457000000", "investmentIncomeNet": "49000000", "netInterestIncome": "-115000000", "interestIncome": "None", "interestExpense": "115000000", "nonInterestIncome": "None", "otherNonOperatingIncome": "169000000", "depreciation": "None", "depreciationAndAmortization": "692000000", "incomeBeforeTax": "3734000000", "incomeTaxExpense": "881000000", "interestAndDebtExpense": "115000000", "netIncomeFromContinuingOperations": "2870000000", "comprehensiveIncomeNetOfTax": "3193000000", "ebit": "3849000000", "ebitda": "4541000000", "netIncome": "2853000000"}, {"fiscalDateEnding": "2017-06-30", "reportedCurrency": "USD", "grossProfit": "16079000000", "totalRevenue": "16971000000", "costOfRevenue": "11604000000", "costofGoodsAndServicesSold": "8402000000", "operatingIncome": "2949000000", "sellingGeneralAndAdministrative": "4917000000", "researchAndDevelopment": "1874000000", "operatingExpenses": "5167000000", "investmentIncomeNet": "48000000", "netInterestIncome": "-116000000", "interestIncome": "None", "interestExpense": "116000000", "nonInterestIncome": "5490000000", "otherNonOperatingIncome": "235000000", "depreciation": "None", "depreciationAndAmortization": "-1775000000", "incomeBeforeTax": "2940000000", "incomeTaxExpense": "725000000", "interestAndDebtExpense": "116000000", "netIncomeFromContinuingOperations": "2202000000", "comprehensiveIncomeNetOfTax": "3538000000", "ebit": "3056000000", "ebitda": "1281000000", "netIncome": "2215000000"}, {"fiscalDateEnding": "2017-03-31", "reportedCurrency": "USD", "grossProfit": "3028000000", "totalRevenue": "15509000000", "costOfRevenue": "12481000000", "costofGoodsAndServicesSold": "7836000000", "operatingIncome": "3360000000", "sellingGeneralAndAdministrative": "4409000000", "researchAndDevelopment": "None", "operatingExpenses": "4645000000", "investmentIncomeNet": "46000000", "netInterestIncome": "-96000000", "interestIncome": "None", "interestExpense": "96000000", "nonInterestIncome": "-5343000000", "otherNonOperatingIncome": "26000000", "depreciation": "None", "depreciationAndAmortization": "665000000", "incomeBeforeTax": "3302000000", "incomeTaxExpense": "780000000", "interestAndDebtExpense": "96000000", "netIncomeFromContinuingOperations": "2556000000", "comprehensiveIncomeNetOfTax": "3089000000", "ebit": "3398000000", "ebitda": "4063000000", "netIncome": "2522000000"}, {"fiscalDateEnding": "2016-12-31", "reportedCurrency": "USD", "grossProfit": "3493000000", "totalRevenue": "16734000000", "costOfRevenue": "13241000000", "costofGoodsAndServicesSold": "8298000000", "operatingIncome": "3875000000", "sellingGeneralAndAdministrative": "4683000000", "researchAndDevelopment": "None", "operatingExpenses": "4943000000", "investmentIncomeNet": "42000000", "netInterestIncome": "-122000000", "interestIncome": "None", "interestExpense": "122000000", "nonInterestIncome": "4725000000", "otherNonOperatingIncome": "-539000000", "depreciation": "None", "depreciationAndAmortization": "707000000", "incomeBeforeTax": "8570000000", "incomeTaxExpense": "695000000", "interestAndDebtExpense": "122000000", "netIncomeFromContinuingOperations": "2561000000", "comprehensiveIncomeNetOfTax": "7296000000", "ebit": "8692000000", "ebitda": "9399000000", "netIncome": "7875000000"}]}