{"symbol": "PH", "annualReports": [{"fiscalDateEnding": "2021-06-30", "reportedCurrency": "USD", "grossProfit": "1812241000", "totalRevenue": "14233884000", "costOfRevenue": "12421643000", "costofGoodsAndServicesSold": "10449680000", "operatingIncome": "2459941000", "sellingGeneralAndAdministrative": "1527302000", "researchAndDevelopment": "259039000", "operatingExpenses": "2121670000", "investmentIncomeNet": "None", "netInterestIncome": "-250036000", "interestIncome": "7000000", "interestExpense": "250036000", "nonInterestIncome": "14483920000", "otherNonOperatingIncome": "17003000", "depreciation": "269943000", "depreciationAndAmortization": "325447000", "incomeBeforeTax": "2246196000", "incomeTaxExpense": "500096000", "interestAndDebtExpense": "250036000", "netIncomeFromContinuingOperations": "1746861000", "comprehensiveIncomeNetOfTax": "2738248000", "ebit": "2496232000", "ebitda": "2821679000", "netIncome": "1746100000"}, {"fiscalDateEnding": "2020-06-30", "reportedCurrency": "USD", "grossProfit": "1025310000", "totalRevenue": "13372227000", "costOfRevenue": "12346917000", "costofGoodsAndServicesSold": "10292291000", "operatingIncome": "1966704000", "sellingGeneralAndAdministrative": "1656553000", "researchAndDevelopment": "293837000", "operatingExpenses": "2352386000", "investmentIncomeNet": "None", "netInterestIncome": "-308161000", "interestIncome": "31000000", "interestExpense": "308161000", "nonInterestIncome": "13680388000", "otherNonOperatingIncome": "67112000", "depreciation": "252899000", "depreciationAndAmortization": "284632000", "incomeBeforeTax": "1512265000", "incomeTaxExpense": "304522000", "interestAndDebtExpense": "308161000", "netIncomeFromContinuingOperations": "1206703000", "comprehensiveIncomeNetOfTax": "702143000", "ebit": "1820426000", "ebitda": "2105058000", "netIncome": "1201970000"}, {"fiscalDateEnding": "2019-06-30", "reportedCurrency": "USD", "grossProfit": "1643620000", "totalRevenue": "14113353000", "costOfRevenue": "12469733000", "costofGoodsAndServicesSold": "10703484000", "operatingIncome": "2236239000", "sellingGeneralAndAdministrative": "1543939000", "researchAndDevelopment": "294852000", "operatingExpenses": "2072046000", "investmentIncomeNet": "None", "netInterestIncome": "-190138000", "interestIncome": "None", "interestExpense": "190138000", "nonInterestIncome": "14303491000", "otherNonOperatingIncome": "61247000", "depreciation": "225675000", "depreciationAndAmortization": "205164000", "incomeBeforeTax": "1932858000", "incomeTaxExpense": "420494000", "interestAndDebtExpense": "190138000", "netIncomeFromContinuingOperations": "1512931000", "comprehensiveIncomeNetOfTax": "1218136000", "ebit": "2122996000", "ebitda": "2328160000", "netIncome": "1512364000"}, {"fiscalDateEnding": "2018-06-30", "reportedCurrency": "USD", "grossProfit": "1660905000", "totalRevenue": "14302392000", "costOfRevenue": "12641487000", "costofGoodsAndServicesSold": "10737745000", "operatingIncome": "2038278000", "sellingGeneralAndAdministrative": "1639989000", "researchAndDevelopment": "327877000", "operatingExpenses": "2201767000", "investmentIncomeNet": "None", "netInterestIncome": "-213873000", "interestIncome": "None", "interestExpense": "213873000", "nonInterestIncome": "-2528000", "otherNonOperatingIncome": "-12991000", "depreciation": "237806000", "depreciationAndAmortization": "221494000", "incomeBeforeTax": "1701763000", "incomeTaxExpense": "640962000", "interestAndDebtExpense": "213873000", "netIncomeFromContinuingOperations": "1061315000", "comprehensiveIncomeNetOfTax": "1221919000", "ebit": "1915636000", "ebitda": "2137130000", "netIncome": "1060801000"}, {"fiscalDateEnding": "2017-06-30", "reportedCurrency": "USD", "grossProfit": "2840350000", "totalRevenue": "12029312000", "costOfRevenue": "9188962000", "costofGoodsAndServicesSold": "9119029000", "operatingIncome": "1790255000", "sellingGeneralAndAdministrative": "1412820000", "researchAndDevelopment": "336675000", "operatingExpenses": "1895947000", "investmentIncomeNet": "None", "netInterestIncome": "-162436000", "interestIncome": "None", "interestExpense": "162436000", "nonInterestIncome": "31731000", "otherNonOperatingIncome": "-49647000", "depreciation": "202868000", "depreciationAndAmortization": "145128000", "incomeBeforeTax": "1328209000", "incomeTaxExpense": "344797000", "interestAndDebtExpense": "162436000", "netIncomeFromContinuingOperations": "983844000", "comprehensiveIncomeNetOfTax": "1286973000", "ebit": "1490645000", "ebitda": "1635773000", "netIncome": "983412000"}], "quarterlyReports": [{"fiscalDateEnding": "2021-09-30", "reportedCurrency": "USD", "grossProfit": "515297000", "totalRevenue": "3716959000", "costOfRevenue": "3201662000", "costofGoodsAndServicesSold": "2713897000", "operatingIncome": "694057000", "sellingGeneralAndAdministrative": "407765000", "researchAndDevelopment": "None", "operatingExpenses": "487735000", "investmentIncomeNet": "None", "netInterestIncome": "-59350000", "interestIncome": "None", "interestExpense": "59350000", "nonInterestIncome": "3776309000", "otherNonOperatingIncome": "-10052000", "depreciation": "65751000", "depreciationAndAmortization": "80000000", "incomeBeforeTax": "571439000", "incomeTaxExpense": "120282000", "interestAndDebtExpense": "59350000", "netIncomeFromContinuingOperations": "451463000", "comprehensiveIncomeNetOfTax": "412394000", "ebit": "694057000", "ebitda": "710789000", "netIncome": "451157000"}, {"fiscalDateEnding": "2021-06-30", "reportedCurrency": "USD", "grossProfit": "451653000", "totalRevenue": "3897203000", "costOfRevenue": "3445550000", "costofGoodsAndServicesSold": "2831034000", "operatingIncome": "735105000", "sellingGeneralAndAdministrative": "414048000", "researchAndDevelopment": "None", "operatingExpenses": "872672000", "investmentIncomeNet": "None", "netInterestIncome": "-60258000", "interestIncome": "2000000", "interestExpense": "60258000", "nonInterestIncome": "3957461000", "otherNonOperatingIncome": "-105063000", "depreciation": "65328000", "depreciationAndAmortization": "81254000", "incomeBeforeTax": "657622000", "incomeTaxExpense": "151884000", "interestAndDebtExpense": "60258000", "netIncomeFromContinuingOperations": "505914000", "comprehensiveIncomeNetOfTax": "1095301000", "ebit": "735105000", "ebitda": "799134000", "netIncome": "505738000"}, {"fiscalDateEnding": "2021-03-31", "reportedCurrency": "USD", "grossProfit": "580892000", "totalRevenue": "3682496000", "costOfRevenue": "3101604000", "costofGoodsAndServicesSold": "2712785000", "operatingIncome": "665230000", "sellingGeneralAndAdministrative": "386831000", "researchAndDevelopment": "None", "operatingExpenses": "386831000", "investmentIncomeNet": "None", "netInterestIncome": "-60830000", "interestIncome": "2000000", "interestExpense": "60830000", "nonInterestIncome": "3743326000", "otherNonOperatingIncome": "13460000", "depreciation": "69295000", "depreciationAndAmortization": "81253000", "incomeBeforeTax": "597266000", "incomeTaxExpense": "126101000", "interestAndDebtExpense": "60830000", "netIncomeFromContinuingOperations": "471733000", "comprehensiveIncomeNetOfTax": "445863000", "ebit": "665230000", "ebitda": "739349000", "netIncome": "473153000"}, {"fiscalDateEnding": "2020-12-31", "reportedCurrency": "USD", "grossProfit": "472798000", "totalRevenue": "3348915000", "costOfRevenue": "2876117000", "costofGoodsAndServicesSold": "2518165000", "operatingIncome": "553841000", "sellingGeneralAndAdministrative": "356572000", "researchAndDevelopment": "None", "operatingExpenses": "356572000", "investmentIncomeNet": "None", "netInterestIncome": "-62990000", "interestIncome": "None", "interestExpense": "62990000", "nonInterestIncome": "3411905000", "otherNonOperatingIncome": "103714000", "depreciation": "68581000", "depreciationAndAmortization": "81237000", "incomeBeforeTax": "576321000", "incomeTaxExpense": "129350000", "interestAndDebtExpense": "62990000", "netIncomeFromContinuingOperations": "447497000", "comprehensiveIncomeNetOfTax": "705272000", "ebit": "553841000", "ebitda": "720548000", "netIncome": "448351000"}, {"fiscalDateEnding": "2020-09-30", "reportedCurrency": "USD", "grossProfit": "354053000", "totalRevenue": "3189935000", "costOfRevenue": "2835882000", "costofGoodsAndServicesSold": "2386449000", "operatingIncome": "505765000", "sellingGeneralAndAdministrative": "369851000", "researchAndDevelopment": "None", "operatingExpenses": "451056000", "investmentIncomeNet": "None", "netInterestIncome": "-65958000", "interestIncome": "2000000", "interestExpense": "65958000", "nonInterestIncome": "3255893000", "otherNonOperatingIncome": "4892000", "depreciation": "66739000", "depreciationAndAmortization": "81703000", "incomeBeforeTax": "414987000", "incomeTaxExpense": "93063000", "interestAndDebtExpense": "65958000", "netIncomeFromContinuingOperations": "321717000", "comprehensiveIncomeNetOfTax": "490206000", "ebit": "505765000", "ebitda": "562648000", "netIncome": "319803000"}, {"fiscalDateEnding": "2020-06-30", "reportedCurrency": "USD", "grossProfit": "3160603000", "totalRevenue": "3160603000", "costOfRevenue": "2795286000", "costofGoodsAndServicesSold": "2357319000", "operatingIncome": "462647000", "sellingGeneralAndAdministrative": "352793000", "researchAndDevelopment": "None", "operatingExpenses": "735148000", "investmentIncomeNet": "None", "netInterestIncome": "-74549000", "interestIncome": "None", "interestExpense": "74549000", "nonInterestIncome": "3160603000", "otherNonOperatingIncome": "-6601000", "depreciation": "65845000", "depreciationAndAmortization": "80737000", "incomeBeforeTax": "370589000", "incomeTaxExpense": "74873000", "interestAndDebtExpense": "74549000", "netIncomeFromContinuingOperations": "3160603000", "comprehensiveIncomeNetOfTax": "-67697000", "ebit": "445138000", "ebitda": "525875000", "netIncome": "295716000"}, {"fiscalDateEnding": "2020-03-31", "reportedCurrency": "USD", "grossProfit": "393514000", "totalRevenue": "3573667000", "costOfRevenue": "3180153000", "costofGoodsAndServicesSold": "2759637000", "operatingIncome": "535680000", "sellingGeneralAndAdministrative": "413460000", "researchAndDevelopment": "None", "operatingExpenses": "413460000", "investmentIncomeNet": "None", "netInterestIncome": "-80765000", "interestIncome": "None", "interestExpense": "80765000", "nonInterestIncome": "3654432000", "otherNonOperatingIncome": "12643000", "depreciation": "67313000", "depreciationAndAmortization": "75721000", "incomeBeforeTax": "454041000", "incomeTaxExpense": "88501000", "interestAndDebtExpense": "80765000", "netIncomeFromContinuingOperations": "367369000", "comprehensiveIncomeNetOfTax": "117523000", "ebit": "534806000", "ebitda": "610527000", "netIncome": "372596000"}, {"fiscalDateEnding": "2019-12-31", "reportedCurrency": "USD", "grossProfit": "241197000", "totalRevenue": "3415083000", "costOfRevenue": "3173886000", "costofGoodsAndServicesSold": "2682765000", "operatingIncome": "450534000", "sellingGeneralAndAdministrative": "491121000", "researchAndDevelopment": "None", "operatingExpenses": "491121000", "investmentIncomeNet": "None", "netInterestIncome": "-82891000", "interestIncome": "None", "interestExpense": "82891000", "nonInterestIncome": "3497974000", "otherNonOperatingIncome": "13549000", "depreciation": "64885000", "depreciationAndAmortization": "77068000", "incomeBeforeTax": "254622000", "incomeTaxExpense": "50148000", "interestAndDebtExpense": "82891000", "netIncomeFromContinuingOperations": "204598000", "comprehensiveIncomeNetOfTax": "389336000", "ebit": "337513000", "ebitda": "414581000", "netIncome": "204474000"}, {"fiscalDateEnding": "2019-09-30", "reportedCurrency": "USD", "grossProfit": "331100000", "totalRevenue": "3276056000", "costOfRevenue": "2944956000", "costofGoodsAndServicesSold": "2479741000", "operatingIncome": "517843000", "sellingGeneralAndAdministrative": "399179000", "researchAndDevelopment": "None", "operatingExpenses": "454946000", "investmentIncomeNet": "None", "netInterestIncome": "-69956000", "interestIncome": "None", "interestExpense": "69956000", "nonInterestIncome": "3346012000", "otherNonOperatingIncome": "47521000", "depreciation": "54856000", "depreciationAndAmortization": "51106000", "incomeBeforeTax": "433013000", "incomeTaxExpense": "94115000", "interestAndDebtExpense": "69956000", "netIncomeFromContinuingOperations": "339041000", "comprehensiveIncomeNetOfTax": "267352000", "ebit": "502969000", "ebitda": "554075000", "netIncome": "338898000"}, {"fiscalDateEnding": "2019-06-30", "reportedCurrency": "USD", "grossProfit": "3681467000", "totalRevenue": "3681467000", "costOfRevenue": "3196854000", "costofGoodsAndServicesSold": "2739578000", "operatingIncome": "592852000", "sellingGeneralAndAdministrative": "391493000", "researchAndDevelopment": "None", "operatingExpenses": "758457000", "investmentIncomeNet": "None", "netInterestIncome": "-50072000", "interestIncome": "None", "interestExpense": "50072000", "nonInterestIncome": "3681467000", "otherNonOperatingIncome": "23609000", "depreciation": "55044000", "depreciationAndAmortization": "48637000", "incomeBeforeTax": "513278000", "incomeTaxExpense": "99610000", "interestAndDebtExpense": "50072000", "netIncomeFromContinuingOperations": "3681467000", "comprehensiveIncomeNetOfTax": "83535000", "ebit": "563350000", "ebitda": "611987000", "netIncome": "413668000"}, {"fiscalDateEnding": "2019-03-31", "reportedCurrency": "USD", "grossProfit": "511700000", "totalRevenue": "3639309000", "costOfRevenue": "3127609000", "costofGoodsAndServicesSold": "2766744000", "operatingIncome": "598220000", "sellingGeneralAndAdministrative": "360865000", "researchAndDevelopment": "None", "operatingExpenses": "360865000", "investmentIncomeNet": "None", "netInterestIncome": "-48209000", "interestIncome": "None", "interestExpense": "48209000", "nonInterestIncome": "3687518000", "otherNonOperatingIncome": "17500000", "depreciation": "55631000", "depreciationAndAmortization": "51437000", "incomeBeforeTax": "529067000", "incomeTaxExpense": "117819000", "interestAndDebtExpense": "48209000", "netIncomeFromContinuingOperations": "411381000", "comprehensiveIncomeNetOfTax": "477830000", "ebit": "577276000", "ebitda": "628713000", "netIncome": "411248000"}, {"fiscalDateEnding": "2018-12-31", "reportedCurrency": "USD", "grossProfit": "424929000", "totalRevenue": "3424527000", "costOfRevenue": "2999598000", "costofGoodsAndServicesSold": "2602339000", "operatingIncome": "504432000", "sellingGeneralAndAdministrative": "397259000", "researchAndDevelopment": "None", "operatingExpenses": "397259000", "investmentIncomeNet": "None", "netInterestIncome": "-47518000", "interestIncome": "None", "interestExpense": "47518000", "nonInterestIncome": "3472045000", "otherNonOperatingIncome": "6225000", "depreciation": "57207000", "depreciationAndAmortization": "51601000", "incomeBeforeTax": "430978000", "incomeTaxExpense": "119241000", "interestAndDebtExpense": "47518000", "netIncomeFromContinuingOperations": "311913000", "comprehensiveIncomeNetOfTax": "292223000", "ebit": "478496000", "ebitda": "530097000", "netIncome": "311737000"}, {"fiscalDateEnding": "2018-09-30", "reportedCurrency": "USD", "grossProfit": "389590000", "totalRevenue": "3432224000", "costOfRevenue": "3042634000", "costofGoodsAndServicesSold": "2594823000", "operatingIncome": "540735000", "sellingGeneralAndAdministrative": "394322000", "researchAndDevelopment": "None", "operatingExpenses": "447014000", "investmentIncomeNet": "None", "netInterestIncome": "-44339000", "interestIncome": "None", "interestExpense": "44339000", "nonInterestIncome": "3476563000", "otherNonOperatingIncome": "13913000", "depreciation": "57793000", "depreciationAndAmortization": "53489000", "incomeBeforeTax": "459535000", "incomeTaxExpense": "83824000", "interestAndDebtExpense": "44339000", "netIncomeFromContinuingOperations": "375899000", "comprehensiveIncomeNetOfTax": "364548000", "ebit": "503874000", "ebitda": "557363000", "netIncome": "375711000"}, {"fiscalDateEnding": "2018-06-30", "reportedCurrency": "USD", "grossProfit": "3817477000", "totalRevenue": "3817477000", "costOfRevenue": "3312485000", "costofGoodsAndServicesSold": "2830198000", "operatingIncome": "585097000", "sellingGeneralAndAdministrative": "418210000", "researchAndDevelopment": "327877000", "operatingExpenses": "826488000", "investmentIncomeNet": "None", "netInterestIncome": "-53040000", "interestIncome": "None", "interestExpense": "53040000", "nonInterestIncome": "3817477000", "otherNonOperatingIncome": "-22585000", "depreciation": "58394000", "depreciationAndAmortization": "54177000", "incomeBeforeTax": "497855000", "incomeTaxExpense": "144599000", "interestAndDebtExpense": "53040000", "netIncomeFromContinuingOperations": "3817477000", "comprehensiveIncomeNetOfTax": "239208000", "ebit": "550895000", "ebitda": "605072000", "netIncome": "353256000"}, {"fiscalDateEnding": "2018-03-31", "reportedCurrency": "USD", "grossProfit": "449843000", "totalRevenue": "3749591000", "costOfRevenue": "3245603000", "costofGoodsAndServicesSold": "2819804000", "operatingIncome": "538460000", "sellingGeneralAndAdministrative": "416457000", "researchAndDevelopment": "None", "operatingExpenses": "420595000", "investmentIncomeNet": "None", "netInterestIncome": "-54145000", "interestIncome": "None", "interestExpense": "54145000", "nonInterestIncome": "3749591000", "otherNonOperatingIncome": "10642000", "depreciation": "59077000", "depreciationAndAmortization": "56571000", "incomeBeforeTax": "469686000", "incomeTaxExpense": "103697000", "interestAndDebtExpense": "54145000", "netIncomeFromContinuingOperations": "366130000", "comprehensiveIncomeNetOfTax": "484679000", "ebit": "523831000", "ebitda": "580402000", "netIncome": "365989000"}, {"fiscalDateEnding": "2017-12-31", "reportedCurrency": "USD", "grossProfit": "336008000", "totalRevenue": "3370673000", "costOfRevenue": "2981532000", "costofGoodsAndServicesSold": "2564449000", "operatingIncome": "430819000", "sellingGeneralAndAdministrative": "408338000", "researchAndDevelopment": "None", "operatingExpenses": "412462000", "investmentIncomeNet": "None", "netInterestIncome": "-53133000", "interestIncome": "None", "interestExpense": "53133000", "nonInterestIncome": "3370673000", "otherNonOperatingIncome": "15468000", "depreciation": "60375000", "depreciationAndAmortization": "56277000", "incomeBeforeTax": "360058000", "incomeTaxExpense": "303899000", "interestAndDebtExpense": "53133000", "netIncomeFromContinuingOperations": "56322000", "comprehensiveIncomeNetOfTax": "112934000", "ebit": "413191000", "ebitda": "469468000", "netIncome": "56159000"}, {"fiscalDateEnding": "2017-09-30", "reportedCurrency": "USD", "grossProfit": "318742000", "totalRevenue": "3364651000", "costOfRevenue": "2989019000", "costofGoodsAndServicesSold": "2523294000", "operatingIncome": "525252000", "sellingGeneralAndAdministrative": "396984000", "researchAndDevelopment": "None", "operatingExpenses": "455885000", "investmentIncomeNet": "None", "netInterestIncome": "-53555000", "interestIncome": "None", "interestExpense": "53555000", "nonInterestIncome": "-3335000", "otherNonOperatingIncome": "-16516000", "depreciation": "59960000", "depreciationAndAmortization": "54469000", "incomeBeforeTax": "374164000", "incomeTaxExpense": "88767000", "interestAndDebtExpense": "53555000", "netIncomeFromContinuingOperations": "285535000", "comprehensiveIncomeNetOfTax": "385098000", "ebit": "427719000", "ebitda": "482188000", "netIncome": "285397000"}, {"fiscalDateEnding": "2017-06-30", "reportedCurrency": "USD", "grossProfit": "841556000", "totalRevenue": "3496238000", "costOfRevenue": "2654682000", "costofGoodsAndServicesSold": "2584749000", "operatingIncome": "655447000", "sellingGeneralAndAdministrative": "361237000", "researchAndDevelopment": "336675000", "operatingExpenses": "799121000", "investmentIncomeNet": "None", "netInterestIncome": "-52787000", "interestIncome": "None", "interestExpense": "52787000", "nonInterestIncome": "-4546000", "otherNonOperatingIncome": "-140115000", "depreciation": "59909000", "depreciationAndAmortization": "57404000", "incomeBeforeTax": "400557000", "incomeTaxExpense": "107252000", "interestAndDebtExpense": "52787000", "netIncomeFromContinuingOperations": "841556000", "comprehensiveIncomeNetOfTax": "661934000", "ebit": "453344000", "ebitda": "510748000", "netIncome": "293305000"}, {"fiscalDateEnding": "2017-03-31", "reportedCurrency": "USD", "grossProfit": "735349000", "totalRevenue": "3119139000", "costOfRevenue": "2383790000", "costofGoodsAndServicesSold": "2383790000", "operatingIncome": "414634000", "sellingGeneralAndAdministrative": "392036000", "researchAndDevelopment": "None", "operatingExpenses": "392036000", "investmentIncomeNet": "None", "netInterestIncome": "-42057000", "interestIncome": "None", "interestExpense": "42057000", "nonInterestIncome": "35734000", "otherNonOperatingIncome": "13807000", "depreciation": "50325000", "depreciationAndAmortization": "35594000", "incomeBeforeTax": "314889000", "incomeTaxExpense": "76216000", "interestAndDebtExpense": "42057000", "netIncomeFromContinuingOperations": "238847000", "comprehensiveIncomeNetOfTax": "356984000", "ebit": "356946000", "ebitda": "392540000", "netIncome": "238673000"}, {"fiscalDateEnding": "2016-12-31", "reportedCurrency": "USD", "grossProfit": "626320000", "totalRevenue": "2670804000", "costOfRevenue": "2044484000", "costofGoodsAndServicesSold": "2044484000", "operatingIncome": "340120000", "sellingGeneralAndAdministrative": "336578000", "researchAndDevelopment": "None", "operatingExpenses": "336578000", "investmentIncomeNet": "None", "netInterestIncome": "-33444000", "interestIncome": "None", "interestExpense": "33444000", "nonInterestIncome": "4866000", "otherNonOperatingIncome": "64424000", "depreciation": "45637000", "depreciationAndAmortization": "26047000", "incomeBeforeTax": "320627000", "incomeTaxExpense": "79322000", "interestAndDebtExpense": "33444000", "netIncomeFromContinuingOperations": "241400000", "comprehensiveIncomeNetOfTax": "15633000", "ebit": "354071000", "ebitda": "380118000", "netIncome": "241305000"}]}