{"symbol": "PHM", "annualReports": [{"fiscalDateEnding": "2020-12-31", "reportedCurrency": "USD", "grossProfit": "10140811000", "totalRevenue": "11036081000", "costOfRevenue": "1138323000", "costofGoodsAndServicesSold": "20305000", "operatingIncome": "9022793000", "sellingGeneralAndAdministrative": "1011442000", "researchAndDevelopment": "None", "operatingExpenses": "1118018000", "investmentIncomeNet": "None", "netInterestIncome": "-4248000", "interestIncome": "6837000", "interestExpense": "4248000", "nonInterestIncome": "11283382000", "otherNonOperatingIncome": "-17826000", "depreciation": "46400000", "depreciationAndAmortization": "66081000", "incomeBeforeTax": "1728694000", "incomeTaxExpense": "321855000", "interestAndDebtExpense": "4248000", "netIncomeFromContinuingOperations": "8684992000", "comprehensiveIncomeNetOfTax": "1406939000", "ebit": "1732942000", "ebitda": "1799023000", "netIncome": "1406839000"}, {"fiscalDateEnding": "2019-12-31", "reportedCurrency": "USD", "grossProfit": "9184308000", "totalRevenue": "10212956000", "costOfRevenue": "1152538000", "costofGoodsAndServicesSold": "27101000", "operatingIncome": "8058871000", "sellingGeneralAndAdministrative": "1044337000", "researchAndDevelopment": "None", "operatingExpenses": "1125437000", "investmentIncomeNet": "None", "netInterestIncome": "-584000", "interestIncome": "16739000", "interestExpense": "584000", "nonInterestIncome": "10337430000", "otherNonOperatingIncome": "-13476000", "depreciation": "39800000", "depreciationAndAmortization": "53999000", "incomeBeforeTax": "1339576000", "incomeTaxExpense": "322876000", "interestAndDebtExpense": "5511000", "netIncomeFromContinuingOperations": "7723219000", "comprehensiveIncomeNetOfTax": "1016800000", "ebit": "1340160000", "ebitda": "1394159000", "netIncome": "1016700000"}, {"fiscalDateEnding": "2018-12-31", "reportedCurrency": "USD", "grossProfit": "9038669000", "totalRevenue": "10188331000", "costOfRevenue": "1260344000", "costofGoodsAndServicesSold": "99446000", "operatingIncome": "7877771000", "sellingGeneralAndAdministrative": "1012023000", "researchAndDevelopment": "None", "operatingExpenses": "1160898000", "investmentIncomeNet": "None", "netInterestIncome": "-618000", "interestIncome": "7593000", "interestExpense": "618000", "nonInterestIncome": "10299631000", "otherNonOperatingIncome": "-13849000", "depreciation": "35600000", "depreciationAndAmortization": "49429000", "incomeBeforeTax": "1347540000", "incomeTaxExpense": "325517000", "interestAndDebtExpense": "618000", "netIncomeFromContinuingOperations": "7541095000", "comprehensiveIncomeNetOfTax": "1022123000", "ebit": "1348158000", "ebitda": "1397587000", "netIncome": "1022023000"}, {"fiscalDateEnding": "2017-12-31", "reportedCurrency": "USD", "grossProfit": "531956000", "totalRevenue": "8573250000", "costOfRevenue": "8041294000", "costofGoodsAndServicesSold": "75985000", "operatingIncome": "-602536000", "sellingGeneralAndAdministrative": "891581000", "researchAndDevelopment": "None", "operatingExpenses": "1134492000", "investmentIncomeNet": "None", "netInterestIncome": "-503000", "interestIncome": "2537000", "interestExpense": "503000", "nonInterestIncome": "110900000", "otherNonOperatingIncome": "-32387000", "depreciation": "37200000", "depreciationAndAmortization": "50998000", "incomeBeforeTax": "938828000", "incomeTaxExpense": "491607000", "interestAndDebtExpense": "503000", "netIncomeFromContinuingOperations": "-1124079000", "comprehensiveIncomeNetOfTax": "447302000", "ebit": "939331000", "ebitda": "990329000", "netIncome": "447221000"}, {"fiscalDateEnding": "2016-12-31", "reportedCurrency": "USD", "grossProfit": "889964000", "totalRevenue": "7668476000", "costOfRevenue": "6778512000", "costofGoodsAndServicesSold": "21321000", "operatingIncome": "-155550000", "sellingGeneralAndAdministrative": "957150000", "researchAndDevelopment": "None", "operatingExpenses": "1045514000", "investmentIncomeNet": "None", "netInterestIncome": "-686000", "interestIncome": "3236000", "interestExpense": "686000", "nonInterestIncome": "108943000", "otherNonOperatingIncome": "-56868000", "depreciation": "40200000", "depreciationAndAmortization": "54007000", "incomeBeforeTax": "933850000", "incomeTaxExpense": "331147000", "interestAndDebtExpense": "1343000", "netIncomeFromContinuingOperations": "-527174000", "comprehensiveIncomeNetOfTax": "602786000", "ebit": "934536000", "ebitda": "988543000", "netIncome": "602703000"}], "quarterlyReports": [{"fiscalDateEnding": "2021-09-30", "reportedCurrency": "USD", "grossProfit": "3151365000", "totalRevenue": "3479050000", "costOfRevenue": "327685000", "costofGoodsAndServicesSold": "3567000", "operatingIncome": "2827247000", "sellingGeneralAndAdministrative": "320506000", "researchAndDevelopment": "None", "operatingExpenses": "324118000", "investmentIncomeNet": "None", "netInterestIncome": "-115000", "interestIncome": "436000", "interestExpense": "115000", "nonInterestIncome": "58400000", "otherNonOperatingIncome": "1504000", "depreciation": "None", "depreciationAndAmortization": "17616000", "incomeBeforeTax": "620402000", "incomeTaxExpense": "144853000", "interestAndDebtExpense": "115000", "netIncomeFromContinuingOperations": "2678248000", "comprehensiveIncomeNetOfTax": "475574000", "ebit": "620517000", "ebitda": "638133000", "netIncome": "475549000"}, {"fiscalDateEnding": "2021-06-30", "reportedCurrency": "USD", "grossProfit": "3080345000", "totalRevenue": "3359484000", "costOfRevenue": "279139000", "costofGoodsAndServicesSold": "1885000", "operatingIncome": "2803091000", "sellingGeneralAndAdministrative": "272286000", "researchAndDevelopment": "None", "operatingExpenses": "277254000", "investmentIncomeNet": "None", "netInterestIncome": "-138000", "interestIncome": "473000", "interestExpense": "138000", "nonInterestIncome": "56700000", "otherNonOperatingIncome": "1685000", "depreciation": "None", "depreciationAndAmortization": "18265000", "incomeBeforeTax": "639473000", "incomeTaxExpense": "136074000", "interestAndDebtExpense": "138000", "netIncomeFromContinuingOperations": "2670583000", "comprehensiveIncomeNetOfTax": "503424000", "ebit": "639611000", "ebitda": "657876000", "netIncome": "503399000"}, {"fiscalDateEnding": "2021-03-31", "reportedCurrency": "USD", "grossProfit": "-274400000", "totalRevenue": "2729790000", "costOfRevenue": "290196000", "costofGoodsAndServicesSold": "1368000", "operatingIncome": "-563228000", "sellingGeneralAndAdministrative": "271686000", "researchAndDevelopment": "None", "operatingExpenses": "288828000", "investmentIncomeNet": "None", "netInterestIncome": "-135000", "interestIncome": "631000", "interestExpense": "135000", "nonInterestIncome": "15931000", "otherNonOperatingIncome": "2398000", "depreciation": "None", "depreciationAndAmortization": "17142000", "incomeBeforeTax": "394052000", "incomeTaxExpense": "89945000", "interestAndDebtExpense": "61604000", "netIncomeFromContinuingOperations": "-654985000", "comprehensiveIncomeNetOfTax": "304132000", "ebit": "394187000", "ebitda": "411329000", "netIncome": "304107000"}, {"fiscalDateEnding": "2020-12-31", "reportedCurrency": "USD", "grossProfit": "3192363000", "totalRevenue": "3192363000", "costOfRevenue": "318442000", "costofGoodsAndServicesSold": "6375000", "operatingIncome": "3192363000", "sellingGeneralAndAdministrative": "279657000", "researchAndDevelopment": "None", "operatingExpenses": "312067000", "investmentIncomeNet": "None", "netInterestIncome": "-226000", "interestIncome": "813000", "interestExpense": "226000", "nonInterestIncome": "11109582000", "otherNonOperatingIncome": "-25272000", "depreciation": "None", "depreciationAndAmortization": "17545000", "incomeBeforeTax": "523750000", "incomeTaxExpense": "85639000", "interestAndDebtExpense": "226000", "netIncomeFromContinuingOperations": "3106724000", "comprehensiveIncomeNetOfTax": "438136000", "ebit": "523976000", "ebitda": "541521000", "netIncome": "438111000"}, {"fiscalDateEnding": "2020-09-30", "reportedCurrency": "USD", "grossProfit": "2676857000", "totalRevenue": "2954957000", "costOfRevenue": "278100000", "costofGoodsAndServicesSold": "1748000", "operatingIncome": "2400505000", "sellingGeneralAndAdministrative": "271257000", "researchAndDevelopment": "None", "operatingExpenses": "276352000", "investmentIncomeNet": "None", "netInterestIncome": "-225000", "interestIncome": "891000", "interestExpense": "225000", "nonInterestIncome": "76600000", "otherNonOperatingIncome": "1248000", "depreciation": "None", "depreciationAndAmortization": "16998000", "incomeBeforeTax": "484167000", "incomeTaxExpense": "67769000", "interestAndDebtExpense": "225000", "netIncomeFromContinuingOperations": "2328589000", "comprehensiveIncomeNetOfTax": "416423000", "ebit": "484392000", "ebitda": "501390000", "netIncome": "416398000"}, {"fiscalDateEnding": "2020-06-30", "reportedCurrency": "USD", "grossProfit": "2379125000", "totalRevenue": "2593781000", "costOfRevenue": "214656000", "costofGoodsAndServicesSold": "2453000", "operatingIncome": "2166922000", "sellingGeneralAndAdministrative": "196858000", "researchAndDevelopment": "None", "operatingExpenses": "212203000", "investmentIncomeNet": "None", "netInterestIncome": "-3000000", "interestIncome": "1326000", "interestExpense": "3000000", "nonInterestIncome": "66300000", "otherNonOperatingIncome": "3410000", "depreciation": "None", "depreciationAndAmortization": "16389000", "incomeBeforeTax": "457009000", "incomeTaxExpense": "108389000", "interestAndDebtExpense": "3000000", "netIncomeFromContinuingOperations": "2053581000", "comprehensiveIncomeNetOfTax": "348645000", "ebit": "460009000", "ebitda": "476398000", "netIncome": "348620000"}, {"fiscalDateEnding": "2020-03-31", "reportedCurrency": "USD", "grossProfit": "1980857000", "totalRevenue": "2294980000", "costOfRevenue": "314123000", "costofGoodsAndServicesSold": "9729000", "operatingIncome": "1676463000", "sellingGeneralAndAdministrative": "263669000", "researchAndDevelopment": "None", "operatingExpenses": "304394000", "investmentIncomeNet": "None", "netInterestIncome": "-797000", "interestIncome": "3807000", "interestExpense": "797000", "nonInterestIncome": "30900000", "otherNonOperatingIncome": "2788000", "depreciation": "None", "depreciationAndAmortization": "15149000", "incomeBeforeTax": "263769000", "incomeTaxExpense": "60058000", "interestAndDebtExpense": "797000", "netIncomeFromContinuingOperations": "1614448000", "comprehensiveIncomeNetOfTax": "203736000", "ebit": "264566000", "ebitda": "279715000", "netIncome": "203711000"}, {"fiscalDateEnding": "2019-12-31", "reportedCurrency": "USD", "grossProfit": "3016913000", "totalRevenue": "3016913000", "costOfRevenue": "291089000", "costofGoodsAndServicesSold": "-5248000", "operatingIncome": "3016913000", "sellingGeneralAndAdministrative": "261546000", "researchAndDevelopment": "None", "operatingExpenses": "296337000", "investmentIncomeNet": "None", "netInterestIncome": "-147000", "interestIncome": "3765000", "interestExpense": "147000", "nonInterestIncome": "10251673000", "otherNonOperatingIncome": "-14312000", "depreciation": "None", "depreciationAndAmortization": "13697000", "incomeBeforeTax": "435951000", "incomeTaxExpense": "100153000", "interestAndDebtExpense": "-4569000", "netIncomeFromContinuingOperations": "2916760000", "comprehensiveIncomeNetOfTax": "335823000", "ebit": "436098000", "ebitda": "449795000", "netIncome": "335798000"}, {"fiscalDateEnding": "2019-09-30", "reportedCurrency": "USD", "grossProfit": "2410481000", "totalRevenue": "2710365000", "costOfRevenue": "299884000", "costofGoodsAndServicesSold": "19740000", "operatingIncome": "2130337000", "sellingGeneralAndAdministrative": "270625000", "researchAndDevelopment": "None", "operatingExpenses": "280144000", "investmentIncomeNet": "None", "netInterestIncome": "-147000", "interestIncome": "3554000", "interestExpense": "147000", "nonInterestIncome": "36300000", "otherNonOperatingIncome": "-2671000", "depreciation": "None", "depreciationAndAmortization": "13805000", "incomeBeforeTax": "366146000", "incomeTaxExpense": "93042000", "interestAndDebtExpense": "147000", "netIncomeFromContinuingOperations": "2032398000", "comprehensiveIncomeNetOfTax": "273129000", "ebit": "366293000", "ebitda": "380098000", "netIncome": "273104000"}, {"fiscalDateEnding": "2019-06-30", "reportedCurrency": "USD", "grossProfit": "2222164000", "totalRevenue": "2488985000", "costOfRevenue": "266821000", "costofGoodsAndServicesSold": "3831000", "operatingIncome": "1959174000", "sellingGeneralAndAdministrative": "259440000", "researchAndDevelopment": "None", "operatingExpenses": "262990000", "investmentIncomeNet": "None", "netInterestIncome": "-146000", "interestIncome": "4471000", "interestExpense": "146000", "nonInterestIncome": "25600000", "otherNonOperatingIncome": "2956000", "depreciation": "None", "depreciationAndAmortization": "13287000", "incomeBeforeTax": "320776000", "incomeTaxExpense": "79735000", "interestAndDebtExpense": "4946000", "netIncomeFromContinuingOperations": "1876069000", "comprehensiveIncomeNetOfTax": "241066000", "ebit": "320922000", "ebitda": "334209000", "netIncome": "241041000"}, {"fiscalDateEnding": "2019-03-31", "reportedCurrency": "USD", "grossProfit": "1724798000", "totalRevenue": "1996693000", "costOfRevenue": "271895000", "costofGoodsAndServicesSold": "2979000", "operatingIncome": "1455882000", "sellingGeneralAndAdministrative": "252727000", "researchAndDevelopment": "None", "operatingExpenses": "268916000", "investmentIncomeNet": "None", "netInterestIncome": "-144000", "interestIncome": "4949000", "interestExpense": "144000", "nonInterestIncome": "24000000", "otherNonOperatingIncome": "552000", "depreciation": "None", "depreciationAndAmortization": "13210000", "incomeBeforeTax": "216703000", "incomeTaxExpense": "49946000", "interestAndDebtExpense": "144000", "netIncomeFromContinuingOperations": "1405000000", "comprehensiveIncomeNetOfTax": "166782000", "ebit": "216847000", "ebitda": "230057000", "netIncome": "166757000"}, {"fiscalDateEnding": "2018-12-31", "reportedCurrency": "USD", "grossProfit": "2999150000", "totalRevenue": "2999150000", "costOfRevenue": "475975000", "costofGoodsAndServicesSold": "85473000", "operatingIncome": "2999150000", "sellingGeneralAndAdministrative": "292317000", "researchAndDevelopment": "None", "operatingExpenses": "390502000", "investmentIncomeNet": "None", "netInterestIncome": "-158000", "interestIncome": "None", "interestExpense": "158000", "nonInterestIncome": "10215731000", "otherNonOperatingIncome": "-20028000", "depreciation": "None", "depreciationAndAmortization": "12712000", "incomeBeforeTax": "329491000", "incomeTaxExpense": "91842000", "interestAndDebtExpense": "158000", "netIncomeFromContinuingOperations": "2907308000", "comprehensiveIncomeNetOfTax": "237673000", "ebit": "329649000", "ebitda": "342361000", "netIncome": "237649000"}, {"fiscalDateEnding": "2018-09-30", "reportedCurrency": "USD", "grossProfit": "2385026000", "totalRevenue": "2649366000", "costOfRevenue": "264340000", "costofGoodsAndServicesSold": "8133000", "operatingIncome": "2128819000", "sellingGeneralAndAdministrative": "252757000", "researchAndDevelopment": "None", "operatingExpenses": "256207000", "investmentIncomeNet": "None", "netInterestIncome": "-152000", "interestIncome": "None", "interestExpense": "152000", "nonInterestIncome": "27800000", "otherNonOperatingIncome": "522000", "depreciation": "None", "depreciationAndAmortization": "12556000", "incomeBeforeTax": "384688000", "incomeTaxExpense": "95153000", "interestAndDebtExpense": "152000", "netIncomeFromContinuingOperations": "2031064000", "comprehensiveIncomeNetOfTax": "289560000", "ebit": "384840000", "ebitda": "397396000", "netIncome": "289535000"}, {"fiscalDateEnding": "2018-06-30", "reportedCurrency": "USD", "grossProfit": "405254000", "totalRevenue": "2569722000", "costOfRevenue": "2164468000", "costofGoodsAndServicesSold": "1902738000", "operatingIncome": "175748000", "sellingGeneralAndAdministrative": "226056000", "researchAndDevelopment": "None", "operatingExpenses": "229506000", "investmentIncomeNet": "None", "netInterestIncome": "-165000", "interestIncome": "None", "interestExpense": "165000", "nonInterestIncome": "29200000", "otherNonOperatingIncome": "2287000", "depreciation": "None", "depreciationAndAmortization": "12271000", "incomeBeforeTax": "409170000", "incomeTaxExpense": "85081000", "interestAndDebtExpense": "165000", "netIncomeFromContinuingOperations": "88976000", "comprehensiveIncomeNetOfTax": "324119000", "ebit": "409335000", "ebitda": "421606000", "netIncome": "324089000"}, {"fiscalDateEnding": "2018-03-31", "reportedCurrency": "USD", "grossProfit": "210190000", "totalRevenue": "1970093000", "costOfRevenue": "1759903000", "costofGoodsAndServicesSold": "1471488000", "operatingIncome": "-46012000", "sellingGeneralAndAdministrative": "240893000", "researchAndDevelopment": "None", "operatingExpenses": "256202000", "investmentIncomeNet": "None", "netInterestIncome": "-143000", "interestIncome": "None", "interestExpense": "143000", "nonInterestIncome": "27000000", "otherNonOperatingIncome": "3369000", "depreciation": "None", "depreciationAndAmortization": "11890000", "incomeBeforeTax": "224191000", "incomeTaxExpense": "53440000", "interestAndDebtExpense": "143000", "netIncomeFromContinuingOperations": "-99799000", "comprehensiveIncomeNetOfTax": "170772000", "ebit": "224334000", "ebitda": "236224000", "netIncome": "170751000"}, {"fiscalDateEnding": "2017-12-31", "reportedCurrency": "USD", "grossProfit": "646126000", "totalRevenue": "2794890000", "costOfRevenue": "2147431000", "costofGoodsAndServicesSold": "-4503440000", "operatingIncome": "646126000", "sellingGeneralAndAdministrative": "201607000", "researchAndDevelopment": "None", "operatingExpenses": "286358000", "investmentIncomeNet": "None", "netInterestIncome": "-132000", "interestIncome": "None", "interestExpense": "132000", "nonInterestIncome": "30800000", "otherNonOperatingIncome": "-26303000", "depreciation": "None", "depreciationAndAmortization": "12309000", "incomeBeforeTax": "408767000", "incomeTaxExpense": "331352000", "interestAndDebtExpense": "132000", "netIncomeFromContinuingOperations": "314774000", "comprehensiveIncomeNetOfTax": "77434000", "ebit": "408899000", "ebitda": "421208000", "netIncome": "77415000"}, {"fiscalDateEnding": "2017-09-30", "reportedCurrency": "USD", "grossProfit": "267896000", "totalRevenue": "2131058000", "costOfRevenue": "1862123000", "costofGoodsAndServicesSold": "1591874000", "operatingIncome": "26951000", "sellingGeneralAndAdministrative": "237495000", "researchAndDevelopment": "None", "operatingExpenses": "240945000", "investmentIncomeNet": "None", "netInterestIncome": "-101000", "interestIncome": "None", "interestExpense": "101000", "nonInterestIncome": "27100000", "otherNonOperatingIncome": "-951000", "depreciation": "None", "depreciationAndAmortization": "12666000", "incomeBeforeTax": "268249000", "incomeTaxExpense": "90710000", "interestAndDebtExpense": "101000", "netIncomeFromContinuingOperations": "-68587000", "comprehensiveIncomeNetOfTax": "177559000", "ebit": "268350000", "ebitda": "281016000", "netIncome": "177539000"}, {"fiscalDateEnding": "2017-06-30", "reportedCurrency": "USD", "grossProfit": "1581000", "totalRevenue": "2021859000", "costOfRevenue": "2019265000", "costofGoodsAndServicesSold": "1763109000", "operatingIncome": "-206297000", "sellingGeneralAndAdministrative": "216211000", "researchAndDevelopment": "None", "operatingExpenses": "207878000", "investmentIncomeNet": "None", "netInterestIncome": "-134000", "interestIncome": "None", "interestExpense": "134000", "nonInterestIncome": "27700000", "otherNonOperatingIncome": "-3277000", "depreciation": "None", "depreciationAndAmortization": "12814000", "incomeBeforeTax": "122547000", "incomeTaxExpense": "21798000", "interestAndDebtExpense": "134000", "netIncomeFromContinuingOperations": "-249932000", "comprehensiveIncomeNetOfTax": "100769000", "ebit": "122681000", "ebitda": "135495000", "netIncome": "100749000"}, {"fiscalDateEnding": "2017-03-31", "reportedCurrency": "USD", "grossProfit": "130078000", "totalRevenue": "1629878000", "costOfRevenue": "1498750000", "costofGoodsAndServicesSold": "1220906000", "operatingIncome": "-119399000", "sellingGeneralAndAdministrative": "236268000", "researchAndDevelopment": "None", "operatingExpenses": "249477000", "investmentIncomeNet": "None", "netInterestIncome": "-137000", "interestIncome": "None", "interestExpense": "137000", "nonInterestIncome": "25300000", "otherNonOperatingIncome": "-1856000", "depreciation": "None", "depreciationAndAmortization": "13209000", "incomeBeforeTax": "139265000", "incomeTaxExpense": "47747000", "interestAndDebtExpense": "137000", "netIncomeFromContinuingOperations": "-169975000", "comprehensiveIncomeNetOfTax": "91539000", "ebit": "139402000", "ebitda": "152611000", "netIncome": "91518000"}, {"fiscalDateEnding": "2016-12-31", "reportedCurrency": "USD", "grossProfit": "657150000", "totalRevenue": "2493078000", "costOfRevenue": "1835928000", "costofGoodsAndServicesSold": "-3945987000", "operatingIncome": "657150000", "sellingGeneralAndAdministrative": "207648000", "researchAndDevelopment": "None", "operatingExpenses": "423941000", "investmentIncomeNet": "None", "netInterestIncome": "-160000", "interestIncome": "None", "interestExpense": "160000", "nonInterestIncome": "32243000", "otherNonOperatingIncome": "-41779000", "depreciation": "None", "depreciationAndAmortization": "13789000", "incomeBeforeTax": "413721000", "incomeTaxExpense": "140549000", "interestAndDebtExpense": "117000", "netIncomeFromContinuingOperations": "516601000", "comprehensiveIncomeNetOfTax": "273195000", "ebit": "413881000", "ebitda": "427670000", "netIncome": "273172000"}]}