{"symbol": "PKG", "annualReports": [{"fiscalDateEnding": "2020-12-31", "reportedCurrency": "USD", "grossProfit": "1369400000", "totalRevenue": "6538200000", "costOfRevenue": "5830000000", "costofGoodsAndServicesSold": "5288800000", "operatingIncome": "723900000", "sellingGeneralAndAdministrative": "539600000", "researchAndDevelopment": "15500000", "operatingExpenses": "597100000", "investmentIncomeNet": "None", "netInterestIncome": "-93500000", "interestIncome": "-86700000", "interestExpense": "6800000", "nonInterestIncome": "6631700000", "otherNonOperatingIncome": "None", "depreciation": "362500000", "depreciationAndAmortization": "2600000", "incomeBeforeTax": "632700000", "incomeTaxExpense": "171700000", "interestAndDebtExpense": "6800000", "netIncomeFromContinuingOperations": "461000000", "comprehensiveIncomeNetOfTax": "476000000", "ebit": "723900000", "ebitda": "642100000", "netIncome": "461000000"}, {"fiscalDateEnding": "2019-12-31", "reportedCurrency": "USD", "grossProfit": "1644000000", "totalRevenue": "6788300000", "costOfRevenue": "5910700000", "costofGoodsAndServicesSold": "5320300000", "operatingIncome": "1053700000", "sellingGeneralAndAdministrative": "557600000", "researchAndDevelopment": "16000000", "operatingExpenses": "615300000", "investmentIncomeNet": "None", "netInterestIncome": "-128800000", "interestIncome": "-119700000", "interestExpense": "9100000", "nonInterestIncome": "6917100000", "otherNonOperatingIncome": "None", "depreciation": "346800000", "depreciationAndAmortization": "23400000", "incomeBeforeTax": "917000000", "incomeTaxExpense": "220600000", "interestAndDebtExpense": "31300000", "netIncomeFromContinuingOperations": "696400000", "comprehensiveIncomeNetOfTax": "675700000", "ebit": "1053700000", "ebitda": "949500000", "netIncome": "696400000"}, {"fiscalDateEnding": "2018-12-31", "reportedCurrency": "USD", "grossProfit": "1645300000", "totalRevenue": "6988800000", "costOfRevenue": "5915900000", "costofGoodsAndServicesSold": "5369300000", "operatingIncome": "1067700000", "sellingGeneralAndAdministrative": "536400000", "researchAndDevelopment": "14400000", "operatingExpenses": "594900000", "investmentIncomeNet": "None", "netInterestIncome": "-95100000", "interestIncome": "-86600000", "interestExpense": "8500000", "nonInterestIncome": "6997300000", "otherNonOperatingIncome": "None", "depreciation": "361700000", "depreciationAndAmortization": "8600000", "incomeBeforeTax": "970500000", "incomeTaxExpense": "232500000", "interestAndDebtExpense": "8500000", "netIncomeFromContinuingOperations": "738000000", "comprehensiveIncomeNetOfTax": "756100000", "ebit": "1067700000", "ebitda": "987600000", "netIncome": "738000000"}, {"fiscalDateEnding": "2017-12-31", "reportedCurrency": "USD", "grossProfit": "1470800000", "totalRevenue": "6424700000", "costOfRevenue": "5506600000", "costofGoodsAndServicesSold": "4974100000", "operatingIncome": "932500000", "sellingGeneralAndAdministrative": "519900000", "researchAndDevelopment": "12800000", "operatingExpenses": "551500000", "investmentIncomeNet": "None", "netInterestIncome": "-102600000", "interestIncome": "-94700000", "interestExpense": "7900000", "nonInterestIncome": "-12300000", "otherNonOperatingIncome": "None", "depreciation": "347800000", "depreciationAndAmortization": "10000000", "incomeBeforeTax": "828600000", "incomeTaxExpense": "160000000", "interestAndDebtExpense": "9700000", "netIncomeFromContinuingOperations": "668600000", "comprehensiveIncomeNetOfTax": "651300000", "ebit": "932500000", "ebitda": "846500000", "netIncome": "668600000"}, {"fiscalDateEnding": "2016-12-31", "reportedCurrency": "USD", "grossProfit": "1276100000", "totalRevenue": "5765800000", "costOfRevenue": "4997200000", "costofGoodsAndServicesSold": "4502900000", "operatingIncome": "783300000", "sellingGeneralAndAdministrative": "468500000", "researchAndDevelopment": "13300000", "operatingExpenses": "512700000", "investmentIncomeNet": "None", "netInterestIncome": "-5900000", "interestIncome": "None", "interestExpense": "5900000", "nonInterestIncome": "-7300000", "otherNonOperatingIncome": "None", "depreciation": "324100000", "depreciationAndAmortization": "7800000", "incomeBeforeTax": "688500000", "incomeTaxExpense": "238900000", "interestAndDebtExpense": "5900000", "netIncomeFromContinuingOperations": "449600000", "comprehensiveIncomeNetOfTax": "434900000", "ebit": "783300000", "ebitda": "702200000", "netIncome": "449600000"}], "quarterlyReports": [{"fiscalDateEnding": "2021-09-30", "reportedCurrency": "USD", "grossProfit": "510700000", "totalRevenue": "1969800000", "costOfRevenue": "1628900000", "costofGoodsAndServicesSold": "1489400000", "operatingIncome": "352800000", "sellingGeneralAndAdministrative": "144500000", "researchAndDevelopment": "None", "operatingExpenses": "164300000", "investmentIncomeNet": "None", "netInterestIncome": "-23900000", "interestIncome": "-23400000", "interestExpense": "500000", "nonInterestIncome": "1993700000", "otherNonOperatingIncome": "None", "depreciation": "95500000", "depreciationAndAmortization": "700000", "incomeBeforeTax": "333900000", "incomeTaxExpense": "83200000", "interestAndDebtExpense": "500000", "netIncomeFromContinuingOperations": "250700000", "comprehensiveIncomeNetOfTax": "253600000", "ebit": "352800000", "ebitda": "335100000", "netIncome": "250700000"}, {"fiscalDateEnding": "2021-06-30", "reportedCurrency": "USD", "grossProfit": "448800000", "totalRevenue": "1846000000", "costOfRevenue": "1572400000", "costofGoodsAndServicesSold": "1431100000", "operatingIncome": "294600000", "sellingGeneralAndAdministrative": "146300000", "researchAndDevelopment": "None", "operatingExpenses": "163200000", "investmentIncomeNet": "None", "netInterestIncome": "-24900000", "interestIncome": "-24400000", "interestExpense": "500000", "nonInterestIncome": "1870900000", "otherNonOperatingIncome": "None", "depreciation": "94500000", "depreciationAndAmortization": "600000", "incomeBeforeTax": "274700000", "incomeTaxExpense": "67400000", "interestAndDebtExpense": "500000", "netIncomeFromContinuingOperations": "207300000", "comprehensiveIncomeNetOfTax": "209700000", "ebit": "294600000", "ebitda": "275800000", "netIncome": "207300000"}, {"fiscalDateEnding": "2021-03-31", "reportedCurrency": "USD", "grossProfit": "403700000", "totalRevenue": "1769000000", "costOfRevenue": "1544400000", "costofGoodsAndServicesSold": "1403500000", "operatingIncome": "238300000", "sellingGeneralAndAdministrative": "145000000", "researchAndDevelopment": "None", "operatingExpenses": "169100000", "investmentIncomeNet": "None", "netInterestIncome": "-23500000", "interestIncome": "-23000000", "interestExpense": "500000", "nonInterestIncome": "1792500000", "otherNonOperatingIncome": "None", "depreciation": "90000000", "depreciationAndAmortization": "700000", "incomeBeforeTax": "219600000", "incomeTaxExpense": "53100000", "interestAndDebtExpense": "500000", "netIncomeFromContinuingOperations": "166500000", "comprehensiveIncomeNetOfTax": "168900000", "ebit": "238300000", "ebitda": "220800000", "netIncome": "166500000"}, {"fiscalDateEnding": "2020-12-31", "reportedCurrency": "USD", "grossProfit": "333300000", "totalRevenue": "1714200000", "costOfRevenue": "1457400000", "costofGoodsAndServicesSold": "1380900000", "operatingIncome": "189300000", "sellingGeneralAndAdministrative": "130300000", "researchAndDevelopment": "None", "operatingExpenses": "146800000", "investmentIncomeNet": "None", "netInterestIncome": "-24400000", "interestIncome": "-19100000", "interestExpense": "5300000", "nonInterestIncome": "1714200000", "otherNonOperatingIncome": "None", "depreciation": "89800000", "depreciationAndAmortization": "700000", "incomeBeforeTax": "165300000", "incomeTaxExpense": "41800000", "interestAndDebtExpense": "5300000", "netIncomeFromContinuingOperations": "189300000", "comprehensiveIncomeNetOfTax": "130000000", "ebit": "189300000", "ebitda": "171300000", "netIncome": "123500000"}, {"fiscalDateEnding": "2020-09-30", "reportedCurrency": "USD", "grossProfit": "345400000", "totalRevenue": "1663800000", "costOfRevenue": "1484300000", "costofGoodsAndServicesSold": "1348300000", "operatingIncome": "209500000", "sellingGeneralAndAdministrative": "127100000", "researchAndDevelopment": "None", "operatingExpenses": "141400000", "investmentIncomeNet": "None", "netInterestIncome": "-24400000", "interestIncome": "-23900000", "interestExpense": "500000", "nonInterestIncome": "1688200000", "otherNonOperatingIncome": "None", "depreciation": "89600000", "depreciationAndAmortization": "9500000", "incomeBeforeTax": "185700000", "incomeTaxExpense": "46600000", "interestAndDebtExpense": "500000", "netIncomeFromContinuingOperations": "139100000", "comprehensiveIncomeNetOfTax": "141600000", "ebit": "209500000", "ebitda": "195700000", "netIncome": "139100000"}, {"fiscalDateEnding": "2020-06-30", "reportedCurrency": "USD", "grossProfit": "325800000", "totalRevenue": "1511500000", "costOfRevenue": "1406700000", "costofGoodsAndServicesSold": "1215800000", "operatingIncome": "116100000", "sellingGeneralAndAdministrative": "136300000", "researchAndDevelopment": "None", "operatingExpenses": "159500000", "investmentIncomeNet": "None", "netInterestIncome": "-25100000", "interestIncome": "-24600000", "interestExpense": "500000", "nonInterestIncome": "1536600000", "otherNonOperatingIncome": "None", "depreciation": "93300000", "depreciationAndAmortization": "700000", "incomeBeforeTax": "91600000", "incomeTaxExpense": "34900000", "interestAndDebtExpense": "500000", "netIncomeFromContinuingOperations": "56700000", "comprehensiveIncomeNetOfTax": "60300000", "ebit": "116100000", "ebitda": "92800000", "netIncome": "56700000"}, {"fiscalDateEnding": "2020-03-31", "reportedCurrency": "USD", "grossProfit": "365000000", "totalRevenue": "1683100000", "costOfRevenue": "1489600000", "costofGoodsAndServicesSold": "1343700000", "operatingIncome": "209100000", "sellingGeneralAndAdministrative": "145900000", "researchAndDevelopment": "None", "operatingExpenses": "161900000", "investmentIncomeNet": "None", "netInterestIncome": "-19600000", "interestIncome": "-19100000", "interestExpense": "500000", "nonInterestIncome": "1702700000", "otherNonOperatingIncome": "None", "depreciation": "89800000", "depreciationAndAmortization": "600000", "incomeBeforeTax": "190100000", "incomeTaxExpense": "48400000", "interestAndDebtExpense": "500000", "netIncomeFromContinuingOperations": "141700000", "comprehensiveIncomeNetOfTax": "144200000", "ebit": "209100000", "ebitda": "191200000", "netIncome": "141700000"}, {"fiscalDateEnding": "2019-12-31", "reportedCurrency": "USD", "grossProfit": "383300000", "totalRevenue": "1720000000", "costOfRevenue": "1494000000", "costofGoodsAndServicesSold": "1336700000", "operatingIncome": "235100000", "sellingGeneralAndAdministrative": "137000000", "researchAndDevelopment": "None", "operatingExpenses": "166500000", "investmentIncomeNet": "None", "netInterestIncome": "-60800000", "interestIncome": "-54700000", "interestExpense": "6100000", "nonInterestIncome": "1720000000", "otherNonOperatingIncome": "None", "depreciation": "88200000", "depreciationAndAmortization": "16900000", "incomeBeforeTax": "172400000", "incomeTaxExpense": "36200000", "interestAndDebtExpense": "28300000", "netIncomeFromContinuingOperations": "235100000", "comprehensiveIncomeNetOfTax": "105500000", "ebit": "235100000", "ebitda": "195400000", "netIncome": "136200000"}, {"fiscalDateEnding": "2019-09-30", "reportedCurrency": "USD", "grossProfit": "411400000", "totalRevenue": "1719600000", "costOfRevenue": "1488200000", "costofGoodsAndServicesSold": "1339300000", "operatingIncome": "262800000", "sellingGeneralAndAdministrative": "136900000", "researchAndDevelopment": "None", "operatingExpenses": "158100000", "investmentIncomeNet": "None", "netInterestIncome": "-21600000", "interestIncome": "-20600000", "interestExpense": "1000000", "nonInterestIncome": "1741200000", "otherNonOperatingIncome": "None", "depreciation": "87600000", "depreciationAndAmortization": "10100000", "incomeBeforeTax": "239300000", "incomeTaxExpense": "59500000", "interestAndDebtExpense": "1000000", "netIncomeFromContinuingOperations": "179800000", "comprehensiveIncomeNetOfTax": "183200000", "ebit": "262800000", "ebitda": "250400000", "netIncome": "179800000"}, {"fiscalDateEnding": "2019-06-30", "reportedCurrency": "USD", "grossProfit": "427900000", "totalRevenue": "1733000000", "costOfRevenue": "1477700000", "costofGoodsAndServicesSold": "1332000000", "operatingIncome": "280400000", "sellingGeneralAndAdministrative": "143700000", "researchAndDevelopment": "None", "operatingExpenses": "152000000", "investmentIncomeNet": "None", "netInterestIncome": "-22400000", "interestIncome": "-21700000", "interestExpense": "700000", "nonInterestIncome": "1755400000", "otherNonOperatingIncome": "None", "depreciation": "85800000", "depreciationAndAmortization": "2100000", "incomeBeforeTax": "256000000", "incomeTaxExpense": "62400000", "interestAndDebtExpense": "700000", "netIncomeFromContinuingOperations": "193600000", "comprehensiveIncomeNetOfTax": "196900000", "ebit": "280400000", "ebitda": "258800000", "netIncome": "193600000"}, {"fiscalDateEnding": "2019-03-31", "reportedCurrency": "USD", "grossProfit": "421400000", "totalRevenue": "1705300000", "costOfRevenue": "1456500000", "costofGoodsAndServicesSold": "1312300000", "operatingIncome": "275400000", "sellingGeneralAndAdministrative": "140000000", "researchAndDevelopment": "None", "operatingExpenses": "150300000", "investmentIncomeNet": "None", "netInterestIncome": "-24100000", "interestIncome": "-23400000", "interestExpense": "700000", "nonInterestIncome": "1729400000", "otherNonOperatingIncome": "None", "depreciation": "85200000", "depreciationAndAmortization": "2200000", "incomeBeforeTax": "249300000", "incomeTaxExpense": "62500000", "interestAndDebtExpense": "700000", "netIncomeFromContinuingOperations": "186800000", "comprehensiveIncomeNetOfTax": "190100000", "ebit": "275400000", "ebitda": "252200000", "netIncome": "186800000"}, {"fiscalDateEnding": "2018-12-31", "reportedCurrency": "USD", "grossProfit": "425400000", "totalRevenue": "1746600000", "costOfRevenue": "1454500000", "costofGoodsAndServicesSold": "1321100000", "operatingIncome": "286700000", "sellingGeneralAndAdministrative": "129700000", "researchAndDevelopment": "14400000", "operatingExpenses": "141600000", "investmentIncomeNet": "None", "netInterestIncome": "-21700000", "interestIncome": "-15200000", "interestExpense": "6500000", "nonInterestIncome": "1746600000", "otherNonOperatingIncome": "None", "depreciation": "86400000", "depreciationAndAmortization": "2100000", "incomeBeforeTax": "264500000", "incomeTaxExpense": "59900000", "interestAndDebtExpense": "6500000", "netIncomeFromContinuingOperations": "286700000", "comprehensiveIncomeNetOfTax": "210900000", "ebit": "286700000", "ebitda": "273100000", "netIncome": "204600000"}, {"fiscalDateEnding": "2018-09-30", "reportedCurrency": "USD", "grossProfit": "443200000", "totalRevenue": "1804100000", "costOfRevenue": "1511100000", "costofGoodsAndServicesSold": "1366700000", "operatingIncome": "298500000", "sellingGeneralAndAdministrative": "134200000", "researchAndDevelopment": "None", "operatingExpenses": "149800000", "investmentIncomeNet": "None", "netInterestIncome": "-23900000", "interestIncome": "-23200000", "interestExpense": "700000", "nonInterestIncome": "1804800000", "otherNonOperatingIncome": "None", "depreciation": "89000000", "depreciationAndAmortization": "10200000", "incomeBeforeTax": "274100000", "incomeTaxExpense": "67400000", "interestAndDebtExpense": "700000", "netIncomeFromContinuingOperations": "206700000", "comprehensiveIncomeNetOfTax": "210700000", "ebit": "298500000", "ebitda": "285000000", "netIncome": "206700000"}, {"fiscalDateEnding": "2018-06-30", "reportedCurrency": "USD", "grossProfit": "420600000", "totalRevenue": "3530200000", "costOfRevenue": "1484600000", "costofGoodsAndServicesSold": "1346900000", "operatingIncome": "269600000", "sellingGeneralAndAdministrative": "137700000", "researchAndDevelopment": "None", "operatingExpenses": "155100000", "investmentIncomeNet": "None", "netInterestIncome": "-23800000", "interestIncome": "-23100000", "interestExpense": "700000", "nonInterestIncome": "1763400000", "otherNonOperatingIncome": "None", "depreciation": "91600000", "depreciationAndAmortization": "2100000", "incomeBeforeTax": "245300000", "incomeTaxExpense": "58700000", "interestAndDebtExpense": "700000", "netIncomeFromContinuingOperations": "186600000", "comprehensiveIncomeNetOfTax": "190600000", "ebit": "269600000", "ebitda": "248100000", "netIncome": "186600000"}, {"fiscalDateEnding": "2018-03-31", "reportedCurrency": "USD", "grossProfit": "356100000", "totalRevenue": "3375400000", "costOfRevenue": "1471700000", "costofGoodsAndServicesSold": "1334500000", "operatingIncome": "212900000", "sellingGeneralAndAdministrative": "134900000", "researchAndDevelopment": "None", "operatingExpenses": "148300000", "investmentIncomeNet": "None", "netInterestIncome": "-25800000", "interestIncome": "-25100000", "interestExpense": "700000", "nonInterestIncome": "1685500000", "otherNonOperatingIncome": "None", "depreciation": "94600000", "depreciationAndAmortization": "2300000", "incomeBeforeTax": "186600000", "incomeTaxExpense": "46500000", "interestAndDebtExpense": "700000", "netIncomeFromContinuingOperations": "140100000", "comprehensiveIncomeNetOfTax": "144000000", "ebit": "212900000", "ebitda": "189600000", "netIncome": "140100000"}, {"fiscalDateEnding": "2017-12-31", "reportedCurrency": "USD", "grossProfit": "371400000", "totalRevenue": "1684300000", "costOfRevenue": "1451600000", "costofGoodsAndServicesSold": "1312900000", "operatingIncome": "252300000", "sellingGeneralAndAdministrative": "133000000", "researchAndDevelopment": "12800000", "operatingExpenses": "121600000", "investmentIncomeNet": "None", "netInterestIncome": "-101100000", "interestIncome": "-94700000", "interestExpense": "6400000", "nonInterestIncome": "1684300000", "otherNonOperatingIncome": "None", "depreciation": "94800000", "depreciationAndAmortization": "4000000", "incomeBeforeTax": "224000000", "incomeTaxExpense": "-44900000", "interestAndDebtExpense": "8200000", "netIncomeFromContinuingOperations": "252000000", "comprehensiveIncomeNetOfTax": "243000000", "ebit": "252300000", "ebitda": "234400000", "netIncome": "268900000"}, {"fiscalDateEnding": "2017-09-30", "reportedCurrency": "USD", "grossProfit": "397000000", "totalRevenue": "1635700000", "costOfRevenue": "1381400000", "costofGoodsAndServicesSold": "1243100000", "operatingIncome": "242600000", "sellingGeneralAndAdministrative": "129600000", "researchAndDevelopment": "None", "operatingExpenses": "158900000", "investmentIncomeNet": "None", "netInterestIncome": "-500000", "interestIncome": "None", "interestExpense": "500000", "nonInterestIncome": "-3900000", "otherNonOperatingIncome": "None", "depreciation": "87000000", "depreciationAndAmortization": "8400000", "incomeBeforeTax": "216900000", "incomeTaxExpense": "77800000", "interestAndDebtExpense": "500000", "netIncomeFromContinuingOperations": "139100000", "comprehensiveIncomeNetOfTax": "142000000", "ebit": "242600000", "ebitda": "225800000", "netIncome": "139100000"}, {"fiscalDateEnding": "2017-06-30", "reportedCurrency": "USD", "grossProfit": "364300000", "totalRevenue": "1581100000", "costOfRevenue": "1350100000", "costofGoodsAndServicesSold": "1219400000", "operatingIncome": "234100000", "sellingGeneralAndAdministrative": "129600000", "researchAndDevelopment": "None", "operatingExpenses": "133200000", "investmentIncomeNet": "None", "netInterestIncome": "-500000", "interestIncome": "None", "interestExpense": "500000", "nonInterestIncome": "-2400000", "otherNonOperatingIncome": "None", "depreciation": "83600000", "depreciationAndAmortization": "2000000", "incomeBeforeTax": "208600000", "incomeTaxExpense": "65400000", "interestAndDebtExpense": "500000", "netIncomeFromContinuingOperations": "143200000", "comprehensiveIncomeNetOfTax": "146000000", "ebit": "234100000", "ebitda": "211100000", "netIncome": "143200000"}, {"fiscalDateEnding": "2017-03-31", "reportedCurrency": "USD", "grossProfit": "338200000", "totalRevenue": "1533700000", "costOfRevenue": "1334200000", "costofGoodsAndServicesSold": "1198000000", "operatingIncome": "203400000", "sellingGeneralAndAdministrative": "127800000", "researchAndDevelopment": "None", "operatingExpenses": "137700000", "investmentIncomeNet": "None", "netInterestIncome": "-500000", "interestIncome": "None", "interestExpense": "500000", "nonInterestIncome": "-2300000", "otherNonOperatingIncome": "None", "depreciation": "82400000", "depreciationAndAmortization": "2000000", "incomeBeforeTax": "179100000", "incomeTaxExpense": "61700000", "interestAndDebtExpense": "500000", "netIncomeFromContinuingOperations": "117400000", "comprehensiveIncomeNetOfTax": "120300000", "ebit": "203400000", "ebitda": "181600000", "netIncome": "117400000"}, {"fiscalDateEnding": "2016-12-31", "reportedCurrency": "USD", "grossProfit": "327100000", "totalRevenue": "1476600000", "costOfRevenue": "1291600000", "costofGoodsAndServicesSold": "1149100000", "operatingIncome": "192900000", "sellingGeneralAndAdministrative": "122500000", "researchAndDevelopment": "13300000", "operatingExpenses": "151500000", "investmentIncomeNet": "None", "netInterestIncome": "-4500000", "interestIncome": "None", "interestExpense": "4500000", "nonInterestIncome": "-3800000", "otherNonOperatingIncome": "None", "depreciation": "83600000", "depreciationAndAmortization": "2000000", "incomeBeforeTax": "168500000", "incomeTaxExpense": "57900000", "interestAndDebtExpense": "4500000", "netIncomeFromContinuingOperations": "192900000", "comprehensiveIncomeNetOfTax": "85300000", "ebit": "192900000", "ebitda": "175000000", "netIncome": "110600000"}]}