{"symbol": "PKI", "annualReports": [{"fiscalDateEnding": "2020-12-31", "reportedCurrency": "USD", "grossProfit": "2109877000", "totalRevenue": "3782745000", "costOfRevenue": "1672868000", "costofGoodsAndServicesSold": "-1672868000", "operatingIncome": "978581000", "sellingGeneralAndAdministrative": "917894000", "researchAndDevelopment": "205389000", "operatingExpenses": "1131296000", "investmentIncomeNet": "None", "netInterestIncome": "-48702000", "interestIncome": "-48702000", "interestExpense": "49712000", "nonInterestIncome": "None", "otherNonOperatingIncome": "-23515000", "depreciation": "54000000", "depreciationAndAmortization": "246507000", "incomeBeforeTax": "906153000", "incomeTaxExpense": "178266000", "interestAndDebtExpense": "None", "netIncomeFromContinuingOperations": "728098000", "comprehensiveIncomeNetOfTax": "895572000", "ebit": "955865000", "ebitda": "1225088000", "netIncome": "727887000"}, {"fiscalDateEnding": "2019-12-31", "reportedCurrency": "USD", "grossProfit": "1396055000", "totalRevenue": "2883673000", "costOfRevenue": "1487618000", "costofGoodsAndServicesSold": "1487618000", "operatingIncome": "361973000", "sellingGeneralAndAdministrative": "815318000", "researchAndDevelopment": "189336000", "operatingExpenses": "1204982000", "investmentIncomeNet": "1495000", "netInterestIncome": "-63627000", "interestIncome": "1495000", "interestExpense": "63627000", "nonInterestIncome": "2909714000", "otherNonOperatingIncome": "-27689000", "depreciation": "49700000", "depreciationAndAmortization": "164300000", "incomeBeforeTax": "236947000", "incomeTaxExpense": "9389000", "interestAndDebtExpense": "31086000", "netIncomeFromContinuingOperations": "227753000", "comprehensiveIncomeNetOfTax": "204393000", "ebit": "300574000", "ebitda": "464874000", "netIncome": "227558000"}, {"fiscalDateEnding": "2018-12-31", "reportedCurrency": "USD", "grossProfit": "1340939000", "totalRevenue": "2777996000", "costOfRevenue": "1437057000", "costofGoodsAndServicesSold": "1437057000", "operatingIncome": "323884000", "sellingGeneralAndAdministrative": "811913000", "researchAndDevelopment": "193998000", "operatingExpenses": "1168755000", "investmentIncomeNet": "1141000", "netInterestIncome": "-66976000", "interestIncome": "1141000", "interestExpense": "66976000", "nonInterestIncome": "2789196000", "otherNonOperatingIncome": "-13210000", "depreciation": "44700000", "depreciationAndAmortization": "135900000", "incomeBeforeTax": "258135000", "incomeTaxExpense": "20208000", "interestAndDebtExpense": "66976000", "netIncomeFromContinuingOperations": "237475000", "comprehensiveIncomeNetOfTax": "107964000", "ebit": "325111000", "ebitda": "461011000", "netIncome": "237927000"}, {"fiscalDateEnding": "2017-12-31", "reportedCurrency": "USD", "grossProfit": "1073754000", "totalRevenue": "2256982000", "costOfRevenue": "1183228000", "costofGoodsAndServicesSold": "1183951000", "operatingIncome": "295615000", "sellingGeneralAndAdministrative": "626018000", "researchAndDevelopment": "139464000", "operatingExpenses": "841928000", "investmentIncomeNet": "2571000", "netInterestIncome": "-43940000", "interestIncome": "2571000", "interestExpense": "43940000", "nonInterestIncome": "31000000", "otherNonOperatingIncome": "42781000", "depreciation": "31300000", "depreciationAndAmortization": "73700000", "incomeBeforeTax": "432461000", "incomeTaxExpense": "139828000", "interestAndDebtExpense": "43940000", "netIncomeFromContinuingOperations": "156890000", "comprehensiveIncomeNetOfTax": "346976000", "ebit": "476401000", "ebitda": "550101000", "netIncome": "292633000"}, {"fiscalDateEnding": "2016-12-31", "reportedCurrency": "USD", "grossProfit": "1013353000", "totalRevenue": "2115517000", "costOfRevenue": "1102164000", "costofGoodsAndServicesSold": "1102164000", "operatingIncome": "294582000", "sellingGeneralAndAdministrative": "590471000", "researchAndDevelopment": "124184000", "operatingExpenses": "801787000", "investmentIncomeNet": "702000", "netInterestIncome": "-41528000", "interestIncome": "702000", "interestExpense": "41528000", "nonInterestIncome": "1500000", "otherNonOperatingIncome": "-15250000", "depreciation": "28500000", "depreciationAndAmortization": "71500000", "incomeBeforeTax": "262661000", "incomeTaxExpense": "28362000", "interestAndDebtExpense": "41528000", "netIncomeFromContinuingOperations": "215706000", "comprehensiveIncomeNetOfTax": "179394000", "ebit": "304189000", "ebitda": "375689000", "netIncome": "234299000"}], "quarterlyReports": [{"fiscalDateEnding": "2021-09-30", "reportedCurrency": "USD", "grossProfit": "106858000", "totalRevenue": "1124253000", "costOfRevenue": "1017395000", "costofGoodsAndServicesSold": "534848000", "operatingIncome": "221970000", "sellingGeneralAndAdministrative": "339047000", "researchAndDevelopment": "68608000", "operatingExpenses": "551155000", "investmentIncomeNet": "544000", "netInterestIncome": "-43531000", "interestIncome": "544000", "interestExpense": "43531000", "nonInterestIncome": "1167784000", "otherNonOperatingIncome": "2050000", "depreciation": "None", "depreciationAndAmortization": "71000000", "incomeBeforeTax": "161621000", "incomeTaxExpense": "33883000", "interestAndDebtExpense": "43531000", "netIncomeFromContinuingOperations": "127785000", "comprehensiveIncomeNetOfTax": "73979000", "ebit": "205152000", "ebitda": "276152000", "netIncome": "127738000"}, {"fiscalDateEnding": "2021-06-30", "reportedCurrency": "USD", "grossProfit": "317225000", "totalRevenue": "1212521000", "costOfRevenue": "895296000", "costofGoodsAndServicesSold": "543277000", "operatingIncome": "332488000", "sellingGeneralAndAdministrative": "281819000", "researchAndDevelopment": "65824000", "operatingExpenses": "417843000", "investmentIncomeNet": "367000", "netInterestIncome": "-16750000", "interestIncome": "367000", "interestExpense": "16750000", "nonInterestIncome": "1229271000", "otherNonOperatingIncome": "1319000", "depreciation": "None", "depreciationAndAmortization": "59600000", "incomeBeforeTax": "326019000", "incomeTaxExpense": "80089000", "interestAndDebtExpense": "16750000", "netIncomeFromContinuingOperations": "245968000", "comprehensiveIncomeNetOfTax": "257665000", "ebit": "342769000", "ebitda": "402369000", "netIncome": "245930000"}, {"fiscalDateEnding": "2021-03-31", "reportedCurrency": "USD", "grossProfit": "453966000", "totalRevenue": "1292263000", "costOfRevenue": "838297000", "costofGoodsAndServicesSold": "522543000", "operatingIncome": "467776000", "sellingGeneralAndAdministrative": "251410000", "researchAndDevelopment": "60216000", "operatingExpenses": "375970000", "investmentIncomeNet": "411000", "netInterestIncome": "-14126000", "interestIncome": "5583000", "interestExpense": "14126000", "nonInterestIncome": "1306389000", "otherNonOperatingIncome": "7123000", "depreciation": "None", "depreciationAndAmortization": "54200000", "incomeBeforeTax": "480444000", "incomeTaxExpense": "101139000", "interestAndDebtExpense": "14126000", "netIncomeFromContinuingOperations": "379343000", "comprehensiveIncomeNetOfTax": "307094000", "ebit": "494570000", "ebitda": "548770000", "netIncome": "379305000"}, {"fiscalDateEnding": "2020-12-31", "reportedCurrency": "USD", "grossProfit": "827065000", "totalRevenue": "1354606000", "costOfRevenue": "527541000", "costofGoodsAndServicesSold": "527541000", "operatingIncome": "510254000", "sellingGeneralAndAdministrative": "263050000", "researchAndDevelopment": "56823000", "operatingExpenses": "319873000", "investmentIncomeNet": "None", "netInterestIncome": "-12056000", "interestIncome": "-12056000", "interestExpense": "12404000", "nonInterestIncome": "None", "otherNonOperatingIncome": "-25107000", "depreciation": "None", "depreciationAndAmortization": "63986000", "incomeBeforeTax": "473018000", "incomeTaxExpense": "92657000", "interestAndDebtExpense": "None", "netIncomeFromContinuingOperations": "380434000", "comprehensiveIncomeNetOfTax": "492167000", "ebit": "485422000", "ebitda": "549408000", "netIncome": "380361000"}, {"fiscalDateEnding": "2020-09-30", "reportedCurrency": "USD", "grossProfit": "527445000", "totalRevenue": "964025000", "costOfRevenue": "436580000", "costofGoodsAndServicesSold": "436580000", "operatingIncome": "248006000", "sellingGeneralAndAdministrative": "225249000", "researchAndDevelopment": "50131000", "operatingExpenses": "4059000", "investmentIncomeNet": "205000", "netInterestIncome": "-12057000", "interestIncome": "-11852000", "interestExpense": "12057000", "nonInterestIncome": "965925000", "otherNonOperatingIncome": "-2397000", "depreciation": "None", "depreciationAndAmortization": "48900000", "incomeBeforeTax": "233720000", "incomeTaxExpense": "57021000", "interestAndDebtExpense": "12057000", "netIncomeFromContinuingOperations": "176736000", "comprehensiveIncomeNetOfTax": "249604000", "ebit": "245777000", "ebitda": "294677000", "netIncome": "176699000"}, {"fiscalDateEnding": "2020-07-05", "reportedCurrency": "USD", "grossProfit": "447344000", "totalRevenue": "811718000", "costOfRevenue": "364374000", "costofGoodsAndServicesSold": "364374000", "operatingIncome": "175639000", "sellingGeneralAndAdministrative": "221026000", "researchAndDevelopment": "49521000", "operatingExpenses": "1158000", "investmentIncomeNet": "192000", "netInterestIncome": "-11586000", "interestIncome": "-11394000", "interestExpense": "11586000", "nonInterestIncome": "818118000", "otherNonOperatingIncome": "582000", "depreciation": "None", "depreciationAndAmortization": "46700000", "incomeBeforeTax": "164776000", "incomeTaxExpense": "27614000", "interestAndDebtExpense": "11586000", "netIncomeFromContinuingOperations": "137213000", "comprehensiveIncomeNetOfTax": "198817000", "ebit": "176362000", "ebitda": "223062000", "netIncome": "137162000"}, {"fiscalDateEnding": "2020-04-05", "reportedCurrency": "USD", "grossProfit": "308023000", "totalRevenue": "652396000", "costOfRevenue": "344373000", "costofGoodsAndServicesSold": "344373000", "operatingIncome": "44682000", "sellingGeneralAndAdministrative": "208569000", "researchAndDevelopment": "48914000", "operatingExpenses": "5858000", "investmentIncomeNet": "265000", "netInterestIncome": "-13665000", "interestIncome": "265000", "interestExpense": "13665000", "nonInterestIncome": "644496000", "otherNonOperatingIncome": "3407000", "depreciation": "None", "depreciationAndAmortization": "47300000", "incomeBeforeTax": "34639000", "incomeTaxExpense": "974000", "interestAndDebtExpense": "13665000", "netIncomeFromContinuingOperations": "33715000", "comprehensiveIncomeNetOfTax": "-45016000", "ebit": "48304000", "ebitda": "95604000", "netIncome": "33665000"}, {"fiscalDateEnding": "2019-12-31", "reportedCurrency": "USD", "grossProfit": "398181000", "totalRevenue": "805496000", "costOfRevenue": "407315000", "costofGoodsAndServicesSold": "407315000", "operatingIncome": "138248000", "sellingGeneralAndAdministrative": "210737000", "researchAndDevelopment": "47636000", "operatingExpenses": "1560000", "investmentIncomeNet": "570000", "netInterestIncome": "-14421000", "interestIncome": "570000", "interestExpense": "14421000", "nonInterestIncome": "840266000", "otherNonOperatingIncome": "-27031000", "depreciation": "None", "depreciationAndAmortization": "43100000", "incomeBeforeTax": "65248000", "incomeTaxExpense": "747000", "interestAndDebtExpense": "-17649000", "netIncomeFromContinuingOperations": "64549000", "comprehensiveIncomeNetOfTax": "108312000", "ebit": "79669000", "ebitda": "122769000", "netIncome": "64501000"}, {"fiscalDateEnding": "2019-09-30", "reportedCurrency": "USD", "grossProfit": "342275000", "totalRevenue": "706923000", "costOfRevenue": "364648000", "costofGoodsAndServicesSold": "364648000", "operatingIncome": "78660000", "sellingGeneralAndAdministrative": "204171000", "researchAndDevelopment": "45376000", "operatingExpenses": "291647000", "investmentIncomeNet": "292000", "netInterestIncome": "-16149000", "interestIncome": "292000", "interestExpense": "16149000", "nonInterestIncome": "702694000", "otherNonOperatingIncome": "922000", "depreciation": "None", "depreciationAndAmortization": "41300000", "incomeBeforeTax": "63202000", "incomeTaxExpense": "4644000", "interestAndDebtExpense": "15678000", "netIncomeFromContinuingOperations": "58610000", "comprehensiveIncomeNetOfTax": "-4147000", "ebit": "79351000", "ebitda": "120651000", "netIncome": "58558000"}, {"fiscalDateEnding": "2019-06-30", "reportedCurrency": "USD", "grossProfit": "347793000", "totalRevenue": "722517000", "costOfRevenue": "374724000", "costofGoodsAndServicesSold": "374724000", "operatingIncome": "91735000", "sellingGeneralAndAdministrative": "201553000", "researchAndDevelopment": "48344000", "operatingExpenses": "294397000", "investmentIncomeNet": "350000", "netInterestIncome": "-17207000", "interestIncome": "350000", "interestExpense": "17207000", "nonInterestIncome": "718117000", "otherNonOperatingIncome": "-2715000", "depreciation": "None", "depreciationAndAmortization": "41200000", "incomeBeforeTax": "71773000", "incomeTaxExpense": "2686000", "interestAndDebtExpense": "17207000", "netIncomeFromContinuingOperations": "69141000", "comprehensiveIncomeNetOfTax": "61870000", "ebit": "88980000", "ebitda": "130180000", "netIncome": "69087000"}, {"fiscalDateEnding": "2019-03-31", "reportedCurrency": "USD", "grossProfit": "307806000", "totalRevenue": "648737000", "costOfRevenue": "340931000", "costofGoodsAndServicesSold": "340931000", "operatingIncome": "53330000", "sellingGeneralAndAdministrative": "198857000", "researchAndDevelopment": "47980000", "operatingExpenses": "294797000", "investmentIncomeNet": "283000", "netInterestIncome": "-15850000", "interestIncome": "283000", "interestExpense": "15850000", "nonInterestIncome": "648637000", "otherNonOperatingIncome": "1135000", "depreciation": "None", "depreciationAndAmortization": "38700000", "incomeBeforeTax": "36724000", "incomeTaxExpense": "1312000", "interestAndDebtExpense": "15850000", "netIncomeFromContinuingOperations": "35453000", "comprehensiveIncomeNetOfTax": "38358000", "ebit": "52574000", "ebitda": "91274000", "netIncome": "35412000"}, {"fiscalDateEnding": "2018-12-31", "reportedCurrency": "USD", "grossProfit": "376250000", "totalRevenue": "756349000", "costOfRevenue": "380099000", "costofGoodsAndServicesSold": "380099000", "operatingIncome": "115683000", "sellingGeneralAndAdministrative": "210539000", "researchAndDevelopment": "51970000", "operatingExpenses": "-1942000", "investmentIncomeNet": "387000", "netInterestIncome": "-16231000", "interestIncome": "None", "interestExpense": "16231000", "nonInterestIncome": "758749000", "otherNonOperatingIncome": "-20223000", "depreciation": "None", "depreciationAndAmortization": "35200000", "incomeBeforeTax": "79399000", "incomeTaxExpense": "8107000", "interestAndDebtExpense": "16231000", "netIncomeFromContinuingOperations": "71322000", "comprehensiveIncomeNetOfTax": "55459000", "ebit": "95630000", "ebitda": "130830000", "netIncome": "71292000"}, {"fiscalDateEnding": "2018-09-30", "reportedCurrency": "USD", "grossProfit": "332327000", "totalRevenue": "674313000", "costOfRevenue": "341986000", "costofGoodsAndServicesSold": "341986000", "operatingIncome": "80202000", "sellingGeneralAndAdministrative": "196769000", "researchAndDevelopment": "48848000", "operatingExpenses": "282617000", "investmentIncomeNet": "316000", "netInterestIncome": "-16684000", "interestIncome": "None", "interestExpense": "16684000", "nonInterestIncome": "670013000", "otherNonOperatingIncome": "1176000", "depreciation": "None", "depreciationAndAmortization": "35300000", "incomeBeforeTax": "79144000", "incomeTaxExpense": "2596000", "interestAndDebtExpense": "16684000", "netIncomeFromContinuingOperations": "75445000", "comprehensiveIncomeNetOfTax": "46466000", "ebit": "95828000", "ebitda": "131128000", "netIncome": "76548000"}, {"fiscalDateEnding": "2018-06-30", "reportedCurrency": "USD", "grossProfit": "340140000", "totalRevenue": "703362000", "costOfRevenue": "363222000", "costofGoodsAndServicesSold": "363222000", "operatingIncome": "88064000", "sellingGeneralAndAdministrative": "204880000", "researchAndDevelopment": "47196000", "operatingExpenses": "286276000", "investmentIncomeNet": "173000", "netInterestIncome": "-16411000", "interestIncome": "None", "interestExpense": "16411000", "nonInterestIncome": "690462000", "otherNonOperatingIncome": "-118000", "depreciation": "None", "depreciationAndAmortization": "32500000", "incomeBeforeTax": "71098000", "incomeTaxExpense": "7035000", "interestAndDebtExpense": "16411000", "netIncomeFromContinuingOperations": "64673000", "comprehensiveIncomeNetOfTax": "-38525000", "ebit": "87509000", "ebitda": "120009000", "netIncome": "64063000"}, {"fiscalDateEnding": "2018-03-31", "reportedCurrency": "USD", "grossProfit": "292222000", "totalRevenue": "643972000", "costOfRevenue": "351750000", "costofGoodsAndServicesSold": "351750000", "operatingIncome": "39935000", "sellingGeneralAndAdministrative": "199725000", "researchAndDevelopment": "45984000", "operatingExpenses": "6578000", "investmentIncomeNet": "265000", "netInterestIncome": "-17650000", "interestIncome": "None", "interestExpense": "17650000", "nonInterestIncome": "669972000", "otherNonOperatingIncome": "5955000", "depreciation": "None", "depreciationAndAmortization": "32900000", "incomeBeforeTax": "28494000", "incomeTaxExpense": "2470000", "interestAndDebtExpense": "17650000", "netIncomeFromContinuingOperations": "26035000", "comprehensiveIncomeNetOfTax": "44564000", "ebit": "46144000", "ebitda": "79044000", "netIncome": "26024000"}, {"fiscalDateEnding": "2017-12-31", "reportedCurrency": "USD", "grossProfit": "307429000", "totalRevenue": "641630000", "costOfRevenue": "334201000", "costofGoodsAndServicesSold": "334535000", "operatingIncome": "93583000", "sellingGeneralAndAdministrative": "176376000", "researchAndDevelopment": "37733000", "operatingExpenses": "-263000", "investmentIncomeNet": "1059000", "netInterestIncome": "-11430000", "interestIncome": "None", "interestExpense": "11430000", "nonInterestIncome": "-1589752000", "otherNonOperatingIncome": "-2315000", "depreciation": "None", "depreciationAndAmortization": "21400000", "incomeBeforeTax": "78216000", "incomeTaxExpense": "119333000", "interestAndDebtExpense": "11430000", "netIncomeFromContinuingOperations": "-38444000", "comprehensiveIncomeNetOfTax": "-34060000", "ebit": "89646000", "ebitda": "111046000", "netIncome": "-41117000"}, {"fiscalDateEnding": "2017-09-30", "reportedCurrency": "USD", "grossProfit": "268967000", "totalRevenue": "554275000", "costOfRevenue": "285308000", "costofGoodsAndServicesSold": "285453000", "operatingIncome": "78038000", "sellingGeneralAndAdministrative": "152775000", "researchAndDevelopment": "34885000", "operatingExpenses": "3269000", "investmentIncomeNet": "802000", "netInterestIncome": "-10974000", "interestIncome": "None", "interestExpense": "10974000", "nonInterestIncome": "556975000", "otherNonOperatingIncome": "37188000", "depreciation": "None", "depreciationAndAmortization": "17700000", "incomeBeforeTax": "99586000", "incomeTaxExpense": "8508000", "interestAndDebtExpense": "10974000", "netIncomeFromContinuingOperations": "96546000", "comprehensiveIncomeNetOfTax": "100930000", "ebit": "110560000", "ebitda": "128260000", "netIncome": "91078000"}, {"fiscalDateEnding": "2017-06-30", "reportedCurrency": "USD", "grossProfit": "257602000", "totalRevenue": "546962000", "costOfRevenue": "289360000", "costofGoodsAndServicesSold": "289459000", "operatingIncome": "74183000", "sellingGeneralAndAdministrative": "149859000", "researchAndDevelopment": "33560000", "operatingExpenses": "204619000", "investmentIncomeNet": "490000", "netInterestIncome": "-10672000", "interestIncome": "None", "interestExpense": "10672000", "nonInterestIncome": "548162000", "otherNonOperatingIncome": "7092000", "depreciation": "None", "depreciationAndAmortization": "17500000", "incomeBeforeTax": "212135000", "incomeTaxExpense": "8066000", "interestAndDebtExpense": "10672000", "netIncomeFromContinuingOperations": "62726000", "comprehensiveIncomeNetOfTax": "222272000", "ebit": "222807000", "ebitda": "240307000", "netIncome": "204069000"}, {"fiscalDateEnding": "2017-03-31", "reportedCurrency": "USD", "grossProfit": "239756000", "totalRevenue": "514115000", "costOfRevenue": "274359000", "costofGoodsAndServicesSold": "274359000", "operatingIncome": "49811000", "sellingGeneralAndAdministrative": "147008000", "researchAndDevelopment": "33286000", "operatingExpenses": "9651000", "investmentIncomeNet": "220000", "netInterestIncome": "-10864000", "interestIncome": "None", "interestExpense": "10864000", "nonInterestIncome": "1400000", "otherNonOperatingIncome": "816000", "depreciation": "None", "depreciationAndAmortization": "17000000", "incomeBeforeTax": "42524000", "incomeTaxExpense": "3921000", "interestAndDebtExpense": "10864000", "netIncomeFromContinuingOperations": "36062000", "comprehensiveIncomeNetOfTax": "57834000", "ebit": "53388000", "ebitda": "70388000", "netIncome": "38603000"}, {"fiscalDateEnding": "2016-12-31", "reportedCurrency": "USD", "grossProfit": "276163000", "totalRevenue": "566770000", "costOfRevenue": "290607000", "costofGoodsAndServicesSold": "290607000", "operatingIncome": "80442000", "sellingGeneralAndAdministrative": "152381000", "researchAndDevelopment": "32832000", "operatingExpenses": "217845000", "investmentIncomeNet": "341000", "netInterestIncome": "-10750000", "interestIncome": "None", "interestExpense": "10750000", "nonInterestIncome": "3500000", "otherNonOperatingIncome": "-12363000", "depreciation": "None", "depreciationAndAmortization": "17600000", "incomeBeforeTax": "71746000", "incomeTaxExpense": "6897000", "interestAndDebtExpense": "10750000", "netIncomeFromContinuingOperations": "62289000", "comprehensiveIncomeNetOfTax": "18773000", "ebit": "82496000", "ebitda": "100096000", "netIncome": "64849000"}]}