{"symbol": "PNR", "annualReports": [{"fiscalDateEnding": "2020-12-31", "reportedCurrency": "USD", "grossProfit": "1057600000", "totalRevenue": "2994800000", "costOfRevenue": "2494800000", "costofGoodsAndServicesSold": "1960200000", "operatingIncome": "461400000", "sellingGeneralAndAdministrative": "520500000", "researchAndDevelopment": "75700000", "operatingExpenses": "610000000", "investmentIncomeNet": "None", "netInterestIncome": "-23900000", "interestIncome": "-23900000", "interestExpense": "23900000", "nonInterestIncome": "3017700000", "otherNonOperatingIncome": "-5300000", "depreciation": "46700000", "depreciationAndAmortization": "75100000", "incomeBeforeTax": "433600000", "incomeTaxExpense": "75000000", "interestAndDebtExpense": "0", "netIncomeFromContinuingOperations": "357100000", "comprehensiveIncomeNetOfTax": "377800000", "ebit": "461400000", "ebitda": "532600000", "netIncome": "358600000"}, {"fiscalDateEnding": "2019-12-31", "reportedCurrency": "USD", "grossProfit": "1051500000", "totalRevenue": "2957200000", "costOfRevenue": "1905700000", "costofGoodsAndServicesSold": "1905700000", "operatingIncome": "432500000", "sellingGeneralAndAdministrative": "540100000", "researchAndDevelopment": "78900000", "operatingExpenses": "653400000", "investmentIncomeNet": "None", "netInterestIncome": "-30100000", "interestIncome": "-30100000", "interestExpense": "30100000", "nonInterestIncome": "2959400000", "otherNonOperatingIncome": "2900000", "depreciation": "48300000", "depreciationAndAmortization": "80000000", "incomeBeforeTax": "401500000", "incomeTaxExpense": "45800000", "interestAndDebtExpense": "30100000", "netIncomeFromContinuingOperations": "361700000", "comprehensiveIncomeNetOfTax": "357800000", "ebit": "431600000", "ebitda": "511600000", "netIncome": "355700000"}, {"fiscalDateEnding": "2018-12-31", "reportedCurrency": "USD", "grossProfit": "1047700000", "totalRevenue": "2965100000", "costOfRevenue": "1917400000", "costofGoodsAndServicesSold": "1917400000", "operatingIncome": "436700000", "sellingGeneralAndAdministrative": "534300000", "researchAndDevelopment": "76700000", "operatingExpenses": "670900000", "investmentIncomeNet": "None", "netInterestIncome": "-32600000", "interestIncome": "-32600000", "interestExpense": "32600000", "nonInterestIncome": "2940700000", "otherNonOperatingIncome": "100000", "depreciation": "49700000", "depreciationAndAmortization": "84600000", "incomeBeforeTax": "405500000", "incomeTaxExpense": "58100000", "interestAndDebtExpense": "49700000", "netIncomeFromContinuingOperations": "321700000", "comprehensiveIncomeNetOfTax": "362200000", "ebit": "438100000", "ebitda": "522700000", "netIncome": "347400000"}, {"fiscalDateEnding": "2017-12-31", "reportedCurrency": "USD", "grossProfit": "987500000", "totalRevenue": "2845700000", "costOfRevenue": "1858200000", "costofGoodsAndServicesSold": "1858200000", "operatingIncome": "378300000", "sellingGeneralAndAdministrative": "536000000", "researchAndDevelopment": "73200000", "operatingExpenses": "1243200000", "investmentIncomeNet": "9900000", "netInterestIncome": "-87300000", "interestIncome": "9900000", "interestExpense": "87300000", "nonInterestIncome": "-105600000", "otherNonOperatingIncome": "-12600000", "depreciation": "50800000", "depreciationAndAmortization": "182900000", "incomeBeforeTax": "725200000", "incomeTaxExpense": "58700000", "interestAndDebtExpense": "198600000", "netIncomeFromContinuingOperations": "114100000", "comprehensiveIncomeNetOfTax": "1159400000", "ebit": "812500000", "ebitda": "955800000", "netIncome": "666500000"}, {"fiscalDateEnding": "2016-12-31", "reportedCurrency": "USD", "grossProfit": "959100000", "totalRevenue": "4737700000", "costOfRevenue": "4113000000", "costofGoodsAndServicesSold": "1821500000", "operatingIncome": "354400000", "sellingGeneralAndAdministrative": "531400000", "researchAndDevelopment": "73300000", "operatingExpenses": "1135100000", "investmentIncomeNet": "8300000", "netInterestIncome": "-140100000", "interestIncome": "8300000", "interestExpense": "140100000", "nonInterestIncome": "-3900000", "otherNonOperatingIncome": "-3900000", "depreciation": "53000000", "depreciationAndAmortization": "181000000", "incomeBeforeTax": "564900000", "incomeTaxExpense": "42700000", "interestAndDebtExpense": "148400000", "netIncomeFromContinuingOperations": "178200000", "comprehensiveIncomeNetOfTax": "430900000", "ebit": "705000000", "ebitda": "961000000", "netIncome": "522200000"}], "quarterlyReports": [{"fiscalDateEnding": "2021-09-30", "reportedCurrency": "USD", "grossProfit": "334800000", "totalRevenue": "969200000", "costOfRevenue": "634400000", "costofGoodsAndServicesSold": "634400000", "operatingIncome": "167300000", "sellingGeneralAndAdministrative": "145600000", "researchAndDevelopment": "21900000", "operatingExpenses": "170100000", "investmentIncomeNet": "None", "netInterestIncome": "-2600000", "interestIncome": "-2600000", "interestExpense": "2600000", "nonInterestIncome": "970600000", "otherNonOperatingIncome": "-300000", "depreciation": "12800000", "depreciationAndAmortization": "18800000", "incomeBeforeTax": "165700000", "incomeTaxExpense": "22100000", "interestAndDebtExpense": "None", "netIncomeFromContinuingOperations": "143700000", "comprehensiveIncomeNetOfTax": "136700000", "ebit": "167300000", "ebitda": "187100000", "netIncome": "143600000"}, {"fiscalDateEnding": "2021-06-30", "reportedCurrency": "USD", "grossProfit": "341000000", "totalRevenue": "941100000", "costOfRevenue": "600100000", "costofGoodsAndServicesSold": "600100000", "operatingIncome": "161800000", "sellingGeneralAndAdministrative": "158200000", "researchAndDevelopment": "21000000", "operatingExpenses": "185300000", "investmentIncomeNet": "None", "netInterestIncome": "-3800000", "interestIncome": "-3800000", "interestExpense": "3800000", "nonInterestIncome": "941100000", "otherNonOperatingIncome": "-300000", "depreciation": "12800000", "depreciationAndAmortization": "19100000", "incomeBeforeTax": "157200000", "incomeTaxExpense": "25100000", "interestAndDebtExpense": "None", "netIncomeFromContinuingOperations": "132600000", "comprehensiveIncomeNetOfTax": "136400000", "ebit": "161800000", "ebitda": "180100000", "netIncome": "132100000"}, {"fiscalDateEnding": "2021-03-31", "reportedCurrency": "USD", "grossProfit": "315200000", "totalRevenue": "865900000", "costOfRevenue": "550700000", "costofGoodsAndServicesSold": "550700000", "operatingIncome": "157100000", "sellingGeneralAndAdministrative": "136600000", "researchAndDevelopment": "21500000", "operatingExpenses": "159300000", "investmentIncomeNet": "None", "netInterestIncome": "-5100000", "interestIncome": "-5100000", "interestExpense": "5100000", "nonInterestIncome": "865900000", "otherNonOperatingIncome": "-400000", "depreciation": "12700000", "depreciationAndAmortization": "19800000", "incomeBeforeTax": "149100000", "incomeTaxExpense": "20500000", "interestAndDebtExpense": "None", "netIncomeFromContinuingOperations": "131100000", "comprehensiveIncomeNetOfTax": "124900000", "ebit": "157100000", "ebitda": "174000000", "netIncome": "128600000"}, {"fiscalDateEnding": "2020-12-31", "reportedCurrency": "USD", "grossProfit": "283500000", "totalRevenue": "796000000", "costOfRevenue": "662900000", "costofGoodsAndServicesSold": "512500000", "operatingIncome": "121500000", "sellingGeneralAndAdministrative": "141900000", "researchAndDevelopment": "20100000", "operatingExpenses": "169400000", "investmentIncomeNet": "None", "netInterestIncome": "-3900000", "interestIncome": "-3900000", "interestExpense": "3900000", "nonInterestIncome": "796000000", "otherNonOperatingIncome": "-6900000", "depreciation": "12300000", "depreciationAndAmortization": "19200000", "incomeBeforeTax": "113900000", "incomeTaxExpense": "10900000", "interestAndDebtExpense": "None", "netIncomeFromContinuingOperations": "99800000", "comprehensiveIncomeNetOfTax": "108000000", "ebit": "121500000", "ebitda": "137000000", "netIncome": "103000000"}, {"fiscalDateEnding": "2020-09-30", "reportedCurrency": "USD", "grossProfit": "277400000", "totalRevenue": "798500000", "costOfRevenue": "521100000", "costofGoodsAndServicesSold": "521100000", "operatingIncome": "128100000", "sellingGeneralAndAdministrative": "130000000", "researchAndDevelopment": "19300000", "operatingExpenses": "151100000", "investmentIncomeNet": "None", "netInterestIncome": "-5400000", "interestIncome": "-5400000", "interestExpense": "5400000", "nonInterestIncome": "798500000", "otherNonOperatingIncome": "2500000", "depreciation": "11600000", "depreciationAndAmortization": "18500000", "incomeBeforeTax": "125200000", "incomeTaxExpense": "14400000", "interestAndDebtExpense": "None", "netIncomeFromContinuingOperations": "110800000", "comprehensiveIncomeNetOfTax": "113300000", "ebit": "128100000", "ebitda": "149100000", "netIncome": "110800000"}, {"fiscalDateEnding": "2020-06-30", "reportedCurrency": "USD", "grossProfit": "245100000", "totalRevenue": "713300000", "costOfRevenue": "468200000", "costofGoodsAndServicesSold": "468200000", "operatingIncome": "111100000", "sellingGeneralAndAdministrative": "116700000", "researchAndDevelopment": "17300000", "operatingExpenses": "142200000", "investmentIncomeNet": "None", "netInterestIncome": "-7700000", "interestIncome": "-7700000", "interestExpense": "7700000", "nonInterestIncome": "713200000", "otherNonOperatingIncome": "300000", "depreciation": "11200000", "depreciationAndAmortization": "7000000", "incomeBeforeTax": "101900000", "incomeTaxExpense": "29800000", "interestAndDebtExpense": "None", "netIncomeFromContinuingOperations": "73800000", "comprehensiveIncomeNetOfTax": "82500000", "ebit": "111100000", "ebitda": "118100000", "netIncome": "72100000"}, {"fiscalDateEnding": "2020-03-31", "reportedCurrency": "USD", "grossProfit": "251600000", "totalRevenue": "710000000", "costOfRevenue": "458400000", "costofGoodsAndServicesSold": "458400000", "operatingIncome": "100700000", "sellingGeneralAndAdministrative": "131900000", "researchAndDevelopment": "19000000", "operatingExpenses": "160100000", "investmentIncomeNet": "None", "netInterestIncome": "-6900000", "interestIncome": "-6900000", "interestExpense": "6900000", "nonInterestIncome": "710000000", "otherNonOperatingIncome": "-1200000", "depreciation": "11600000", "depreciationAndAmortization": "7600000", "incomeBeforeTax": "92600000", "incomeTaxExpense": "19900000", "interestAndDebtExpense": "None", "netIncomeFromContinuingOperations": "72700000", "comprehensiveIncomeNetOfTax": "74000000", "ebit": "100700000", "ebitda": "108300000", "netIncome": "72700000"}, {"fiscalDateEnding": "2019-12-31", "reportedCurrency": "USD", "grossProfit": "274200000", "totalRevenue": "755200000", "costOfRevenue": "481000000", "costofGoodsAndServicesSold": "481000000", "operatingIncome": "122300000", "sellingGeneralAndAdministrative": "134200000", "researchAndDevelopment": "17700000", "operatingExpenses": "136600000", "investmentIncomeNet": "None", "netInterestIncome": "-6500000", "interestIncome": "-6500000", "interestExpense": "6500000", "nonInterestIncome": "755200000", "otherNonOperatingIncome": "-8800000", "depreciation": "11900000", "depreciationAndAmortization": "19500000", "incomeBeforeTax": "100800000", "incomeTaxExpense": "3000000", "interestAndDebtExpense": "30100000", "netIncomeFromContinuingOperations": "102900000", "comprehensiveIncomeNetOfTax": "105400000", "ebit": "122300000", "ebitda": "126800000", "netIncome": "97800000"}, {"fiscalDateEnding": "2019-09-30", "reportedCurrency": "USD", "grossProfit": "255000000", "totalRevenue": "713600000", "costOfRevenue": "458600000", "costofGoodsAndServicesSold": "458600000", "operatingIncome": "108800000", "sellingGeneralAndAdministrative": "126400000", "researchAndDevelopment": "19800000", "operatingExpenses": "156800000", "investmentIncomeNet": "None", "netInterestIncome": "-6900000", "interestIncome": "-6900000", "interestExpense": "6900000", "nonInterestIncome": "713500000", "otherNonOperatingIncome": "-600000", "depreciation": "12000000", "depreciationAndAmortization": "7600000", "incomeBeforeTax": "102200000", "incomeTaxExpense": "9900000", "interestAndDebtExpense": "0", "netIncomeFromContinuingOperations": "91300000", "comprehensiveIncomeNetOfTax": "88400000", "ebit": "108800000", "ebitda": "116400000", "netIncome": "92300000"}, {"fiscalDateEnding": "2019-06-30", "reportedCurrency": "USD", "grossProfit": "286700000", "totalRevenue": "799500000", "costOfRevenue": "512800000", "costofGoodsAndServicesSold": "512800000", "operatingIncome": "133800000", "sellingGeneralAndAdministrative": "132200000", "researchAndDevelopment": "20700000", "operatingExpenses": "162600000", "investmentIncomeNet": "None", "netInterestIncome": "-9400000", "interestIncome": "-9400000", "interestExpense": "9400000", "nonInterestIncome": "799400000", "otherNonOperatingIncome": "12900000", "depreciation": "12400000", "depreciationAndAmortization": "8300000", "incomeBeforeTax": "136400000", "incomeTaxExpense": "22100000", "interestAndDebtExpense": "0", "netIncomeFromContinuingOperations": "115100000", "comprehensiveIncomeNetOfTax": "110000000", "ebit": "133800000", "ebitda": "142100000", "netIncome": "114300000"}, {"fiscalDateEnding": "2019-03-31", "reportedCurrency": "USD", "grossProfit": "235600000", "totalRevenue": "688900000", "costOfRevenue": "453300000", "costofGoodsAndServicesSold": "453300000", "operatingIncome": "67600000", "sellingGeneralAndAdministrative": "147300000", "researchAndDevelopment": "20700000", "operatingExpenses": "189100000", "investmentIncomeNet": "None", "netInterestIncome": "-7300000", "interestIncome": "None", "interestExpense": "7300000", "nonInterestIncome": "692400000", "otherNonOperatingIncome": "-600000", "depreciation": "12000000", "depreciationAndAmortization": "8200000", "incomeBeforeTax": "62100000", "incomeTaxExpense": "10800000", "interestAndDebtExpense": "0", "netIncomeFromContinuingOperations": "52400000", "comprehensiveIncomeNetOfTax": "54000000", "ebit": "67600000", "ebitda": "75800000", "netIncome": "51300000"}, {"fiscalDateEnding": "2018-12-31", "reportedCurrency": "USD", "grossProfit": "268000000", "totalRevenue": "740500000", "costOfRevenue": "472500000", "costofGoodsAndServicesSold": "472500000", "operatingIncome": "113000000", "sellingGeneralAndAdministrative": "135300000", "researchAndDevelopment": "19700000", "operatingExpenses": "147400000", "investmentIncomeNet": "None", "netInterestIncome": "-4700000", "interestIncome": "None", "interestExpense": "4700000", "nonInterestIncome": "739600000", "otherNonOperatingIncome": "-900000", "depreciation": "12800000", "depreciationAndAmortization": "20700000", "incomeBeforeTax": "104500000", "incomeTaxExpense": "11600000", "interestAndDebtExpense": "32600000", "netIncomeFromContinuingOperations": "94200000", "comprehensiveIncomeNetOfTax": "85300000", "ebit": "113000000", "ebitda": "129900000", "netIncome": "92900000"}, {"fiscalDateEnding": "2018-09-30", "reportedCurrency": "USD", "grossProfit": "243800000", "totalRevenue": "711400000", "costOfRevenue": "467600000", "costofGoodsAndServicesSold": "467600000", "operatingIncome": "108400000", "sellingGeneralAndAdministrative": "116300000", "researchAndDevelopment": "19100000", "operatingExpenses": "147700000", "investmentIncomeNet": "None", "netInterestIncome": "-4300000", "interestIncome": "None", "interestExpense": "4300000", "nonInterestIncome": "711200000", "otherNonOperatingIncome": "-200000", "depreciation": "12000000", "depreciationAndAmortization": "8600000", "incomeBeforeTax": "120700000", "incomeTaxExpense": "10600000", "interestAndDebtExpense": "0", "netIncomeFromContinuingOperations": "91200000", "comprehensiveIncomeNetOfTax": "107000000", "ebit": "108400000", "ebitda": "117000000", "netIncome": "110100000"}, {"fiscalDateEnding": "2018-06-30", "reportedCurrency": "USD", "grossProfit": "282600000", "totalRevenue": "780600000", "costOfRevenue": "498000000", "costofGoodsAndServicesSold": "498000000", "operatingIncome": "122600000", "sellingGeneralAndAdministrative": "140900000", "researchAndDevelopment": "19100000", "operatingExpenses": "195000000", "investmentIncomeNet": "None", "netInterestIncome": "-10100000", "interestIncome": "None", "interestExpense": "10100000", "nonInterestIncome": "762600000", "otherNonOperatingIncome": "-900000", "depreciation": "12300000", "depreciationAndAmortization": "9100000", "incomeBeforeTax": "62300000", "incomeTaxExpense": "20800000", "interestAndDebtExpense": "17100000", "netIncomeFromContinuingOperations": "77900000", "comprehensiveIncomeNetOfTax": "68400000", "ebit": "122600000", "ebitda": "131700000", "netIncome": "41500000"}, {"fiscalDateEnding": "2018-03-31", "reportedCurrency": "USD", "grossProfit": "253300000", "totalRevenue": "732600000", "costOfRevenue": "479300000", "costofGoodsAndServicesSold": "479300000", "operatingIncome": "92700000", "sellingGeneralAndAdministrative": "141800000", "researchAndDevelopment": "18800000", "operatingExpenses": "350500000", "investmentIncomeNet": "None", "netInterestIncome": "-13500000", "interestIncome": "None", "interestExpense": "13800000", "nonInterestIncome": "1264400000", "otherNonOperatingIncome": "-5300000", "depreciation": "12600000", "depreciationAndAmortization": "24700000", "incomeBeforeTax": "118000000", "incomeTaxExpense": "15100000", "interestAndDebtExpense": "0", "netIncomeFromContinuingOperations": "58400000", "comprehensiveIncomeNetOfTax": "101500000", "ebit": "92700000", "ebitda": "117400000", "netIncome": "102900000"}, {"fiscalDateEnding": "2017-12-31", "reportedCurrency": "USD", "grossProfit": "253700000", "totalRevenue": "720800000", "costOfRevenue": "467100000", "costofGoodsAndServicesSold": "467100000", "operatingIncome": "85400000", "sellingGeneralAndAdministrative": "149800000", "researchAndDevelopment": "18500000", "operatingExpenses": "310200000", "investmentIncomeNet": "None", "netInterestIncome": "-13100000", "interestIncome": "None", "interestExpense": "23000000", "nonInterestIncome": "-400000", "otherNonOperatingIncome": "-5100000", "depreciation": "12400000", "depreciationAndAmortization": "45800000", "incomeBeforeTax": "196200000", "incomeTaxExpense": "6600000", "interestAndDebtExpense": "97200000", "netIncomeFromContinuingOperations": "55900000", "comprehensiveIncomeNetOfTax": "182000000", "ebit": "85400000", "ebitda": "178800000", "netIncome": "189600000"}, {"fiscalDateEnding": "2017-09-30", "reportedCurrency": "USD", "grossProfit": "236500000", "totalRevenue": "687600000", "costOfRevenue": "451100000", "costofGoodsAndServicesSold": "451100000", "operatingIncome": "101800000", "sellingGeneralAndAdministrative": "116800000", "researchAndDevelopment": "17900000", "operatingExpenses": "296400000", "investmentIncomeNet": "None", "netInterestIncome": "-13900000", "interestIncome": "None", "interestExpense": "13900000", "nonInterestIncome": "-3800000", "otherNonOperatingIncome": "300000", "depreciation": "13100000", "depreciationAndAmortization": "24600000", "incomeBeforeTax": "159600000", "incomeTaxExpense": "34100000", "interestAndDebtExpense": "0", "netIncomeFromContinuingOperations": "48900000", "comprehensiveIncomeNetOfTax": "156900000", "ebit": "101800000", "ebitda": "233500000", "netIncome": "125500000"}, {"fiscalDateEnding": "2017-06-30", "reportedCurrency": "USD", "grossProfit": "273600000", "totalRevenue": "754000000", "costOfRevenue": "480400000", "costofGoodsAndServicesSold": "782100000", "operatingIncome": "129200000", "sellingGeneralAndAdministrative": "126700000", "researchAndDevelopment": "17700000", "operatingExpenses": "307800000", "investmentIncomeNet": "None", "netInterestIncome": "-25300000", "interestIncome": "None", "interestExpense": "25300000", "nonInterestIncome": "-101400000", "otherNonOperatingIncome": "400000", "depreciation": "3900000", "depreciationAndAmortization": "24600000", "incomeBeforeTax": "268700000", "incomeTaxExpense": "5000000", "interestAndDebtExpense": "101400000", "netIncomeFromContinuingOperations": "-3400000", "comprehensiveIncomeNetOfTax": "655400000", "ebit": "129200000", "ebitda": "352400000", "netIncome": "263700000"}, {"fiscalDateEnding": "2017-03-31", "reportedCurrency": "USD", "grossProfit": "223700000", "totalRevenue": "683300000", "costOfRevenue": "459600000", "costofGoodsAndServicesSold": "761200000", "operatingIncome": "61900000", "sellingGeneralAndAdministrative": "251700000", "researchAndDevelopment": "30000000", "operatingExpenses": "328800000", "investmentIncomeNet": "None", "netInterestIncome": "-35000000", "interestIncome": "None", "interestExpense": "35000000", "nonInterestIncome": "1183500000", "otherNonOperatingIncome": "200000", "depreciation": "21400000", "depreciationAndAmortization": "24000000", "incomeBeforeTax": "110600000", "incomeTaxExpense": "22900000", "interestAndDebtExpense": "0", "netIncomeFromContinuingOperations": "80700000", "comprehensiveIncomeNetOfTax": "165100000", "ebit": "61900000", "ebitda": "191100000", "netIncome": "87700000"}, {"fiscalDateEnding": "2016-12-31", "reportedCurrency": "USD", "grossProfit": "440100000", "totalRevenue": "1188100000", "costOfRevenue": "13300000", "costofGoodsAndServicesSold": "-526400000", "operatingIncome": "161800000", "sellingGeneralAndAdministrative": "-196800000", "researchAndDevelopment": "-13600000", "operatingExpenses": "13300000", "investmentIncomeNet": "None", "netInterestIncome": "-34200000", "interestIncome": "None", "interestExpense": "42500000", "nonInterestIncome": "-3900000", "otherNonOperatingIncome": "-7000000", "depreciation": "-11300000", "depreciationAndAmortization": "44100000", "incomeBeforeTax": "80000000", "incomeTaxExpense": "-51000000", "interestAndDebtExpense": "148400000", "netIncomeFromContinuingOperations": "-163800000", "comprehensiveIncomeNetOfTax": "11200000", "ebit": "161800000", "ebitda": "233300000", "netIncome": "131000000"}]}