{"symbol": "PNW", "annualReports": [{"fiscalDateEnding": "2020-12-31", "reportedCurrency": "USD", "grossProfit": "1666350000", "totalRevenue": "3586982000", "costOfRevenue": "1920632000", "costofGoodsAndServicesSold": "1607797000", "operatingIncome": "788152000", "sellingGeneralAndAdministrative": "242835000", "researchAndDevelopment": "None", "operatingExpenses": "340756000", "investmentIncomeNet": "12210000", "netInterestIncome": "-228971000", "interestIncome": "12210000", "interestExpense": "228971000", "nonInterestIncome": "3586982000", "otherNonOperatingIncome": "-1073000", "depreciation": "553000000", "depreciationAndAmortization": "70000000", "incomeBeforeTax": "628732000", "incomeTaxExpense": "78173000", "interestAndDebtExpense": "228971000", "netIncomeFromContinuingOperations": "799023000", "comprehensiveIncomeNetOfTax": "544859000", "ebit": "788152000", "ebitda": "927703000", "netIncome": "550559000"}, {"fiscalDateEnding": "2019-12-31", "reportedCurrency": "USD", "grossProfit": "1535464000", "totalRevenue": "3471209000", "costOfRevenue": "1935745000", "costofGoodsAndServicesSold": "1633166000", "operatingIncome": "671960000", "sellingGeneralAndAdministrative": "236579000", "researchAndDevelopment": "None", "operatingExpenses": "308467000", "investmentIncomeNet": "10377000", "netInterestIncome": "-216723000", "interestIncome": "10377000", "interestExpense": "216723000", "nonInterestIncome": "3471209000", "otherNonOperatingIncome": "32383000", "depreciation": "522000000", "depreciationAndAmortization": "66000000", "incomeBeforeTax": "522547000", "incomeTaxExpense": "-15773000", "interestAndDebtExpense": "216723000", "netIncomeFromContinuingOperations": "774536000", "comprehensiveIncomeNetOfTax": "528932000", "ebit": "671960000", "ebitda": "805270000", "netIncome": "538320000"}, {"fiscalDateEnding": "2018-12-31", "reportedCurrency": "USD", "grossProfit": "2314282000", "totalRevenue": "3691247000", "costOfRevenue": "1376965000", "costofGoodsAndServicesSold": "1076116000", "operatingIncome": "773687000", "sellingGeneralAndAdministrative": "232849000", "researchAndDevelopment": "None", "operatingExpenses": "310346000", "investmentIncomeNet": "8647000", "netInterestIncome": "-218285000", "interestIncome": "8647000", "interestExpense": "218285000", "nonInterestIncome": "3691247000", "otherNonOperatingIncome": "6930000", "depreciation": "486000000", "depreciationAndAmortization": "68000000", "incomeBeforeTax": "644949000", "incomeTaxExpense": "133902000", "interestAndDebtExpense": "218285000", "netIncomeFromContinuingOperations": "748825000", "comprehensiveIncomeNetOfTax": "516893000", "ebit": "773687000", "ebitda": "931234000", "netIncome": "511047000"}, {"fiscalDateEnding": "2017-12-31", "reportedCurrency": "USD", "grossProfit": "1556846000", "totalRevenue": "3565296000", "costOfRevenue": "1810766000", "costofGoodsAndServicesSold": "981301000", "operatingIncome": "909763000", "sellingGeneralAndAdministrative": "223347000", "researchAndDevelopment": "None", "operatingExpenses": "302007000", "investmentIncomeNet": "3497000", "netInterestIncome": "-197684000", "interestIncome": "3497000", "interestExpense": "197684000", "nonInterestIncome": "None", "otherNonOperatingIncome": "-17533000", "depreciation": "453000000", "depreciationAndAmortization": "72000000", "incomeBeforeTax": "746728000", "incomeTaxExpense": "258272000", "interestAndDebtExpense": "197684000", "netIncomeFromContinuingOperations": "705633000", "comprehensiveIncomeNetOfTax": "487276000", "ebit": "909763000", "ebitda": "1016412000", "netIncome": "488456000"}, {"fiscalDateEnding": "2016-12-31", "reportedCurrency": "USD", "grossProfit": "1492094000", "totalRevenue": "3498682000", "costOfRevenue": "1820838000", "costofGoodsAndServicesSold": "1075510000", "operatingIncome": "835611000", "sellingGeneralAndAdministrative": "201499000", "researchAndDevelopment": "None", "operatingExpenses": "263040000", "investmentIncomeNet": "884000", "netInterestIncome": "-185750000", "interestIncome": "-144473000", "interestExpense": "185750000", "nonInterestIncome": "None", "otherNonOperatingIncome": "-14436000", "depreciation": "422000000", "depreciationAndAmortization": "58000000", "incomeBeforeTax": "678445000", "incomeTaxExpense": "236411000", "interestAndDebtExpense": "185750000", "netIncomeFromContinuingOperations": "647277000", "comprehensiveIncomeNetOfTax": "442960000", "ebit": "835611000", "ebitda": "922195000", "netIncome": "442034000"}], "quarterlyReports": [{"fiscalDateEnding": "2021-09-30", "reportedCurrency": "USD", "grossProfit": "659671000", "totalRevenue": "1308254000", "costOfRevenue": "648583000", "costofGoodsAndServicesSold": "590975000", "operatingIncome": "429373000", "sellingGeneralAndAdministrative": "57608000", "researchAndDevelopment": "None", "operatingExpenses": "55520000", "investmentIncomeNet": "1602000", "netInterestIncome": "-58794000", "interestIncome": "1602000", "interestExpense": "58794000", "nonInterestIncome": "1308254000", "otherNonOperatingIncome": "5901000", "depreciation": "None", "depreciationAndAmortization": "181805000", "incomeBeforeTax": "411661000", "incomeTaxExpense": "71863000", "interestAndDebtExpense": "58794000", "netIncomeFromContinuingOperations": "402898000", "comprehensiveIncomeNetOfTax": "340710000", "ebit": "429373000", "ebitda": "652260000", "netIncome": "339798000"}, {"fiscalDateEnding": "2021-06-30", "reportedCurrency": "USD", "grossProfit": "512169000", "totalRevenue": "1000249000", "costOfRevenue": "488080000", "costofGoodsAndServicesSold": "428585000", "operatingIncome": "278386000", "sellingGeneralAndAdministrative": "59495000", "researchAndDevelopment": "None", "operatingExpenses": "63588000", "investmentIncomeNet": "1687000", "netInterestIncome": "-57578000", "interestIncome": "1687000", "interestExpense": "57578000", "nonInterestIncome": "1000249000", "otherNonOperatingIncome": "7023000", "depreciation": "None", "depreciationAndAmortization": "174127000", "incomeBeforeTax": "262257000", "incomeTaxExpense": "46560000", "interestAndDebtExpense": "57578000", "netIncomeFromContinuingOperations": "277014000", "comprehensiveIncomeNetOfTax": "216631000", "ebit": "278386000", "ebitda": "493962000", "netIncome": "215697000"}, {"fiscalDateEnding": "2021-03-31", "reportedCurrency": "USD", "grossProfit": "280945000", "totalRevenue": "696475000", "costOfRevenue": "415530000", "costofGoodsAndServicesSold": "356047000", "operatingIncome": "47534000", "sellingGeneralAndAdministrative": "59483000", "researchAndDevelopment": "None", "operatingExpenses": "66990000", "investmentIncomeNet": "1948000", "netInterestIncome": "-56944000", "interestIncome": "1948000", "interestExpense": "56944000", "nonInterestIncome": "696475000", "otherNonOperatingIncome": "8576000", "depreciation": "None", "depreciationAndAmortization": "176409000", "incomeBeforeTax": "31291000", "incomeTaxExpense": "-4350000", "interestAndDebtExpense": "56944000", "netIncomeFromContinuingOperations": "97458000", "comprehensiveIncomeNetOfTax": "36925000", "ebit": "47534000", "ebitda": "264644000", "netIncome": "35641000"}, {"fiscalDateEnding": "2020-12-31", "reportedCurrency": "USD", "grossProfit": "228174000", "totalRevenue": "740961000", "costOfRevenue": "512787000", "costofGoodsAndServicesSold": "368466000", "operatingIncome": "30848000", "sellingGeneralAndAdministrative": "74321000", "researchAndDevelopment": "None", "operatingExpenses": "151652000", "investmentIncomeNet": "3222000", "netInterestIncome": "-59038000", "interestIncome": "3222000", "interestExpense": "59038000", "nonInterestIncome": "740961000", "otherNonOperatingIncome": "-29535000", "depreciation": "None", "depreciationAndAmortization": "170511000", "incomeBeforeTax": "-39304000", "incomeTaxExpense": "-19913000", "interestAndDebtExpense": "59038000", "netIncomeFromContinuingOperations": "214453000", "comprehensiveIncomeNetOfTax": "-24696000", "ebit": "30848000", "ebitda": "190245000", "netIncome": "-19391000"}, {"fiscalDateEnding": "2020-09-30", "reportedCurrency": "USD", "grossProfit": "693656000", "totalRevenue": "1254501000", "costOfRevenue": "560845000", "costofGoodsAndServicesSold": "505867000", "operatingIncome": "455008000", "sellingGeneralAndAdministrative": "54978000", "researchAndDevelopment": "None", "operatingExpenses": "56655000", "investmentIncomeNet": "2956000", "netInterestIncome": "-56834000", "interestIncome": "-46025000", "interestExpense": "56834000", "nonInterestIncome": "1254501000", "otherNonOperatingIncome": "8043000", "depreciation": "None", "depreciationAndAmortization": "172569000", "incomeBeforeTax": "423606000", "incomeTaxExpense": "77234000", "interestAndDebtExpense": "56834000", "netIncomeFromContinuingOperations": "351245000", "comprehensiveIncomeNetOfTax": "346756000", "ebit": "455008000", "ebitda": "653009000", "netIncome": "346372000"}, {"fiscalDateEnding": "2020-06-30", "reportedCurrency": "USD", "grossProfit": "481958000", "totalRevenue": "929590000", "costOfRevenue": "447632000", "costofGoodsAndServicesSold": "390864000", "operatingIncome": "261874000", "sellingGeneralAndAdministrative": "56768000", "researchAndDevelopment": "None", "operatingExpenses": "57460000", "investmentIncomeNet": "2755000", "netInterestIncome": "-57941000", "interestIncome": "2755000", "interestExpense": "57941000", "nonInterestIncome": "929590000", "otherNonOperatingIncome": "12634000", "depreciation": "None", "depreciationAndAmortization": "170005000", "incomeBeforeTax": "234646000", "incomeTaxExpense": "41061000", "interestAndDebtExpense": "57941000", "netIncomeFromContinuingOperations": "198459000", "comprehensiveIncomeNetOfTax": "191289000", "ebit": "261874000", "ebitda": "462592000", "netIncome": "193585000"}, {"fiscalDateEnding": "2020-03-31", "reportedCurrency": "USD", "grossProfit": "262562000", "totalRevenue": "661930000", "costOfRevenue": "399368000", "costofGoodsAndServicesSold": "342600000", "operatingIncome": "40422000", "sellingGeneralAndAdministrative": "56768000", "researchAndDevelopment": "None", "operatingExpenses": "60712000", "investmentIncomeNet": "3277000", "netInterestIncome": "-55158000", "interestIncome": "3277000", "interestExpense": "55158000", "nonInterestIncome": "661930000", "otherNonOperatingIncome": "7785000", "depreciation": "None", "depreciationAndAmortization": "173168000", "incomeBeforeTax": "9784000", "incomeTaxExpense": "-20209000", "interestAndDebtExpense": "55158000", "netIncomeFromContinuingOperations": "34866000", "comprehensiveIncomeNetOfTax": "31510000", "ebit": "40422000", "ebitda": "238110000", "netIncome": "29993000"}, {"fiscalDateEnding": "2019-12-31", "reportedCurrency": "USD", "grossProfit": "670391000", "totalRevenue": "670391000", "costOfRevenue": "954084000", "costofGoodsAndServicesSold": "815494000", "operatingIncome": "11997000", "sellingGeneralAndAdministrative": "72590000", "researchAndDevelopment": "None", "operatingExpenses": "142574000", "investmentIncomeNet": "2682000", "netInterestIncome": "-55769000", "interestIncome": "2682000", "interestExpense": "55769000", "nonInterestIncome": "670391000", "otherNonOperatingIncome": "11586000", "depreciation": "None", "depreciationAndAmortization": "163339000", "incomeBeforeTax": "-19683000", "incomeTaxExpense": "-88537000", "interestAndDebtExpense": "55769000", "netIncomeFromContinuingOperations": "100534000", "comprehensiveIncomeNetOfTax": "53423000", "ebit": "11997000", "ebitda": "194552000", "netIncome": "68854000"}, {"fiscalDateEnding": "2019-09-30", "reportedCurrency": "USD", "grossProfit": "792116000", "totalRevenue": "1190787000", "costOfRevenue": "398671000", "costofGoodsAndServicesSold": "344862000", "operatingIncome": "403290000", "sellingGeneralAndAdministrative": "53809000", "researchAndDevelopment": "None", "operatingExpenses": "54603000", "investmentIncomeNet": "2694000", "netInterestIncome": "-53995000", "interestIncome": "2694000", "interestExpense": "53995000", "nonInterestIncome": "1190787000", "otherNonOperatingIncome": "9451000", "depreciation": "None", "depreciationAndAmortization": "168616000", "incomeBeforeTax": "365542000", "incomeTaxExpense": "53266000", "interestAndDebtExpense": "53995000", "netIncomeFromContinuingOperations": "317149000", "comprehensiveIncomeNetOfTax": "313374000", "ebit": "403290000", "ebitda": "588153000", "netIncome": "312276000"}, {"fiscalDateEnding": "2019-06-30", "reportedCurrency": "USD", "grossProfit": "572189000", "totalRevenue": "869501000", "costOfRevenue": "297312000", "costofGoodsAndServicesSold": "242222000", "operatingIncome": "196589000", "sellingGeneralAndAdministrative": "55090000", "researchAndDevelopment": "None", "operatingExpenses": "55773000", "investmentIncomeNet": "2699000", "netInterestIncome": "-52971000", "interestIncome": "2699000", "interestExpense": "52971000", "nonInterestIncome": "869501000", "otherNonOperatingIncome": "8535000", "depreciation": "None", "depreciationAndAmortization": "164384000", "incomeBeforeTax": "161225000", "incomeTaxExpense": "17080000", "interestAndDebtExpense": "52971000", "netIncomeFromContinuingOperations": "149019000", "comprehensiveIncomeNetOfTax": "143010000", "ebit": "196589000", "ebitda": "378580000", "netIncome": "144145000"}, {"fiscalDateEnding": "2019-03-31", "reportedCurrency": "USD", "grossProfit": "454852000", "totalRevenue": "740530000", "costOfRevenue": "285678000", "costofGoodsAndServicesSold": "230588000", "operatingIncome": "60084000", "sellingGeneralAndAdministrative": "55090000", "researchAndDevelopment": "None", "operatingExpenses": "55517000", "investmentIncomeNet": "2302000", "netInterestIncome": "-53988000", "interestIncome": "-41488000", "interestExpense": "53988000", "nonInterestIncome": "740530000", "otherNonOperatingIncome": "2811000", "depreciation": "None", "depreciationAndAmortization": "167801000", "incomeBeforeTax": "20336000", "incomeTaxExpense": "2418000", "interestAndDebtExpense": "53988000", "netIncomeFromContinuingOperations": "22791000", "comprehensiveIncomeNetOfTax": "19125000", "ebit": "60084000", "ebitda": "242125000", "netIncome": "17918000"}, {"fiscalDateEnding": "2018-12-31", "reportedCurrency": "USD", "grossProfit": "756376000", "totalRevenue": "756376000", "costOfRevenue": "374250000", "costofGoodsAndServicesSold": "231983000", "operatingIncome": "66884000", "sellingGeneralAndAdministrative": "74267000", "researchAndDevelopment": "None", "operatingExpenses": "143267000", "investmentIncomeNet": "2391000", "netInterestIncome": "-55977000", "interestIncome": "None", "interestExpense": "55977000", "nonInterestIncome": "756376000", "otherNonOperatingIncome": "1452000", "depreciation": "None", "depreciationAndAmortization": "161094000", "incomeBeforeTax": "37744000", "incomeTaxExpense": "6795000", "interestAndDebtExpense": "55977000", "netIncomeFromContinuingOperations": "60089000", "comprehensiveIncomeNetOfTax": "33442000", "ebit": "66884000", "ebitda": "249942000", "netIncome": "30949000"}, {"fiscalDateEnding": "2018-09-30", "reportedCurrency": "USD", "grossProfit": "826723000", "totalRevenue": "1268034000", "costOfRevenue": "441311000", "costofGoodsAndServicesSold": "389936000", "operatingIncome": "433307000", "sellingGeneralAndAdministrative": "51375000", "researchAndDevelopment": "None", "operatingExpenses": "52275000", "investmentIncomeNet": "1957000", "netInterestIncome": "-55692000", "interestIncome": "None", "interestExpense": "55692000", "nonInterestIncome": "1268034000", "otherNonOperatingIncome": "1895000", "depreciation": "None", "depreciationAndAmortization": "164311000", "incomeBeforeTax": "399345000", "incomeTaxExpense": "84333000", "interestAndDebtExpense": "55692000", "netIncomeFromContinuingOperations": "319885000", "comprehensiveIncomeNetOfTax": "316562000", "ebit": "433307000", "ebitda": "619348000", "netIncome": "315012000"}, {"fiscalDateEnding": "2018-06-30", "reportedCurrency": "USD", "grossProfit": "663429000", "totalRevenue": "974123000", "costOfRevenue": "310694000", "costofGoodsAndServicesSold": "257087000", "operatingIncome": "242162000", "sellingGeneralAndAdministrative": "53607000", "researchAndDevelopment": "None", "operatingExpenses": "61041000", "investmentIncomeNet": "2408000", "netInterestIncome": "-54417000", "interestIncome": "None", "interestExpense": "54417000", "nonInterestIncome": "974123000", "otherNonOperatingIncome": "2827000", "depreciation": "None", "depreciationAndAmortization": "161984000", "incomeBeforeTax": "210777000", "incomeTaxExpense": "44039000", "interestAndDebtExpense": "54417000", "netIncomeFromContinuingOperations": "171612000", "comprehensiveIncomeNetOfTax": "162455000", "ebit": "242162000", "ebitda": "427178000", "netIncome": "166738000"}, {"fiscalDateEnding": "2018-03-31", "reportedCurrency": "USD", "grossProfit": "937694000", "totalRevenue": "692714000", "costOfRevenue": "395535000", "costofGoodsAndServicesSold": "197110000", "operatingIncome": "31334000", "sellingGeneralAndAdministrative": "53600000", "researchAndDevelopment": "None", "operatingExpenses": "53763000", "investmentIncomeNet": "1891000", "netInterestIncome": "-52199000", "interestIncome": "None", "interestExpense": "52199000", "nonInterestIncome": "692714000", "otherNonOperatingIncome": "756000", "depreciation": "None", "depreciationAndAmortization": "163566000", "incomeBeforeTax": "1956000", "incomeTaxExpense": "-1265000", "interestAndDebtExpense": "52199000", "netIncomeFromContinuingOperations": "8094000", "comprehensiveIncomeNetOfTax": "4434000", "ebit": "31334000", "ebitda": "217721000", "netIncome": "3221000"}, {"fiscalDateEnding": "2017-12-31", "reportedCurrency": "USD", "grossProfit": "759659000", "totalRevenue": "759659000", "costOfRevenue": "512719000", "costofGoodsAndServicesSold": "203826000", "operatingIncome": "85547000", "sellingGeneralAndAdministrative": "90053000", "researchAndDevelopment": "None", "operatingExpenses": "163234000", "investmentIncomeNet": "1715000", "netInterestIncome": "-50585000", "interestIncome": "None", "interestExpense": "50585000", "nonInterestIncome": "None", "otherNonOperatingIncome": "-7093000", "depreciation": "None", "depreciationAndAmortization": "164922000", "incomeBeforeTax": "47277000", "incomeTaxExpense": "20775000", "interestAndDebtExpense": "50585000", "netIncomeFromContinuingOperations": "69835000", "comprehensiveIncomeNetOfTax": "18744000", "ebit": "85547000", "ebitda": "257911000", "netIncome": "26502000"}, {"fiscalDateEnding": "2017-09-30", "reportedCurrency": "USD", "grossProfit": "644128000", "totalRevenue": "1183322000", "costOfRevenue": "489550000", "costofGoodsAndServicesSold": "310469000", "operatingIncome": "459548000", "sellingGeneralAndAdministrative": "45169000", "researchAndDevelopment": "None", "operatingExpenses": "48554000", "investmentIncomeNet": "917000", "netInterestIncome": "-49644000", "interestIncome": "None", "interestExpense": "49644000", "nonInterestIncome": "None", "otherNonOperatingIncome": "-3902000", "depreciation": "None", "depreciationAndAmortization": "154422000", "incomeBeforeTax": "420391000", "incomeTaxExpense": "144319000", "interestAndDebtExpense": "49644000", "netIncomeFromContinuingOperations": "280945000", "comprehensiveIncomeNetOfTax": "277581000", "ebit": "459548000", "ebitda": "624457000", "netIncome": "276072000"}, {"fiscalDateEnding": "2017-06-30", "reportedCurrency": "USD", "grossProfit": "469885000", "totalRevenue": "944587000", "costOfRevenue": "424639000", "costofGoodsAndServicesSold": "254611000", "operatingIncome": "297257000", "sellingGeneralAndAdministrative": "44289000", "researchAndDevelopment": "None", "operatingExpenses": "45995000", "investmentIncomeNet": "387000", "netInterestIncome": "-50063000", "interestIncome": "None", "interestExpense": "50063000", "nonInterestIncome": "None", "otherNonOperatingIncome": "-3338000", "depreciation": "None", "depreciationAndAmortization": "143424000", "incomeBeforeTax": "256410000", "incomeTaxExpense": "88967000", "interestAndDebtExpense": "50063000", "netIncomeFromContinuingOperations": "172317000", "comprehensiveIncomeNetOfTax": "166680000", "ebit": "297257000", "ebitda": "449897000", "netIncome": "167443000"}, {"fiscalDateEnding": "2017-03-31", "reportedCurrency": "USD", "grossProfit": "246478000", "totalRevenue": "677728000", "costOfRevenue": "383858000", "costofGoodsAndServicesSold": "212395000", "operatingIncome": "67411000", "sellingGeneralAndAdministrative": "43836000", "researchAndDevelopment": "None", "operatingExpenses": "44224000", "investmentIncomeNet": "477000", "netInterestIncome": "-47392000", "interestIncome": "None", "interestExpense": "47392000", "nonInterestIncome": "None", "otherNonOperatingIncome": "-3200000", "depreciation": "None", "depreciationAndAmortization": "147861000", "incomeBeforeTax": "27523000", "incomeTaxExpense": "4211000", "interestAndDebtExpense": "47392000", "netIncomeFromContinuingOperations": "28185000", "comprehensiveIncomeNetOfTax": "24271000", "ebit": "67411000", "ebitda": "222776000", "netIncome": "23312000"}, {"fiscalDateEnding": "2016-12-31", "reportedCurrency": "USD", "grossProfit": "739199000", "totalRevenue": "879236000", "costOfRevenue": "499706000", "costofGoodsAndServicesSold": "-119720000", "operatingIncome": "122816000", "sellingGeneralAndAdministrative": "75597000", "researchAndDevelopment": "None", "operatingExpenses": "134997000", "investmentIncomeNet": "514000", "netInterestIncome": "-45713000", "interestIncome": "None", "interestExpense": "45713000", "nonInterestIncome": "None", "otherNonOperatingIncome": "-2736000", "depreciation": "None", "depreciationAndAmortization": "142160000", "incomeBeforeTax": "85428000", "incomeTaxExpense": "27309000", "interestAndDebtExpense": "45713000", "netIncomeFromContinuingOperations": "95507000", "comprehensiveIncomeNetOfTax": "51570000", "ebit": "122816000", "ebitda": "268428000", "netIncome": "58119000"}]}