{"symbol": "PPG", "annualReports": [{"fiscalDateEnding": "2020-12-31", "reportedCurrency": "USD", "grossProfit": "1791000000", "totalRevenue": "13780000000", "costOfRevenue": "11989000000", "costofGoodsAndServicesSold": "7777000000", "operatingIncome": "2109000000", "sellingGeneralAndAdministrative": "3389000000", "researchAndDevelopment": "401000000", "operatingExpenses": "4635000000", "investmentIncomeNet": "23000000", "netInterestIncome": "-115000000", "interestIncome": "23000000", "interestExpense": "138000000", "nonInterestIncome": "13827000000", "otherNonOperatingIncome": "48000000", "depreciation": "371000000", "depreciationAndAmortization": "509000000", "incomeBeforeTax": "1350000000", "incomeTaxExpense": "291000000", "interestAndDebtExpense": "145000000", "netIncomeFromContinuingOperations": "1056000000", "comprehensiveIncomeNetOfTax": "810000000", "ebit": "1488000000", "ebitda": "1997000000", "netIncome": "1059000000"}, {"fiscalDateEnding": "2019-12-31", "reportedCurrency": "USD", "grossProfit": "2097000000", "totalRevenue": "15135000000", "costOfRevenue": "13038000000", "costofGoodsAndServicesSold": "8653000000", "operatingIncome": "2271000000", "sellingGeneralAndAdministrative": "3604000000", "researchAndDevelopment": "456000000", "operatingExpenses": "4834000000", "investmentIncomeNet": "32000000", "netInterestIncome": "-100000000", "interestIncome": "32000000", "interestExpense": "132000000", "nonInterestIncome": "15146000000", "otherNonOperatingIncome": "63000000", "depreciation": "375000000", "depreciationAndAmortization": "511000000", "incomeBeforeTax": "1635000000", "incomeTaxExpense": "392000000", "interestAndDebtExpense": "132000000", "netIncomeFromContinuingOperations": "1243000000", "comprehensiveIncomeNetOfTax": "1193000000", "ebit": "1767000000", "ebitda": "2278000000", "netIncome": "1243000000"}, {"fiscalDateEnding": "2018-12-31", "reportedCurrency": "USD", "grossProfit": "11190000000", "totalRevenue": "15419000000", "costOfRevenue": "4229000000", "costofGoodsAndServicesSold": "9001000000", "operatingIncome": "2118000000", "sellingGeneralAndAdministrative": "3573000000", "researchAndDevelopment": "464000000", "operatingExpenses": "4660000000", "investmentIncomeNet": "23000000", "netInterestIncome": "-95000000", "interestIncome": "23000000", "interestExpense": "118000000", "nonInterestIncome": "15400000000", "otherNonOperatingIncome": "55000000", "depreciation": "354000000", "depreciationAndAmortization": "497000000", "incomeBeforeTax": "1694000000", "incomeTaxExpense": "353000000", "interestAndDebtExpense": "118000000", "netIncomeFromContinuingOperations": "1323000000", "comprehensiveIncomeNetOfTax": "1205000000", "ebit": "1812000000", "ebitda": "2309000000", "netIncome": "1341000000"}, {"fiscalDateEnding": "2017-12-31", "reportedCurrency": "USD", "grossProfit": "13638000000", "totalRevenue": "14718000000", "costOfRevenue": "1080000000", "costofGoodsAndServicesSold": "8209000000", "operatingIncome": "2292000000", "sellingGeneralAndAdministrative": "3554000000", "researchAndDevelopment": "472000000", "operatingExpenses": "1511000000", "investmentIncomeNet": "20000000", "netInterestIncome": "-85000000", "interestIncome": "20000000", "interestExpense": "105000000", "nonInterestIncome": "53000000", "otherNonOperatingIncome": "56000000", "depreciation": "331000000", "depreciationAndAmortization": "460000000", "incomeBeforeTax": "2209000000", "incomeTaxExpense": "615000000", "interestAndDebtExpense": "105000000", "netIncomeFromContinuingOperations": "1369000000", "comprehensiveIncomeNetOfTax": "1893000000", "ebit": "2314000000", "ebitda": "2774000000", "netIncome": "1594000000"}, {"fiscalDateEnding": "2016-12-31", "reportedCurrency": "USD", "grossProfit": "10410000000", "totalRevenue": "14834000000", "costOfRevenue": "4424000000", "costofGoodsAndServicesSold": "8063000000", "operatingIncome": "2382000000", "sellingGeneralAndAdministrative": "3555000000", "researchAndDevelopment": "473000000", "operatingExpenses": "4911000000", "investmentIncomeNet": "26000000", "netInterestIncome": "-99000000", "interestIncome": "26000000", "interestExpense": "125000000", "nonInterestIncome": "6000000", "otherNonOperatingIncome": "61000000", "depreciation": "319000000", "depreciationAndAmortization": "440000000", "incomeBeforeTax": "1087000000", "incomeTaxExpense": "214000000", "interestAndDebtExpense": "125000000", "netIncomeFromContinuingOperations": "543000000", "comprehensiveIncomeNetOfTax": "1219000000", "ebit": "1212000000", "ebitda": "1652000000", "netIncome": "873000000"}], "quarterlyReports": [{"fiscalDateEnding": "2021-09-30", "reportedCurrency": "USD", "grossProfit": "641000000", "totalRevenue": "4439000000", "costOfRevenue": "3798000000", "costofGoodsAndServicesSold": "2733000000", "operatingIncome": "548000000", "sellingGeneralAndAdministrative": "950000000", "researchAndDevelopment": "114000000", "operatingExpenses": "1145000000", "investmentIncomeNet": "7000000", "netInterestIncome": "-23000000", "interestIncome": "7000000", "interestExpense": "30000000", "nonInterestIncome": "4406000000", "otherNonOperatingIncome": "16000000", "depreciation": "100000000", "depreciationAndAmortization": "146000000", "incomeBeforeTax": "440000000", "incomeTaxExpense": "96000000", "interestAndDebtExpense": "30000000", "netIncomeFromContinuingOperations": "344000000", "comprehensiveIncomeNetOfTax": "137000000", "ebit": "470000000", "ebitda": "616000000", "netIncome": "344000000"}, {"fiscalDateEnding": "2021-06-30", "reportedCurrency": "USD", "grossProfit": "781000000", "totalRevenue": "4411000000", "costOfRevenue": "3630000000", "costofGoodsAndServicesSold": "2629000000", "operatingIncome": "644000000", "sellingGeneralAndAdministrative": "955000000", "researchAndDevelopment": "107000000", "operatingExpenses": "1108000000", "investmentIncomeNet": "6000000", "netInterestIncome": "-25000000", "interestIncome": "6000000", "interestExpense": "31000000", "nonInterestIncome": "4359000000", "otherNonOperatingIncome": "6000000", "depreciation": "96000000", "depreciationAndAmortization": "137000000", "incomeBeforeTax": "591000000", "incomeTaxExpense": "160000000", "interestAndDebtExpense": "31000000", "netIncomeFromContinuingOperations": "431000000", "comprehensiveIncomeNetOfTax": "497000000", "ebit": "622000000", "ebitda": "759000000", "netIncome": "431000000"}, {"fiscalDateEnding": "2021-03-31", "reportedCurrency": "USD", "grossProfit": "575000000", "totalRevenue": "3870000000", "costOfRevenue": "3295000000", "costofGoodsAndServicesSold": "2232000000", "operatingIncome": "631000000", "sellingGeneralAndAdministrative": "891000000", "researchAndDevelopment": "102000000", "operatingExpenses": "1140000000", "investmentIncomeNet": "6000000", "netInterestIncome": "-24000000", "interestIncome": "6000000", "interestExpense": "30000000", "nonInterestIncome": "3881000000", "otherNonOperatingIncome": "6000000", "depreciation": "90000000", "depreciationAndAmortization": "129000000", "incomeBeforeTax": "492000000", "incomeTaxExpense": "114000000", "interestAndDebtExpense": "30000000", "netIncomeFromContinuingOperations": "378000000", "comprehensiveIncomeNetOfTax": "247000000", "ebit": "522000000", "ebitda": "651000000", "netIncome": "378000000"}, {"fiscalDateEnding": "2020-12-31", "reportedCurrency": "USD", "grossProfit": "1617000000", "totalRevenue": "3757000000", "costOfRevenue": "2140000000", "costofGoodsAndServicesSold": "2140000000", "operatingIncome": "581000000", "sellingGeneralAndAdministrative": "882000000", "researchAndDevelopment": "122000000", "operatingExpenses": "1256000000", "investmentIncomeNet": "5000000", "netInterestIncome": "-26000000", "interestIncome": "5000000", "interestExpense": "31000000", "nonInterestIncome": "3757000000", "otherNonOperatingIncome": "12000000", "depreciation": "91000000", "depreciationAndAmortization": "125000000", "incomeBeforeTax": "339000000", "incomeTaxExpense": "67000000", "interestAndDebtExpense": "31000000", "netIncomeFromContinuingOperations": "272000000", "comprehensiveIncomeNetOfTax": "461000000", "ebit": "370000000", "ebitda": "495000000", "netIncome": "272000000"}, {"fiscalDateEnding": "2020-09-30", "reportedCurrency": "USD", "grossProfit": "775000000", "totalRevenue": "3679000000", "costOfRevenue": "2904000000", "costofGoodsAndServicesSold": "2026000000", "operatingIncome": "679000000", "sellingGeneralAndAdministrative": "836000000", "researchAndDevelopment": "92000000", "operatingExpenses": "970000000", "investmentIncomeNet": "4000000", "netInterestIncome": "-30000000", "interestIncome": "4000000", "interestExpense": "34000000", "nonInterestIncome": "3685000000", "otherNonOperatingIncome": "19000000", "depreciation": "96000000", "depreciationAndAmortization": "132000000", "incomeBeforeTax": "566000000", "incomeTaxExpense": "124000000", "interestAndDebtExpense": "34000000", "netIncomeFromContinuingOperations": "442000000", "comprehensiveIncomeNetOfTax": "579000000", "ebit": "600000000", "ebitda": "732000000", "netIncome": "442000000"}, {"fiscalDateEnding": "2020-06-30", "reportedCurrency": "USD", "grossProfit": "313000000", "totalRevenue": "2983000000", "costOfRevenue": "2670000000", "costofGoodsAndServicesSold": "1703000000", "operatingIncome": "396000000", "sellingGeneralAndAdministrative": "766000000", "researchAndDevelopment": "86000000", "operatingExpenses": "1053000000", "investmentIncomeNet": "5000000", "netInterestIncome": "-36000000", "interestIncome": "5000000", "interestExpense": "41000000", "nonInterestIncome": "3008000000", "otherNonOperatingIncome": "5000000", "depreciation": "91000000", "depreciationAndAmortization": "123000000", "incomeBeforeTax": "131000000", "incomeTaxExpense": "29000000", "interestAndDebtExpense": "48000000", "netIncomeFromContinuingOperations": "99000000", "comprehensiveIncomeNetOfTax": "219000000", "ebit": "172000000", "ebitda": "295000000", "netIncome": "102000000"}, {"fiscalDateEnding": "2020-03-31", "reportedCurrency": "USD", "grossProfit": "412000000", "totalRevenue": "3372000000", "costOfRevenue": "2960000000", "costofGoodsAndServicesSold": "1908000000", "operatingIncome": "453000000", "sellingGeneralAndAdministrative": "905000000", "researchAndDevelopment": "101000000", "operatingExpenses": "1161000000", "investmentIncomeNet": "9000000", "netInterestIncome": "-23000000", "interestIncome": "9000000", "interestExpense": "32000000", "nonInterestIncome": "3377000000", "otherNonOperatingIncome": "9000000", "depreciation": "93000000", "depreciationAndAmortization": "129000000", "incomeBeforeTax": "314000000", "incomeTaxExpense": "71000000", "interestAndDebtExpense": "32000000", "netIncomeFromContinuingOperations": "243000000", "comprehensiveIncomeNetOfTax": "-449000000", "ebit": "346000000", "ebitda": "475000000", "netIncome": "243000000"}, {"fiscalDateEnding": "2019-12-31", "reportedCurrency": "USD", "grossProfit": "1561000000", "totalRevenue": "3672000000", "costOfRevenue": "2111000000", "costofGoodsAndServicesSold": "2111000000", "operatingIncome": "510000000", "sellingGeneralAndAdministrative": "894000000", "researchAndDevelopment": "133000000", "operatingExpenses": "1182000000", "investmentIncomeNet": "9000000", "netInterestIncome": "-24000000", "interestIncome": "9000000", "interestExpense": "33000000", "nonInterestIncome": "3672000000", "otherNonOperatingIncome": "9000000", "depreciation": "99000000", "depreciationAndAmortization": "134000000", "incomeBeforeTax": "387000000", "incomeTaxExpense": "95000000", "interestAndDebtExpense": "33000000", "netIncomeFromContinuingOperations": "295000000", "comprehensiveIncomeNetOfTax": "270000000", "ebit": "420000000", "ebitda": "554000000", "netIncome": "292000000"}, {"fiscalDateEnding": "2019-09-30", "reportedCurrency": "USD", "grossProfit": "689000000", "totalRevenue": "3817000000", "costOfRevenue": "3128000000", "costofGoodsAndServicesSold": "2181000000", "operatingIncome": "586000000", "sellingGeneralAndAdministrative": "887000000", "researchAndDevelopment": "107000000", "operatingExpenses": "1054000000", "investmentIncomeNet": "10000000", "netInterestIncome": "-23000000", "interestIncome": "10000000", "interestExpense": "33000000", "nonInterestIncome": "3826000000", "otherNonOperatingIncome": "10000000", "depreciation": "99000000", "depreciationAndAmortization": "133000000", "incomeBeforeTax": "476000000", "incomeTaxExpense": "109000000", "interestAndDebtExpense": "33000000", "netIncomeFromContinuingOperations": "366000000", "comprehensiveIncomeNetOfTax": "269000000", "ebit": "509000000", "ebitda": "642000000", "netIncome": "367000000"}, {"fiscalDateEnding": "2019-06-30", "reportedCurrency": "USD", "grossProfit": "546000000", "totalRevenue": "4027000000", "costOfRevenue": "3481000000", "costofGoodsAndServicesSold": "2288000000", "operatingIncome": "660000000", "sellingGeneralAndAdministrative": "934000000", "researchAndDevelopment": "111000000", "operatingExpenses": "1301000000", "investmentIncomeNet": "7000000", "netInterestIncome": "-28000000", "interestIncome": "7000000", "interestExpense": "35000000", "nonInterestIncome": "4024000000", "otherNonOperatingIncome": "7000000", "depreciation": "91000000", "depreciationAndAmortization": "126000000", "incomeBeforeTax": "358000000", "incomeTaxExpense": "86000000", "interestAndDebtExpense": "35000000", "netIncomeFromContinuingOperations": "270000000", "comprehensiveIncomeNetOfTax": "266000000", "ebit": "393000000", "ebitda": "519000000", "netIncome": "272000000"}, {"fiscalDateEnding": "2019-03-31", "reportedCurrency": "USD", "grossProfit": "511000000", "totalRevenue": "3615000000", "costOfRevenue": "3104000000", "costofGoodsAndServicesSold": "2073000000", "operatingIncome": "515000000", "sellingGeneralAndAdministrative": "889000000", "researchAndDevelopment": "105000000", "operatingExpenses": "1136000000", "investmentIncomeNet": "6000000", "netInterestIncome": "-25000000", "interestIncome": "6000000", "interestExpense": "31000000", "nonInterestIncome": "3624000000", "otherNonOperatingIncome": "6000000", "depreciation": "86000000", "depreciationAndAmortization": "118000000", "incomeBeforeTax": "414000000", "incomeTaxExpense": "102000000", "interestAndDebtExpense": "31000000", "netIncomeFromContinuingOperations": "312000000", "comprehensiveIncomeNetOfTax": "388000000", "ebit": "445000000", "ebitda": "563000000", "netIncome": "312000000"}, {"fiscalDateEnding": "2018-12-31", "reportedCurrency": "USD", "grossProfit": "3645000000", "totalRevenue": "3645000000", "costOfRevenue": "2188000000", "costofGoodsAndServicesSold": "2188000000", "operatingIncome": "448000000", "sellingGeneralAndAdministrative": "855000000", "researchAndDevelopment": "128000000", "operatingExpenses": "1107000000", "investmentIncomeNet": "5000000", "netInterestIncome": "-25000000", "interestIncome": "5000000", "interestExpense": "30000000", "nonInterestIncome": "3645000000", "otherNonOperatingIncome": "5000000", "depreciation": "87000000", "depreciationAndAmortization": "127000000", "incomeBeforeTax": "341000000", "incomeTaxExpense": "83000000", "interestAndDebtExpense": "30000000", "netIncomeFromContinuingOperations": "256000000", "comprehensiveIncomeNetOfTax": "155000000", "ebit": "371000000", "ebitda": "498000000", "netIncome": "258000000"}, {"fiscalDateEnding": "2018-09-30", "reportedCurrency": "USD", "grossProfit": "2922000000", "totalRevenue": "3816000000", "costOfRevenue": "894000000", "costofGoodsAndServicesSold": "2253000000", "operatingIncome": "500000000", "sellingGeneralAndAdministrative": "867000000", "researchAndDevelopment": "110000000", "operatingExpenses": "1002000000", "investmentIncomeNet": "6000000", "netInterestIncome": "-25000000", "interestIncome": "6000000", "interestExpense": "31000000", "nonInterestIncome": "3817000000", "otherNonOperatingIncome": "6000000", "depreciation": "89000000", "depreciationAndAmortization": "122000000", "incomeBeforeTax": "457000000", "incomeTaxExpense": "79000000", "interestAndDebtExpense": "31000000", "netIncomeFromContinuingOperations": "368000000", "comprehensiveIncomeNetOfTax": "456000000", "ebit": "488000000", "ebitda": "610000000", "netIncome": "378000000"}, {"fiscalDateEnding": "2018-06-30", "reportedCurrency": "USD", "grossProfit": "3050000000", "totalRevenue": "4131000000", "costOfRevenue": "1081000000", "costofGoodsAndServicesSold": "2379000000", "operatingIncome": "651000000", "sellingGeneralAndAdministrative": "945000000", "researchAndDevelopment": "114000000", "operatingExpenses": "1196000000", "investmentIncomeNet": "7000000", "netInterestIncome": "-24000000", "interestIncome": "7000000", "interestExpense": "31000000", "nonInterestIncome": "4131000000", "otherNonOperatingIncome": "7000000", "depreciation": "91000000", "depreciationAndAmortization": "125000000", "incomeBeforeTax": "475000000", "incomeTaxExpense": "104000000", "interestAndDebtExpense": "31000000", "netIncomeFromContinuingOperations": "371000000", "comprehensiveIncomeNetOfTax": "101000000", "ebit": "506000000", "ebitda": "631000000", "netIncome": "371000000"}, {"fiscalDateEnding": "2018-03-31", "reportedCurrency": "USD", "grossProfit": "2718000000", "totalRevenue": "3781000000", "costOfRevenue": "1063000000", "costofGoodsAndServicesSold": "2181000000", "operatingIncome": "519000000", "sellingGeneralAndAdministrative": "906000000", "researchAndDevelopment": "112000000", "operatingExpenses": "1175000000", "investmentIncomeNet": "5000000", "netInterestIncome": "-21000000", "interestIncome": "5000000", "interestExpense": "26000000", "nonInterestIncome": "3781000000", "otherNonOperatingIncome": "5000000", "depreciation": "87000000", "depreciationAndAmortization": "123000000", "incomeBeforeTax": "421000000", "incomeTaxExpense": "87000000", "interestAndDebtExpense": "26000000", "netIncomeFromContinuingOperations": "328000000", "comprehensiveIncomeNetOfTax": "493000000", "ebit": "447000000", "ebitda": "570000000", "netIncome": "334000000"}, {"fiscalDateEnding": "2017-12-31", "reportedCurrency": "USD", "grossProfit": "3621000000", "totalRevenue": "3655000000", "costOfRevenue": "34000000", "costofGoodsAndServicesSold": "2119000000", "operatingIncome": "473000000", "sellingGeneralAndAdministrative": "909000000", "researchAndDevelopment": "135000000", "operatingExpenses": "150000000", "investmentIncomeNet": "7000000", "netInterestIncome": "-20000000", "interestIncome": "7000000", "interestExpense": "27000000", "nonInterestIncome": "3682000000", "otherNonOperatingIncome": "7000000", "depreciation": "86000000", "depreciationAndAmortization": "120000000", "incomeBeforeTax": "375000000", "incomeTaxExpense": "224000000", "interestAndDebtExpense": "27000000", "netIncomeFromContinuingOperations": "148000000", "comprehensiveIncomeNetOfTax": "157000000", "ebit": "402000000", "ebitda": "522000000", "netIncome": "151000000"}, {"fiscalDateEnding": "2017-09-30", "reportedCurrency": "USD", "grossProfit": "2836000000", "totalRevenue": "3776000000", "costOfRevenue": "940000000", "costofGoodsAndServicesSold": "2100000000", "operatingIncome": "590000000", "sellingGeneralAndAdministrative": "894000000", "researchAndDevelopment": "114000000", "operatingExpenses": "1054000000", "investmentIncomeNet": "5000000", "netInterestIncome": "-22000000", "interestIncome": "5000000", "interestExpense": "27000000", "nonInterestIncome": "3776000000", "otherNonOperatingIncome": "5000000", "depreciation": "85000000", "depreciationAndAmortization": "117000000", "incomeBeforeTax": "734000000", "incomeTaxExpense": "124000000", "interestAndDebtExpense": "27000000", "netIncomeFromContinuingOperations": "393000000", "comprehensiveIncomeNetOfTax": "606000000", "ebit": "761000000", "ebitda": "878000000", "netIncome": "610000000"}, {"fiscalDateEnding": "2017-06-30", "reportedCurrency": "USD", "grossProfit": "2903000000", "totalRevenue": "3804000000", "costOfRevenue": "903000000", "costofGoodsAndServicesSold": "2082000000", "operatingIncome": "669000000", "sellingGeneralAndAdministrative": "876000000", "researchAndDevelopment": "113000000", "operatingExpenses": "998000000", "investmentIncomeNet": "4000000", "netInterestIncome": "-22000000", "interestIncome": "4000000", "interestExpense": "26000000", "nonInterestIncome": "25000000", "otherNonOperatingIncome": "4000000", "depreciation": "81000000", "depreciationAndAmortization": "113000000", "incomeBeforeTax": "653000000", "incomeTaxExpense": "157000000", "interestAndDebtExpense": "26000000", "netIncomeFromContinuingOperations": "497000000", "comprehensiveIncomeNetOfTax": "513000000", "ebit": "679000000", "ebitda": "792000000", "netIncome": "496000000"}, {"fiscalDateEnding": "2017-03-31", "reportedCurrency": "USD", "grossProfit": "2554000000", "totalRevenue": "3486000000", "costOfRevenue": "1015000000", "costofGoodsAndServicesSold": "1969000000", "operatingIncome": "561000000", "sellingGeneralAndAdministrative": "875000000", "researchAndDevelopment": "110000000", "operatingExpenses": "1125000000", "investmentIncomeNet": "4000000", "netInterestIncome": "-21000000", "interestIncome": "4000000", "interestExpense": "25000000", "nonInterestIncome": "3486000000", "otherNonOperatingIncome": "4000000", "depreciation": "79000000", "depreciationAndAmortization": "110000000", "incomeBeforeTax": "447000000", "incomeTaxExpense": "110000000", "interestAndDebtExpense": "25000000", "netIncomeFromContinuingOperations": "331000000", "comprehensiveIncomeNetOfTax": "617000000", "ebit": "472000000", "ebitda": "582000000", "netIncome": "337000000"}, {"fiscalDateEnding": "2016-12-31", "reportedCurrency": "USD", "grossProfit": "3497000000", "totalRevenue": "3497000000", "costOfRevenue": "256000000", "costofGoodsAndServicesSold": "1910000000", "operatingIncome": "501000000", "sellingGeneralAndAdministrative": "835000000", "researchAndDevelopment": "123000000", "operatingExpenses": "256000000", "investmentIncomeNet": "6000000", "netInterestIncome": "-23000000", "interestIncome": "6000000", "interestExpense": "29000000", "nonInterestIncome": "-14000000", "otherNonOperatingIncome": "6000000", "depreciation": "79000000", "depreciationAndAmortization": "109000000", "incomeBeforeTax": "384000000", "incomeTaxExpense": "40000000", "interestAndDebtExpense": "29000000", "netIncomeFromContinuingOperations": "77000000", "comprehensiveIncomeNetOfTax": "525000000", "ebit": "413000000", "ebitda": "522000000", "netIncome": "344000000"}]}