{"symbol": "PPL", "annualReports": [{"fiscalDateEnding": "2020-12-31", "reportedCurrency": "USD", "grossProfit": "6958000000", "totalRevenue": "7607000000", "costOfRevenue": "649000000", "costofGoodsAndServicesSold": "632000000", "operatingIncome": "2803000000", "sellingGeneralAndAdministrative": "None", "researchAndDevelopment": "None", "operatingExpenses": "46000000", "investmentIncomeNet": "None", "netInterestIncome": "-1001000000", "interestIncome": "10000000", "interestExpense": "1001000000", "nonInterestIncome": "7458000000", "otherNonOperatingIncome": "169000000", "depreciation": "1287000000", "depreciationAndAmortization": "1287000000", "incomeBeforeTax": "1971000000", "incomeTaxExpense": "502000000", "interestAndDebtExpense": "1001000000", "netIncomeFromContinuingOperations": "1469000000", "comprehensiveIncomeNetOfTax": "1607000000", "ebit": "2972000000", "ebitda": "4259000000", "netIncome": "1469000000"}, {"fiscalDateEnding": "2019-12-31", "reportedCurrency": "USD", "grossProfit": "7041000000", "totalRevenue": "7769000000", "costOfRevenue": "728000000", "costofGoodsAndServicesSold": "709000000", "operatingIncome": "2840000000", "sellingGeneralAndAdministrative": "316000000", "researchAndDevelopment": "None", "operatingExpenses": "46000000", "investmentIncomeNet": "None", "netInterestIncome": "-994000000", "interestIncome": "16000000", "interestExpense": "994000000", "nonInterestIncome": "7687000000", "otherNonOperatingIncome": "309000000", "depreciation": "1199000000", "depreciationAndAmortization": "1199000000", "incomeBeforeTax": "2155000000", "incomeTaxExpense": "409000000", "interestAndDebtExpense": "994000000", "netIncomeFromContinuingOperations": "1746000000", "comprehensiveIncomeNetOfTax": "1352000000", "ebit": "3149000000", "ebitda": "4348000000", "netIncome": "1746000000"}, {"fiscalDateEnding": "2018-12-31", "reportedCurrency": "USD", "grossProfit": "6921000000", "totalRevenue": "7785000000", "costOfRevenue": "864000000", "costofGoodsAndServicesSold": "799000000", "operatingIncome": "2852000000", "sellingGeneralAndAdministrative": "45000000", "researchAndDevelopment": "None", "operatingExpenses": "99000000", "investmentIncomeNet": "None", "netInterestIncome": "-963000000", "interestIncome": "6000000", "interestExpense": "963000000", "nonInterestIncome": "7929000000", "otherNonOperatingIncome": "396000000", "depreciation": "1094000000", "depreciationAndAmortization": "1094000000", "incomeBeforeTax": "2285000000", "incomeTaxExpense": "458000000", "interestAndDebtExpense": "963000000", "netIncomeFromContinuingOperations": "1827000000", "comprehensiveIncomeNetOfTax": "1336000000", "ebit": "3248000000", "ebitda": "4342000000", "netIncome": "1827000000"}, {"fiscalDateEnding": "2017-12-31", "reportedCurrency": "USD", "grossProfit": "4987000000", "totalRevenue": "7447000000", "costOfRevenue": "2460000000", "costofGoodsAndServicesSold": "2394000000", "operatingIncome": "2901000000", "sellingGeneralAndAdministrative": "45000000", "researchAndDevelopment": "None", "operatingExpenses": "66000000", "investmentIncomeNet": "None", "netInterestIncome": "-901000000", "interestIncome": "2000000", "interestExpense": "901000000", "nonInterestIncome": "-261000000", "otherNonOperatingIncome": "-88000000", "depreciation": "1008000000", "depreciationAndAmortization": "1008000000", "incomeBeforeTax": "1912000000", "incomeTaxExpense": "784000000", "interestAndDebtExpense": "901000000", "netIncomeFromContinuingOperations": "1128000000", "comprehensiveIncomeNetOfTax": "1484000000", "ebit": "2813000000", "ebitda": "3821000000", "netIncome": "1128000000"}, {"fiscalDateEnding": "2016-12-31", "reportedCurrency": "USD", "grossProfit": "4947000000", "totalRevenue": "7517000000", "costOfRevenue": "2570000000", "costofGoodsAndServicesSold": "2536000000", "operatingIncome": "2936000000", "sellingGeneralAndAdministrative": "10000000", "researchAndDevelopment": "None", "operatingExpenses": "34000000", "investmentIncomeNet": "None", "netInterestIncome": "-888000000", "interestIncome": "3000000", "interestExpense": "888000000", "nonInterestIncome": "384000000", "otherNonOperatingIncome": "502000000", "depreciation": "926000000", "depreciationAndAmortization": "926000000", "incomeBeforeTax": "2550000000", "incomeTaxExpense": "648000000", "interestAndDebtExpense": "888000000", "netIncomeFromContinuingOperations": "1902000000", "comprehensiveIncomeNetOfTax": "852000000", "ebit": "3438000000", "ebitda": "4364000000", "netIncome": "1902000000"}], "quarterlyReports": [{"fiscalDateEnding": "2021-09-30", "reportedCurrency": "USD", "grossProfit": "1317000000", "totalRevenue": "1512000000", "costOfRevenue": "195000000", "costofGoodsAndServicesSold": "195000000", "operatingIncome": "431000000", "sellingGeneralAndAdministrative": "None", "researchAndDevelopment": "None", "operatingExpenses": "7000000", "investmentIncomeNet": "None", "netInterestIncome": "-183000000", "interestIncome": "-177000000", "interestExpense": "183000000", "nonInterestIncome": "1527000000", "otherNonOperatingIncome": "12000000", "depreciation": "274000000", "depreciationAndAmortization": "264000000", "incomeBeforeTax": "258000000", "incomeTaxExpense": "51000000", "interestAndDebtExpense": "183000000", "netIncomeFromContinuingOperations": "209000000", "comprehensiveIncomeNetOfTax": "215000000", "ebit": "441000000", "ebitda": "705000000", "netIncome": "207000000"}, {"fiscalDateEnding": "2021-06-30", "reportedCurrency": "USD", "grossProfit": "1092000000", "totalRevenue": "1288000000", "costOfRevenue": "196000000", "costofGoodsAndServicesSold": "159000000", "operatingIncome": "270000000", "sellingGeneralAndAdministrative": "None", "researchAndDevelopment": "None", "operatingExpenses": "37000000", "investmentIncomeNet": "None", "netInterestIncome": "-474000000", "interestIncome": "4000000", "interestExpense": "474000000", "nonInterestIncome": "1302000000", "otherNonOperatingIncome": "13000000", "depreciation": "269000000", "depreciationAndAmortization": "298000000", "incomeBeforeTax": "364000000", "incomeTaxExpense": "345000000", "interestAndDebtExpense": "474000000", "netIncomeFromContinuingOperations": "-536000000", "comprehensiveIncomeNetOfTax": "3710000000", "ebit": "838000000", "ebitda": "1136000000", "netIncome": "19000000"}, {"fiscalDateEnding": "2021-03-31", "reportedCurrency": "USD", "grossProfit": "1317000000", "totalRevenue": "1498000000", "costOfRevenue": "181000000", "costofGoodsAndServicesSold": "177000000", "operatingIncome": "415000000", "sellingGeneralAndAdministrative": "None", "researchAndDevelopment": "None", "operatingExpenses": "6000000", "investmentIncomeNet": "None", "netInterestIncome": "-153000000", "interestIncome": "-153000000", "interestExpense": "153000000", "nonInterestIncome": "1516000000", "otherNonOperatingIncome": "0", "depreciation": "267000000", "depreciationAndAmortization": "278000000", "incomeBeforeTax": "-1781000000", "incomeTaxExpense": "59000000", "interestAndDebtExpense": "153000000", "netIncomeFromContinuingOperations": "203000000", "comprehensiveIncomeNetOfTax": "-1502000000", "ebit": "-1628000000", "ebitda": "-1350000000", "netIncome": "-1840000000"}, {"fiscalDateEnding": "2020-12-31", "reportedCurrency": "USD", "grossProfit": "1771000000", "totalRevenue": "1929000000", "costOfRevenue": "158000000", "costofGoodsAndServicesSold": "154000000", "operatingIncome": "704000000", "sellingGeneralAndAdministrative": "None", "researchAndDevelopment": "None", "operatingExpenses": "11000000", "investmentIncomeNet": "None", "netInterestIncome": "-251000000", "interestIncome": "271000000", "interestExpense": "251000000", "nonInterestIncome": "1770000000", "otherNonOperatingIncome": "-84000000", "depreciation": "328000000", "depreciationAndAmortization": "328000000", "incomeBeforeTax": "369000000", "incomeTaxExpense": "79000000", "interestAndDebtExpense": "251000000", "netIncomeFromContinuingOperations": "290000000", "comprehensiveIncomeNetOfTax": "-3000000", "ebit": "620000000", "ebitda": "948000000", "netIncome": "290000000"}, {"fiscalDateEnding": "2020-09-30", "reportedCurrency": "USD", "grossProfit": "1708000000", "totalRevenue": "1400000000", "costOfRevenue": "177000000", "costofGoodsAndServicesSold": "177000000", "operatingIncome": "437000000", "sellingGeneralAndAdministrative": "None", "researchAndDevelopment": "None", "operatingExpenses": "8000000", "investmentIncomeNet": "None", "netInterestIncome": "-249000000", "interestIncome": "-88000000", "interestExpense": "161000000", "nonInterestIncome": "1860000000", "otherNonOperatingIncome": "6000000", "depreciation": "323000000", "depreciationAndAmortization": "323000000", "incomeBeforeTax": "490000000", "incomeTaxExpense": "165000000", "interestAndDebtExpense": "249000000", "netIncomeFromContinuingOperations": "117000000", "comprehensiveIncomeNetOfTax": "956000000", "ebit": "739000000", "ebitda": "1062000000", "netIncome": "281000000"}, {"fiscalDateEnding": "2020-06-30", "reportedCurrency": "USD", "grossProfit": "1601000000", "totalRevenue": "1263000000", "costOfRevenue": "138000000", "costofGoodsAndServicesSold": "138000000", "operatingIncome": "347000000", "sellingGeneralAndAdministrative": "None", "researchAndDevelopment": "None", "operatingExpenses": "7000000", "investmentIncomeNet": "None", "netInterestIncome": "-253000000", "interestIncome": "-89000000", "interestExpense": "164000000", "nonInterestIncome": "1725000000", "otherNonOperatingIncome": "10000000", "depreciation": "386000000", "depreciationAndAmortization": "319000000", "incomeBeforeTax": "418000000", "incomeTaxExpense": "40000000", "interestAndDebtExpense": "253000000", "netIncomeFromContinuingOperations": "153000000", "comprehensiveIncomeNetOfTax": "108000000", "ebit": "671000000", "ebitda": "990000000", "netIncome": "344000000"}, {"fiscalDateEnding": "2020-03-31", "reportedCurrency": "USD", "grossProfit": "1887000000", "totalRevenue": "1440000000", "costOfRevenue": "167000000", "costofGoodsAndServicesSold": "163000000", "operatingIncome": "424000000", "sellingGeneralAndAdministrative": "None", "researchAndDevelopment": "None", "operatingExpenses": "12000000", "investmentIncomeNet": "None", "netInterestIncome": "-248000000", "interestIncome": "-94000000", "interestExpense": "154000000", "nonInterestIncome": "2103000000", "otherNonOperatingIncome": "-5000000", "depreciation": "250000000", "depreciationAndAmortization": "317000000", "incomeBeforeTax": "615000000", "incomeTaxExpense": "61000000", "interestAndDebtExpense": "248000000", "netIncomeFromContinuingOperations": "204000000", "comprehensiveIncomeNetOfTax": "546000000", "ebit": "769000000", "ebitda": "1259000000", "netIncome": "554000000"}, {"fiscalDateEnding": "2019-12-31", "reportedCurrency": "USD", "grossProfit": "1954000000", "totalRevenue": "1954000000", "costOfRevenue": "159000000", "costofGoodsAndServicesSold": "153000000", "operatingIncome": "693000000", "sellingGeneralAndAdministrative": "79000000", "researchAndDevelopment": "None", "operatingExpenses": "11000000", "investmentIncomeNet": "None", "netInterestIncome": "-248000000", "interestIncome": "4000000", "interestExpense": "248000000", "nonInterestIncome": "1864000000", "otherNonOperatingIncome": "0", "depreciation": "309000000", "depreciationAndAmortization": "309000000", "incomeBeforeTax": "445000000", "incomeTaxExpense": "81000000", "interestAndDebtExpense": "248000000", "netIncomeFromContinuingOperations": "693000000", "comprehensiveIncomeNetOfTax": "693000000", "ebit": "693000000", "ebitda": "1002000000", "netIncome": "364000000"}, {"fiscalDateEnding": "2019-09-30", "reportedCurrency": "USD", "grossProfit": "1739000000", "totalRevenue": "1933000000", "costOfRevenue": "194000000", "costofGoodsAndServicesSold": "194000000", "operatingIncome": "726000000", "sellingGeneralAndAdministrative": "77000000", "researchAndDevelopment": "None", "operatingExpenses": "11000000", "investmentIncomeNet": "None", "netInterestIncome": "-259000000", "interestIncome": "3000000", "interestExpense": "259000000", "nonInterestIncome": "1974000000", "otherNonOperatingIncome": "126000000", "depreciation": "306000000", "depreciationAndAmortization": "306000000", "incomeBeforeTax": "593000000", "incomeTaxExpense": "118000000", "interestAndDebtExpense": "259000000", "netIncomeFromContinuingOperations": "475000000", "comprehensiveIncomeNetOfTax": "199000000", "ebit": "852000000", "ebitda": "1158000000", "netIncome": "475000000"}, {"fiscalDateEnding": "2019-06-30", "reportedCurrency": "USD", "grossProfit": "1635000000", "totalRevenue": "1803000000", "costOfRevenue": "168000000", "costofGoodsAndServicesSold": "168000000", "operatingIncome": "640000000", "sellingGeneralAndAdministrative": "80000000", "researchAndDevelopment": "None", "operatingExpenses": "2000000", "investmentIncomeNet": "None", "netInterestIncome": "-246000000", "interestIncome": "3000000", "interestExpense": "246000000", "nonInterestIncome": "1818000000", "otherNonOperatingIncome": "131000000", "depreciation": "300000000", "depreciationAndAmortization": "300000000", "incomeBeforeTax": "525000000", "incomeTaxExpense": "84000000", "interestAndDebtExpense": "246000000", "netIncomeFromContinuingOperations": "441000000", "comprehensiveIncomeNetOfTax": "92000000", "ebit": "771000000", "ebitda": "1071000000", "netIncome": "441000000"}, {"fiscalDateEnding": "2019-03-31", "reportedCurrency": "USD", "grossProfit": "1881000000", "totalRevenue": "2079000000", "costOfRevenue": "198000000", "costofGoodsAndServicesSold": "194000000", "operatingIncome": "781000000", "sellingGeneralAndAdministrative": "80000000", "researchAndDevelopment": "None", "operatingExpenses": "13000000", "investmentIncomeNet": "None", "netInterestIncome": "-241000000", "interestIncome": "-274000000", "interestExpense": "241000000", "nonInterestIncome": "2030000000", "otherNonOperatingIncome": "52000000", "depreciation": "284000000", "depreciationAndAmortization": "284000000", "incomeBeforeTax": "592000000", "incomeTaxExpense": "126000000", "interestAndDebtExpense": "241000000", "netIncomeFromContinuingOperations": "466000000", "comprehensiveIncomeNetOfTax": "783000000", "ebit": "833000000", "ebitda": "1117000000", "netIncome": "466000000"}, {"fiscalDateEnding": "2018-12-31", "reportedCurrency": "USD", "grossProfit": "1939000000", "totalRevenue": "1939000000", "costOfRevenue": "241000000", "costofGoodsAndServicesSold": "190000000", "operatingIncome": "657000000", "sellingGeneralAndAdministrative": "62000000", "researchAndDevelopment": "None", "operatingExpenses": "61000000", "investmentIncomeNet": "None", "netInterestIncome": "-245000000", "interestIncome": "None", "interestExpense": "245000000", "nonInterestIncome": "1997000000", "otherNonOperatingIncome": "99000000", "depreciation": "277000000", "depreciationAndAmortization": "277000000", "incomeBeforeTax": "511000000", "incomeTaxExpense": "96000000", "interestAndDebtExpense": "245000000", "netIncomeFromContinuingOperations": "657000000", "comprehensiveIncomeNetOfTax": "657000000", "ebit": "756000000", "ebitda": "1033000000", "netIncome": "415000000"}, {"fiscalDateEnding": "2018-09-30", "reportedCurrency": "USD", "grossProfit": "1666000000", "totalRevenue": "1872000000", "costOfRevenue": "206000000", "costofGoodsAndServicesSold": "206000000", "operatingIncome": "686000000", "sellingGeneralAndAdministrative": "61000000", "researchAndDevelopment": "None", "operatingExpenses": "11000000", "investmentIncomeNet": "None", "netInterestIncome": "-244000000", "interestIncome": "None", "interestExpense": "244000000", "nonInterestIncome": "1893000000", "otherNonOperatingIncome": "106000000", "depreciation": "275000000", "depreciationAndAmortization": "275000000", "incomeBeforeTax": "548000000", "incomeTaxExpense": "103000000", "interestAndDebtExpense": "244000000", "netIncomeFromContinuingOperations": "445000000", "comprehensiveIncomeNetOfTax": "292000000", "ebit": "792000000", "ebitda": "1067000000", "netIncome": "445000000"}, {"fiscalDateEnding": "2018-06-30", "reportedCurrency": "USD", "grossProfit": "1153000000", "totalRevenue": "1848000000", "costOfRevenue": "695000000", "costofGoodsAndServicesSold": "695000000", "operatingIncome": "658000000", "sellingGeneralAndAdministrative": "66000000", "researchAndDevelopment": "None", "operatingExpenses": "3000000", "investmentIncomeNet": "None", "netInterestIncome": "-235000000", "interestIncome": "None", "interestExpense": "235000000", "nonInterestIncome": "2008000000", "otherNonOperatingIncome": "234000000", "depreciation": "273000000", "depreciationAndAmortization": "273000000", "incomeBeforeTax": "657000000", "incomeTaxExpense": "142000000", "interestAndDebtExpense": "235000000", "netIncomeFromContinuingOperations": "515000000", "comprehensiveIncomeNetOfTax": "299000000", "ebit": "892000000", "ebitda": "1165000000", "netIncome": "515000000"}, {"fiscalDateEnding": "2018-03-31", "reportedCurrency": "USD", "grossProfit": "1441000000", "totalRevenue": "2126000000", "costOfRevenue": "685000000", "costofGoodsAndServicesSold": "682000000", "operatingIncome": "851000000", "sellingGeneralAndAdministrative": "66000000", "researchAndDevelopment": "None", "operatingExpenses": "13000000", "investmentIncomeNet": "None", "netInterestIncome": "-239000000", "interestIncome": "None", "interestExpense": "239000000", "nonInterestIncome": "2254000000", "otherNonOperatingIncome": "-43000000", "depreciation": "269000000", "depreciationAndAmortization": "269000000", "incomeBeforeTax": "569000000", "incomeTaxExpense": "117000000", "interestAndDebtExpense": "239000000", "netIncomeFromContinuingOperations": "452000000", "comprehensiveIncomeNetOfTax": "595000000", "ebit": "808000000", "ebitda": "1077000000", "netIncome": "452000000"}, {"fiscalDateEnding": "2017-12-31", "reportedCurrency": "USD", "grossProfit": "1926000000", "totalRevenue": "1926000000", "costOfRevenue": "651000000", "costofGoodsAndServicesSold": "601000000", "operatingIncome": "749000000", "sellingGeneralAndAdministrative": "167000000", "researchAndDevelopment": "None", "operatingExpenses": "50000000", "investmentIncomeNet": "None", "netInterestIncome": "-232000000", "interestIncome": "None", "interestExpense": "232000000", "nonInterestIncome": "-24000000", "otherNonOperatingIncome": "24000000", "depreciation": "263000000", "depreciationAndAmortization": "263000000", "incomeBeforeTax": "541000000", "incomeTaxExpense": "463000000", "interestAndDebtExpense": "232000000", "netIncomeFromContinuingOperations": "793000000", "comprehensiveIncomeNetOfTax": "78000000", "ebit": "773000000", "ebitda": "1036000000", "netIncome": "78000000"}, {"fiscalDateEnding": "2017-09-30", "reportedCurrency": "USD", "grossProfit": "1246000000", "totalRevenue": "1845000000", "costOfRevenue": "599000000", "costofGoodsAndServicesSold": "599000000", "operatingIncome": "736000000", "sellingGeneralAndAdministrative": "None", "researchAndDevelopment": "None", "operatingExpenses": "50000000", "investmentIncomeNet": "None", "netInterestIncome": "-230000000", "interestIncome": "None", "interestExpense": "230000000", "nonInterestIncome": "-81000000", "otherNonOperatingIncome": "-35000000", "depreciation": "257000000", "depreciationAndAmortization": "257000000", "incomeBeforeTax": "471000000", "incomeTaxExpense": "116000000", "interestAndDebtExpense": "230000000", "netIncomeFromContinuingOperations": "355000000", "comprehensiveIncomeNetOfTax": "375000000", "ebit": "701000000", "ebitda": "958000000", "netIncome": "355000000"}, {"fiscalDateEnding": "2017-06-30", "reportedCurrency": "USD", "grossProfit": "1154000000", "totalRevenue": "1725000000", "costOfRevenue": "571000000", "costofGoodsAndServicesSold": "571000000", "operatingIncome": "658000000", "sellingGeneralAndAdministrative": "-26000000", "researchAndDevelopment": "None", "operatingExpenses": "-20000000", "investmentIncomeNet": "None", "netInterestIncome": "-222000000", "interestIncome": "None", "interestExpense": "222000000", "nonInterestIncome": "-113000000", "otherNonOperatingIncome": "-68000000", "depreciation": "246000000", "depreciationAndAmortization": "246000000", "incomeBeforeTax": "368000000", "incomeTaxExpense": "76000000", "interestAndDebtExpense": "222000000", "netIncomeFromContinuingOperations": "292000000", "comprehensiveIncomeNetOfTax": "546000000", "ebit": "590000000", "ebitda": "836000000", "netIncome": "292000000"}, {"fiscalDateEnding": "2017-03-31", "reportedCurrency": "USD", "grossProfit": "1342000000", "totalRevenue": "1951000000", "costOfRevenue": "609000000", "costofGoodsAndServicesSold": "623000000", "operatingIncome": "758000000", "sellingGeneralAndAdministrative": "-19000000", "researchAndDevelopment": "None", "operatingExpenses": "-14000000", "investmentIncomeNet": "None", "netInterestIncome": "-217000000", "interestIncome": "None", "interestExpense": "217000000", "nonInterestIncome": "43000000", "otherNonOperatingIncome": "-9000000", "depreciation": "242000000", "depreciationAndAmortization": "242000000", "incomeBeforeTax": "532000000", "incomeTaxExpense": "129000000", "interestAndDebtExpense": "217000000", "netIncomeFromContinuingOperations": "403000000", "comprehensiveIncomeNetOfTax": "404000000", "ebit": "749000000", "ebitda": "991000000", "netIncome": "403000000"}, {"fiscalDateEnding": "2016-12-31", "reportedCurrency": "USD", "grossProfit": "1832000000", "totalRevenue": "1832000000", "costOfRevenue": "680000000", "costofGoodsAndServicesSold": "637000000", "operatingIncome": "714000000", "sellingGeneralAndAdministrative": "39000000", "researchAndDevelopment": "None", "operatingExpenses": "43000000", "investmentIncomeNet": "None", "netInterestIncome": "-217000000", "interestIncome": "None", "interestExpense": "217000000", "nonInterestIncome": "None", "otherNonOperatingIncome": "218000000", "depreciation": "234000000", "depreciationAndAmortization": "234000000", "incomeBeforeTax": "603000000", "incomeTaxExpense": "138000000", "interestAndDebtExpense": "217000000", "netIncomeFromContinuingOperations": "714000000", "comprehensiveIncomeNetOfTax": "465000000", "ebit": "820000000", "ebitda": "1054000000", "netIncome": "465000000"}]}