{"symbol": "PSA", "annualReports": [{"fiscalDateEnding": "2020-12-31", "reportedCurrency": "USD", "grossProfit": "2218693000", "totalRevenue": "2915068000", "costOfRevenue": "696375000", "costofGoodsAndServicesSold": "867462000", "operatingIncome": "1582237000", "sellingGeneralAndAdministrative": "83199000", "researchAndDevelopment": "10076000", "operatingExpenses": "634963000", "investmentIncomeNet": "22323000", "netInterestIncome": "-56283000", "interestIncome": "22323000", "interestExpense": "56283000", "nonInterestIncome": "1493000", "otherNonOperatingIncome": "104313000", "depreciation": "528660000", "depreciationAndAmortization": "553257000", "incomeBeforeTax": "1361227000", "incomeTaxExpense": "None", "interestAndDebtExpense": "56283000", "netIncomeFromContinuingOperations": "1686550000", "comprehensiveIncomeNetOfTax": "1378702000", "ebit": "1582237000", "ebitda": "2135494000", "netIncome": "1357213000"}, {"fiscalDateEnding": "2019-12-31", "reportedCurrency": "USD", "grossProfit": "2058325000", "totalRevenue": "2855108000", "costOfRevenue": "796783000", "costofGoodsAndServicesSold": "796783000", "operatingIncome": "1632817000", "sellingGeneralAndAdministrative": "71983000", "researchAndDevelopment": "6850000", "operatingExpenses": "584560000", "investmentIncomeNet": "26683000", "netInterestIncome": "-45641000", "interestIncome": "28436000", "interestExpense": "45641000", "nonInterestIncome": "341000", "otherNonOperatingIncome": "98324000", "depreciation": "483408000", "depreciationAndAmortization": "512918000", "incomeBeforeTax": "1525651000", "incomeTaxExpense": "None", "interestAndDebtExpense": "45641000", "netIncomeFromContinuingOperations": "1731141000", "comprehensiveIncomeNetOfTax": "1519704000", "ebit": "1632817000", "ebitda": "2145735000", "netIncome": "1520534000"}, {"fiscalDateEnding": "2018-12-31", "reportedCurrency": "USD", "grossProfit": "2014558000", "totalRevenue": "2759523000", "costOfRevenue": "739722000", "costofGoodsAndServicesSold": "739722000", "operatingIncome": "1412192000", "sellingGeneralAndAdministrative": "118720000", "researchAndDevelopment": "5441000", "operatingExpenses": "564463000", "investmentIncomeNet": "24552000", "netInterestIncome": "-32542000", "interestIncome": "26442000", "interestExpense": "32542000", "nonInterestIncome": "189519000", "otherNonOperatingIncome": "319456000", "depreciation": "457029000", "depreciationAndAmortization": "483646000", "incomeBeforeTax": "1717265000", "incomeTaxExpense": "None", "interestAndDebtExpense": "32542000", "netIncomeFromContinuingOperations": "1580032000", "comprehensiveIncomeNetOfTax": "1722035000", "ebit": "1412192000", "ebitda": "1895838000", "netIncome": "1711031000"}, {"fiscalDateEnding": "2017-12-31", "reportedCurrency": "USD", "grossProfit": "1960550000", "totalRevenue": "2668528000", "costOfRevenue": "707978000", "costofGoodsAndServicesSold": "657633000", "operatingIncome": "1423142000", "sellingGeneralAndAdministrative": "82882000", "researchAndDevelopment": "8193000", "operatingExpenses": "535987000", "investmentIncomeNet": "18771000", "netInterestIncome": "-12690000", "interestIncome": "18771000", "interestExpense": "12690000", "nonInterestIncome": "1421000", "otherNonOperatingIncome": "88058000", "depreciation": "433466000", "depreciationAndAmortization": "454526000", "incomeBeforeTax": "1442217000", "incomeTaxExpense": "0", "interestAndDebtExpense": "12690000", "netIncomeFromContinuingOperations": "1509779000", "comprehensiveIncomeNetOfTax": "1462259000", "ebit": "1454907000", "ebitda": "1909433000", "netIncome": "1442217000"}, {"fiscalDateEnding": "2016-12-31", "reportedCurrency": "USD", "grossProfit": "1891466000", "totalRevenue": "2560549000", "costOfRevenue": "669083000", "costofGoodsAndServicesSold": "617905000", "operatingIncome": "1374496000", "sellingGeneralAndAdministrative": "83656000", "researchAndDevelopment": "9721000", "operatingExpenses": "516281000", "investmentIncomeNet": "15138000", "netInterestIncome": "-4210000", "interestIncome": "15138000", "interestExpense": "4210000", "nonInterestIncome": "689000", "otherNonOperatingIncome": "72583000", "depreciation": "406046000", "depreciationAndAmortization": "433314000", "incomeBeforeTax": "1453576000", "incomeTaxExpense": "0", "interestAndDebtExpense": "4210000", "netIncomeFromContinuingOperations": "1446390000", "comprehensiveIncomeNetOfTax": "1427018000", "ebit": "1457786000", "ebitda": "1891100000", "netIncome": "1453576000"}], "quarterlyReports": [{"fiscalDateEnding": "2021-09-30", "reportedCurrency": "USD", "grossProfit": "437963000", "totalRevenue": "894931000", "costOfRevenue": "456968000", "costofGoodsAndServicesSold": "216999000", "operatingIncome": "217729000", "sellingGeneralAndAdministrative": "31682000", "researchAndDevelopment": "1857000", "operatingExpenses": "220234000", "investmentIncomeNet": "3356000", "netInterestIncome": "-23736000", "interestIncome": "3356000", "interestExpense": "23736000", "nonInterestIncome": "279000", "otherNonOperatingIncome": "36495000", "depreciation": "162839000", "depreciationAndAmortization": "188552000", "incomeBeforeTax": "491628000", "incomeTaxExpense": "None", "interestAndDebtExpense": "23736000", "netIncomeFromContinuingOperations": "254224000", "comprehensiveIncomeNetOfTax": "483193000", "ebit": "217729000", "ebitda": "406281000", "netIncome": "490091000"}, {"fiscalDateEnding": "2021-06-30", "reportedCurrency": "USD", "grossProfit": "410261000", "totalRevenue": "829315000", "costOfRevenue": "419054000", "costofGoodsAndServicesSold": "202595000", "operatingIncome": "209793000", "sellingGeneralAndAdministrative": "27740000", "researchAndDevelopment": "1955000", "operatingExpenses": "200468000", "investmentIncomeNet": "3113000", "netInterestIncome": "-21994000", "interestIncome": "3113000", "interestExpense": "21994000", "nonInterestIncome": "3991000", "otherNonOperatingIncome": "36170000", "depreciation": "150110000", "depreciationAndAmortization": "172728000", "incomeBeforeTax": "411730000", "incomeTaxExpense": "None", "interestAndDebtExpense": "21994000", "netIncomeFromContinuingOperations": "245963000", "comprehensiveIncomeNetOfTax": "413685000", "ebit": "209793000", "ebitda": "382521000", "netIncome": "410426000"}, {"fiscalDateEnding": "2021-03-31", "reportedCurrency": "USD", "grossProfit": "584511000", "totalRevenue": "767262000", "costOfRevenue": "182751000", "costofGoodsAndServicesSold": "212105000", "operatingIncome": "418078000", "sellingGeneralAndAdministrative": "19574000", "researchAndDevelopment": "1599000", "operatingExpenses": "157020000", "investmentIncomeNet": "2852000", "netInterestIncome": "-15250000", "interestIncome": "2852000", "interestExpense": "15250000", "nonInterestIncome": "9413000", "otherNonOperatingIncome": "31721000", "depreciation": "137808000", "depreciationAndAmortization": "146859000", "incomeBeforeTax": "434262000", "incomeTaxExpense": "None", "interestAndDebtExpense": "15250000", "netIncomeFromContinuingOperations": "449799000", "comprehensiveIncomeNetOfTax": "427096000", "ebit": "418078000", "ebitda": "564937000", "netIncome": "433036000"}, {"fiscalDateEnding": "2020-12-31", "reportedCurrency": "USD", "grossProfit": "571287000", "totalRevenue": "759044000", "costOfRevenue": "187757000", "costofGoodsAndServicesSold": "205524000", "operatingIncome": "409328000", "sellingGeneralAndAdministrative": "20553000", "researchAndDevelopment": "1757000", "operatingExpenses": "161583000", "investmentIncomeNet": "2799000", "netInterestIncome": "-14235000", "interestIncome": "2799000", "interestExpense": "14235000", "nonInterestIncome": "376000", "otherNonOperatingIncome": "20809000", "depreciation": "138773000", "depreciationAndAmortization": "141406000", "incomeBeforeTax": "352432000", "incomeTaxExpense": "None", "interestAndDebtExpense": "14235000", "netIncomeFromContinuingOperations": "430137000", "comprehensiveIncomeNetOfTax": "370210000", "ebit": "409328000", "ebitda": "550734000", "netIncome": "351267000"}, {"fiscalDateEnding": "2020-09-30", "reportedCurrency": "USD", "grossProfit": "559642000", "totalRevenue": "734545000", "costOfRevenue": "171015000", "costofGoodsAndServicesSold": "209179000", "operatingIncome": "400021000", "sellingGeneralAndAdministrative": "21288000", "researchAndDevelopment": "1620000", "operatingExpenses": "159621000", "investmentIncomeNet": "7192000", "netInterestIncome": "-14282000", "interestIncome": "-27728000", "interestExpense": "14282000", "nonInterestIncome": "0", "otherNonOperatingIncome": "28454000", "depreciation": "132004000", "depreciationAndAmortization": "138333000", "incomeBeforeTax": "324867000", "incomeTaxExpense": "0", "interestAndDebtExpense": "14282000", "netIncomeFromContinuingOperations": "428475000", "comprehensiveIncomeNetOfTax": "335659000", "ebit": "339149000", "ebitda": "477482000", "netIncome": "324867000"}, {"fiscalDateEnding": "2020-06-30", "reportedCurrency": "USD", "grossProfit": "539591000", "totalRevenue": "712943000", "costOfRevenue": "169694000", "costofGoodsAndServicesSold": "216954000", "operatingIncome": "381679000", "sellingGeneralAndAdministrative": "20294000", "researchAndDevelopment": "4255000", "operatingExpenses": "157912000", "investmentIncomeNet": "5665000", "netInterestIncome": "-14145000", "interestIncome": "5831000", "interestExpense": "14145000", "nonInterestIncome": "0", "otherNonOperatingIncome": "23486000", "depreciation": "130208000", "depreciationAndAmortization": "137618000", "incomeBeforeTax": "314923000", "incomeTaxExpense": "0", "interestAndDebtExpense": "14145000", "netIncomeFromContinuingOperations": "405165000", "comprehensiveIncomeNetOfTax": "319792000", "ebit": "329068000", "ebitda": "466686000", "netIncome": "314923000"}, {"fiscalDateEnding": "2020-03-31", "reportedCurrency": "USD", "grossProfit": "548173000", "totalRevenue": "719044000", "costOfRevenue": "167909000", "costofGoodsAndServicesSold": "211096000", "operatingIncome": "391209000", "sellingGeneralAndAdministrative": "21064000", "researchAndDevelopment": "2444000", "operatingExpenses": "155847000", "investmentIncomeNet": "6119000", "netInterestIncome": "-13621000", "interestIncome": "6479000", "interestExpense": "13621000", "nonInterestIncome": "1117000", "otherNonOperatingIncome": "31564000", "depreciation": "127675000", "depreciationAndAmortization": "135900000", "incomeBeforeTax": "366156000", "incomeTaxExpense": "0", "interestAndDebtExpense": "13621000", "netIncomeFromContinuingOperations": "422773000", "comprehensiveIncomeNetOfTax": "353041000", "ebit": "379777000", "ebitda": "515677000", "netIncome": "366156000"}, {"fiscalDateEnding": "2019-12-31", "reportedCurrency": "USD", "grossProfit": "544915000", "totalRevenue": "717499000", "costOfRevenue": "172584000", "costofGoodsAndServicesSold": "172584000", "operatingIncome": "410030000", "sellingGeneralAndAdministrative": "20308000", "researchAndDevelopment": "1748000", "operatingExpenses": "134885000", "investmentIncomeNet": "4671000", "netInterestIncome": "-12647000", "interestIncome": "6424000", "interestExpense": "12647000", "nonInterestIncome": "0", "otherNonOperatingIncome": "20340000", "depreciation": "126486000", "depreciationAndAmortization": "134885000", "incomeBeforeTax": "387103000", "incomeTaxExpense": "None", "interestAndDebtExpense": "12647000", "netIncomeFromContinuingOperations": "410030000", "comprehensiveIncomeNetOfTax": "399638000", "ebit": "410030000", "ebitda": "544915000", "netIncome": "386015000"}, {"fiscalDateEnding": "2019-09-30", "reportedCurrency": "USD", "grossProfit": "517074000", "totalRevenue": "729336000", "costOfRevenue": "212262000", "costofGoodsAndServicesSold": "212262000", "operatingIncome": "425161000", "sellingGeneralAndAdministrative": "16908000", "researchAndDevelopment": "1312000", "operatingExpenses": "146141000", "investmentIncomeNet": "6465000", "netInterestIncome": "-12597000", "interestIncome": "6465000", "interestExpense": "12597000", "nonInterestIncome": "0", "otherNonOperatingIncome": "25510000", "depreciation": "121857000", "depreciationAndAmortization": "129233000", "incomeBeforeTax": "397942000", "incomeTaxExpense": "0", "interestAndDebtExpense": "12597000", "netIncomeFromContinuingOperations": "450671000", "comprehensiveIncomeNetOfTax": "386978000", "ebit": "410539000", "ebitda": "539772000", "netIncome": "397942000"}, {"fiscalDateEnding": "2019-06-30", "reportedCurrency": "USD", "grossProfit": "503214000", "totalRevenue": "710950000", "costOfRevenue": "207736000", "costofGoodsAndServicesSold": "207736000", "operatingIncome": "361091000", "sellingGeneralAndAdministrative": "15264000", "researchAndDevelopment": "1723000", "operatingExpenses": "142123000", "investmentIncomeNet": "8582000", "netInterestIncome": "-12254000", "interestIncome": "8582000", "interestExpense": "12254000", "nonInterestIncome": "None", "otherNonOperatingIncome": "27837000", "depreciation": "119662000", "depreciationAndAmortization": "126859000", "incomeBeforeTax": "370056000", "incomeTaxExpense": "0", "interestAndDebtExpense": "12254000", "netIncomeFromContinuingOperations": "388928000", "comprehensiveIncomeNetOfTax": "368478000", "ebit": "382310000", "ebitda": "509169000", "netIncome": "370056000"}, {"fiscalDateEnding": "2019-03-31", "reportedCurrency": "USD", "grossProfit": "484837000", "totalRevenue": "689038000", "costOfRevenue": "204201000", "costofGoodsAndServicesSold": "204201000", "operatingIncome": "343393000", "sellingGeneralAndAdministrative": "19503000", "researchAndDevelopment": "2067000", "operatingExpenses": "141444000", "investmentIncomeNet": "6965000", "netInterestIncome": "-8143000", "interestIncome": "24285000", "interestExpense": "8143000", "nonInterestIncome": "None", "otherNonOperatingIncome": "24637000", "depreciation": "115403000", "depreciationAndAmortization": "121941000", "incomeBeforeTax": "366521000", "incomeTaxExpense": "0", "interestAndDebtExpense": "8143000", "netIncomeFromContinuingOperations": "368030000", "comprehensiveIncomeNetOfTax": "364610000", "ebit": "374664000", "ebitda": "496605000", "netIncome": "366521000"}, {"fiscalDateEnding": "2018-12-31", "reportedCurrency": "USD", "grossProfit": "532086000", "totalRevenue": "692460000", "costOfRevenue": "160374000", "costofGoodsAndServicesSold": "160374000", "operatingIncome": "410712000", "sellingGeneralAndAdministrative": "28442000", "researchAndDevelopment": "761000", "operatingExpenses": "121374000", "investmentIncomeNet": "5660000", "netInterestIncome": "-7953000", "interestIncome": "None", "interestExpense": "7953000", "nonInterestIncome": "187694000", "otherNonOperatingIncome": "208210000", "depreciation": "115565000", "depreciationAndAmortization": "121374000", "incomeBeforeTax": "587959000", "incomeTaxExpense": "None", "interestAndDebtExpense": "7953000", "netIncomeFromContinuingOperations": "410712000", "comprehensiveIncomeNetOfTax": "606484000", "ebit": "410712000", "ebitda": "532086000", "netIncome": "586205000"}, {"fiscalDateEnding": "2018-09-30", "reportedCurrency": "USD", "grossProfit": "510824000", "totalRevenue": "706368000", "costOfRevenue": "195544000", "costofGoodsAndServicesSold": "195544000", "operatingIncome": "358879000", "sellingGeneralAndAdministrative": "27429000", "researchAndDevelopment": "1139000", "operatingExpenses": "151945000", "investmentIncomeNet": "7020000", "netInterestIncome": "-8094000", "interestIncome": "None", "interestExpense": "8094000", "nonInterestIncome": "1401000", "otherNonOperatingIncome": "26192000", "depreciation": "117774000", "depreciationAndAmortization": "124516000", "incomeBeforeTax": "378027000", "incomeTaxExpense": "0", "interestAndDebtExpense": "8094000", "netIncomeFromContinuingOperations": "385071000", "comprehensiveIncomeNetOfTax": "378289000", "ebit": "386121000", "ebitda": "510637000", "netIncome": "378027000"}, {"fiscalDateEnding": "2018-06-30", "reportedCurrency": "USD", "grossProfit": "494551000", "totalRevenue": "685528000", "costOfRevenue": "190977000", "costofGoodsAndServicesSold": "179876000", "operatingIncome": "343445000", "sellingGeneralAndAdministrative": "31329000", "researchAndDevelopment": "1208000", "operatingExpenses": "151106000", "investmentIncomeNet": "6328000", "netInterestIncome": "-8388000", "interestIncome": "None", "interestExpense": "8388000", "nonInterestIncome": "0", "otherNonOperatingIncome": "48291000", "depreciation": "113118000", "depreciationAndAmortization": "119777000", "incomeBeforeTax": "403802000", "incomeTaxExpense": "0", "interestAndDebtExpense": "8388000", "netIncomeFromContinuingOperations": "391736000", "comprehensiveIncomeNetOfTax": "390052000", "ebit": "412190000", "ebitda": "531967000", "netIncome": "403802000"}, {"fiscalDateEnding": "2018-03-31", "reportedCurrency": "USD", "grossProfit": "477097000", "totalRevenue": "669924000", "costOfRevenue": "192827000", "costofGoodsAndServicesSold": "182187000", "operatingIncome": "327598000", "sellingGeneralAndAdministrative": "31520000", "researchAndDevelopment": "2333000", "operatingExpenses": "149075000", "investmentIncomeNet": "5544000", "netInterestIncome": "-8107000", "interestIncome": "None", "interestExpense": "8107000", "nonInterestIncome": "424000", "otherNonOperatingIncome": "36763000", "depreciation": "110572000", "depreciationAndAmortization": "117979000", "incomeBeforeTax": "342997000", "incomeTaxExpense": "0", "interestAndDebtExpense": "8107000", "netIncomeFromContinuingOperations": "363937000", "comprehensiveIncomeNetOfTax": "347210000", "ebit": "351104000", "ebitda": "469083000", "netIncome": "342997000"}, {"fiscalDateEnding": "2017-12-31", "reportedCurrency": "USD", "grossProfit": "520429000", "totalRevenue": "672308000", "costOfRevenue": "151879000", "costofGoodsAndServicesSold": "141145000", "operatingIncome": "379778000", "sellingGeneralAndAdministrative": "20551000", "researchAndDevelopment": "1349000", "operatingExpenses": "120100000", "investmentIncomeNet": "6049000", "netInterestIncome": "-8137000", "interestIncome": "None", "interestExpense": "8137000", "nonInterestIncome": "446000", "otherNonOperatingIncome": "24915000", "depreciation": "114427000", "depreciationAndAmortization": "120100000", "incomeBeforeTax": "389399000", "incomeTaxExpense": "0", "interestAndDebtExpense": "8137000", "netIncomeFromContinuingOperations": "400329000", "comprehensiveIncomeNetOfTax": "389208000", "ebit": "397536000", "ebitda": "517636000", "netIncome": "389399000"}, {"fiscalDateEnding": "2017-09-30", "reportedCurrency": "USD", "grossProfit": "495742000", "totalRevenue": "686361000", "costOfRevenue": "190619000", "costofGoodsAndServicesSold": "173315000", "operatingIncome": "360111000", "sellingGeneralAndAdministrative": "22311000", "researchAndDevelopment": "1655000", "operatingExpenses": "135631000", "investmentIncomeNet": "4569000", "netInterestIncome": "-2389000", "interestIncome": "None", "interestExpense": "2389000", "nonInterestIncome": "0", "otherNonOperatingIncome": "13998000", "depreciation": "108363000", "depreciationAndAmortization": "113320000", "incomeBeforeTax": "356674000", "incomeTaxExpense": "0", "interestAndDebtExpense": "2389000", "netIncomeFromContinuingOperations": "374109000", "comprehensiveIncomeNetOfTax": "363944000", "ebit": "359063000", "ebitda": "472383000", "netIncome": "356674000"}, {"fiscalDateEnding": "2017-06-30", "reportedCurrency": "USD", "grossProfit": "481734000", "totalRevenue": "664312000", "costOfRevenue": "182578000", "costofGoodsAndServicesSold": "171195000", "operatingIncome": "356565000", "sellingGeneralAndAdministrative": "14992000", "researchAndDevelopment": "1912000", "operatingExpenses": "125169000", "investmentIncomeNet": "4155000", "netInterestIncome": "-1116000", "interestIncome": "None", "interestExpense": "1116000", "nonInterestIncome": "None", "otherNonOperatingIncome": "25198000", "depreciation": "105547000", "depreciationAndAmortization": "110177000", "incomeBeforeTax": "353702000", "incomeTaxExpense": "0", "interestAndDebtExpense": "1116000", "netIncomeFromContinuingOperations": "380788000", "comprehensiveIncomeNetOfTax": "363784000", "ebit": "354818000", "ebitda": "464995000", "netIncome": "353702000"}, {"fiscalDateEnding": "2017-03-31", "reportedCurrency": "USD", "grossProfit": "462645000", "totalRevenue": "645547000", "costOfRevenue": "182902000", "costofGoodsAndServicesSold": "171978000", "operatingIncome": "326688000", "sellingGeneralAndAdministrative": "25028000", "researchAndDevelopment": "3277000", "operatingExpenses": "135957000", "investmentIncomeNet": "3998000", "netInterestIncome": "-1048000", "interestIncome": "None", "interestExpense": "1048000", "nonInterestIncome": "None", "otherNonOperatingIncome": "23947000", "depreciation": "105129000", "depreciationAndAmortization": "110929000", "incomeBeforeTax": "342442000", "incomeTaxExpense": "0", "interestAndDebtExpense": "1048000", "netIncomeFromContinuingOperations": "350635000", "comprehensiveIncomeNetOfTax": "345323000", "ebit": "343490000", "ebitda": "454419000", "netIncome": "342442000"}, {"fiscalDateEnding": "2016-12-31", "reportedCurrency": "USD", "grossProfit": "506261000", "totalRevenue": "651427000", "costOfRevenue": "145166000", "costofGoodsAndServicesSold": "134450000", "operatingIncome": "374372000", "sellingGeneralAndAdministrative": "20148000", "researchAndDevelopment": "2421000", "operatingExpenses": "111741000", "investmentIncomeNet": "3524000", "netInterestIncome": "-900000", "interestIncome": "None", "interestExpense": "900000", "nonInterestIncome": "0", "otherNonOperatingIncome": "None", "depreciation": "104548000", "depreciationAndAmortization": "111741000", "incomeBeforeTax": "413739000", "incomeTaxExpense": "0", "interestAndDebtExpense": "900000", "netIncomeFromContinuingOperations": "394520000", "comprehensiveIncomeNetOfTax": "402300000", "ebit": "414639000", "ebitda": "526380000", "netIncome": "413739000"}]}