{"symbol": "PSX", "annualReports": [{"fiscalDateEnding": "2020-12-31", "reportedCurrency": "USD", "grossProfit": "516000000", "totalRevenue": "65436000000", "costOfRevenue": "64920000000", "costofGoodsAndServicesSold": "57707000000", "operatingIncome": "-11308000000", "sellingGeneralAndAdministrative": "1544000000", "researchAndDevelopment": "48000000", "operatingExpenses": "11824000000", "investmentIncomeNet": "None", "netInterestIncome": "-635000000", "interestIncome": "14000000", "interestExpense": "635000000", "nonInterestIncome": "64117000000", "otherNonOperatingIncome": "52000000", "depreciation": "None", "depreciationAndAmortization": "1395000000", "incomeBeforeTax": "-5225000000", "incomeTaxExpense": "-1250000000", "interestAndDebtExpense": "499000000", "netIncomeFromContinuingOperations": "-3975000000", "comprehensiveIncomeNetOfTax": "-3981000000", "ebit": "-4590000000", "ebitda": "-3195000000", "netIncome": "-3975000000"}, {"fiscalDateEnding": "2019-12-31", "reportedCurrency": "USD", "grossProfit": "10840000000", "totalRevenue": "110275000000", "costOfRevenue": "99435000000", "costofGoodsAndServicesSold": "95529000000", "operatingIncome": "1806000000", "sellingGeneralAndAdministrative": "1681000000", "researchAndDevelopment": "54000000", "operatingExpenses": "9034000000", "investmentIncomeNet": "43000000", "netInterestIncome": "-6000000", "interestIncome": "43000000", "interestExpense": "6000000", "nonInterestIncome": "107288000000", "otherNonOperatingIncome": "76000000", "depreciation": "None", "depreciationAndAmortization": "1341000000", "incomeBeforeTax": "3877000000", "incomeTaxExpense": "801000000", "interestAndDebtExpense": "458000000", "netIncomeFromContinuingOperations": "3076000000", "comprehensiveIncomeNetOfTax": "3069000000", "ebit": "3883000000", "ebitda": "5224000000", "netIncome": "3076000000"}, {"fiscalDateEnding": "2018-12-31", "reportedCurrency": "USD", "grossProfit": "14012000000", "totalRevenue": "115006000000", "costOfRevenue": "100994000000", "costofGoodsAndServicesSold": "97930000000", "operatingIncome": "6013000000", "sellingGeneralAndAdministrative": "1677000000", "researchAndDevelopment": "55000000", "operatingExpenses": "7999000000", "investmentIncomeNet": "45000000", "netInterestIncome": "-510000000", "interestIncome": "45000000", "interestExpense": "510000000", "nonInterestIncome": "111492000000", "otherNonOperatingIncome": "16000000", "depreciation": "None", "depreciationAndAmortization": "1356000000", "incomeBeforeTax": "7167000000", "incomeTaxExpense": "1572000000", "interestAndDebtExpense": "504000000", "netIncomeFromContinuingOperations": "5595000000", "comprehensiveIncomeNetOfTax": "5520000000", "ebit": "7677000000", "ebitda": "9033000000", "netIncome": "5595000000"}, {"fiscalDateEnding": "2017-12-31", "reportedCurrency": "USD", "grossProfit": "6832000000", "totalRevenue": "102354000000", "costOfRevenue": "95522000000", "costofGoodsAndServicesSold": "79409000000", "operatingIncome": "-986000000", "sellingGeneralAndAdministrative": "1695000000", "researchAndDevelopment": "60000000", "operatingExpenses": "7818000000", "investmentIncomeNet": "31000000", "netInterestIncome": "-407000000", "interestIncome": "31000000", "interestExpense": "438000000", "nonInterestIncome": "0", "otherNonOperatingIncome": "67000000", "depreciation": "None", "depreciationAndAmortization": "1318000000", "incomeBeforeTax": "3413000000", "incomeTaxExpense": "-1693000000", "interestAndDebtExpense": "438000000", "netIncomeFromContinuingOperations": "5106000000", "comprehensiveIncomeNetOfTax": "5484000000", "ebit": "-986000000", "ebitda": "332000000", "netIncome": "5106000000"}, {"fiscalDateEnding": "2016-12-31", "reportedCurrency": "USD", "grossProfit": "5613000000", "totalRevenue": "84294000000", "costOfRevenue": "78681000000", "costofGoodsAndServicesSold": "62468000000", "operatingIncome": "-1554000000", "sellingGeneralAndAdministrative": "1638000000", "researchAndDevelopment": "60000000", "operatingExpenses": "7167000000", "investmentIncomeNet": "18000000", "netInterestIncome": "-320000000", "interestIncome": "18000000", "interestExpense": "338000000", "nonInterestIncome": "15000000", "otherNonOperatingIncome": "56000000", "depreciation": "None", "depreciationAndAmortization": "1168000000", "incomeBeforeTax": "2102000000", "incomeTaxExpense": "547000000", "interestAndDebtExpense": "338000000", "netIncomeFromContinuingOperations": "1555000000", "comprehensiveIncomeNetOfTax": "1213000000", "ebit": "-1554000000", "ebitda": "-386000000", "netIncome": "1555000000"}], "quarterlyReports": [{"fiscalDateEnding": "2021-09-30", "reportedCurrency": "USD", "grossProfit": "1987000000", "totalRevenue": "31244000000", "costOfRevenue": "29257000000", "costofGoodsAndServicesSold": "27529000000", "operatingIncome": "-907000000", "sellingGeneralAndAdministrative": "424000000", "researchAndDevelopment": "None", "operatingExpenses": "2894000000", "investmentIncomeNet": "None", "netInterestIncome": "-157000000", "interestIncome": "1051000000", "interestExpense": "157000000", "nonInterestIncome": "30239000000", "otherNonOperatingIncome": "1225000000", "depreciation": "None", "depreciationAndAmortization": "361000000", "incomeBeforeTax": "362000000", "incomeTaxExpense": "-40000000", "interestAndDebtExpense": "151000000", "netIncomeFromContinuingOperations": "402000000", "comprehensiveIncomeNetOfTax": "362000000", "ebit": "-907000000", "ebitda": "880000000", "netIncome": "402000000"}, {"fiscalDateEnding": "2021-06-30", "reportedCurrency": "USD", "grossProfit": "2313000000", "totalRevenue": "27970000000", "costOfRevenue": "25657000000", "costofGoodsAndServicesSold": "25218000000", "operatingIncome": "699000000", "sellingGeneralAndAdministrative": "433000000", "researchAndDevelopment": "None", "operatingExpenses": "1614000000", "investmentIncomeNet": "None", "netInterestIncome": "-149000000", "interestIncome": "696000000", "interestExpense": "149000000", "nonInterestIncome": "27011000000", "otherNonOperatingIncome": "892000000", "depreciation": "None", "depreciationAndAmortization": "364000000", "incomeBeforeTax": "358000000", "incomeTaxExpense": "62000000", "interestAndDebtExpense": "143000000", "netIncomeFromContinuingOperations": "296000000", "comprehensiveIncomeNetOfTax": "527000000", "ebit": "699000000", "ebitda": "871000000", "netIncome": "296000000"}, {"fiscalDateEnding": "2021-03-31", "reportedCurrency": "USD", "grossProfit": "1720000000", "totalRevenue": "22397000000", "costOfRevenue": "20677000000", "costofGoodsAndServicesSold": "20065000000", "operatingIncome": "-272000000", "sellingGeneralAndAdministrative": "408000000", "researchAndDevelopment": "None", "operatingExpenses": "1992000000", "investmentIncomeNet": "None", "netInterestIncome": "-152000000", "interestIncome": "139000000", "interestExpense": "152000000", "nonInterestIncome": "21627000000", "otherNonOperatingIncome": "300000000", "depreciation": "None", "depreciationAndAmortization": "356000000", "incomeBeforeTax": "-786000000", "incomeTaxExpense": "-132000000", "interestAndDebtExpense": "146000000", "netIncomeFromContinuingOperations": "-654000000", "comprehensiveIncomeNetOfTax": "-645000000", "ebit": "-272000000", "ebitda": "-278000000", "netIncome": "-654000000"}, {"fiscalDateEnding": "2020-12-31", "reportedCurrency": "USD", "grossProfit": "16409000000", "totalRevenue": "16409000000", "costOfRevenue": "17088000000", "costofGoodsAndServicesSold": "15150000000", "operatingIncome": "16409000000", "sellingGeneralAndAdministrative": "432000000", "researchAndDevelopment": "None", "operatingExpenses": "3166000000", "investmentIncomeNet": "None", "netInterestIncome": "-139000000", "interestIncome": "179000000", "interestExpense": "144000000", "nonInterestIncome": "16409000000", "otherNonOperatingIncome": "358000000", "depreciation": "None", "depreciationAndAmortization": "358000000", "incomeBeforeTax": "-736000000", "incomeTaxExpense": "-197000000", "interestAndDebtExpense": "139000000", "netIncomeFromContinuingOperations": "-539000000", "comprehensiveIncomeNetOfTax": "-361000000", "ebit": "16409000000", "ebitda": "-234000000", "netIncome": "-539000000"}, {"fiscalDateEnding": "2020-09-30", "reportedCurrency": "USD", "grossProfit": "336000000", "totalRevenue": "16375000000", "costOfRevenue": "16039000000", "costofGoodsAndServicesSold": "14509000000", "operatingIncome": "-2210000000", "sellingGeneralAndAdministrative": "384000000", "researchAndDevelopment": "None", "operatingExpenses": "2546000000", "investmentIncomeNet": "None", "netInterestIncome": "-138000000", "interestIncome": "213000000", "interestExpense": "132000000", "nonInterestIncome": "15925000000", "otherNonOperatingIncome": "366000000", "depreciation": "None", "depreciationAndAmortization": "352000000", "incomeBeforeTax": "-1423000000", "incomeTaxExpense": "-624000000", "interestAndDebtExpense": "132000000", "netIncomeFromContinuingOperations": "-799000000", "comprehensiveIncomeNetOfTax": "-618000000", "ebit": "-2210000000", "ebitda": "-939000000", "netIncome": "-799000000"}, {"fiscalDateEnding": "2020-06-30", "reportedCurrency": "USD", "grossProfit": "1238000000", "totalRevenue": "11260000000", "costOfRevenue": "10022000000", "costofGoodsAndServicesSold": "9608000000", "operatingIncome": "-202000000", "sellingGeneralAndAdministrative": "409000000", "researchAndDevelopment": "None", "operatingExpenses": "1440000000", "investmentIncomeNet": "None", "netInterestIncome": "-117000000", "interestIncome": "40000000", "interestExpense": "117000000", "nonInterestIncome": "10907000000", "otherNonOperatingIncome": "264000000", "depreciation": "None", "depreciationAndAmortization": "343000000", "incomeBeforeTax": "-519000000", "incomeTaxExpense": "-378000000", "interestAndDebtExpense": "117000000", "netIncomeFromContinuingOperations": "-141000000", "comprehensiveIncomeNetOfTax": "-298000000", "ebit": "-202000000", "ebitda": "-59000000", "netIncome": "-141000000"}, {"fiscalDateEnding": "2020-03-31", "reportedCurrency": "USD", "grossProfit": "-359000000", "totalRevenue": "21412000000", "costOfRevenue": "21771000000", "costofGoodsAndServicesSold": "18440000000", "operatingIncome": "-5031000000", "sellingGeneralAndAdministrative": "319000000", "researchAndDevelopment": "None", "operatingExpenses": "4672000000", "investmentIncomeNet": "None", "netInterestIncome": "-111000000", "interestIncome": "1377000000", "interestExpense": "111000000", "nonInterestIncome": "20878000000", "otherNonOperatingIncome": "365000000", "depreciation": "None", "depreciationAndAmortization": "342000000", "incomeBeforeTax": "-2547000000", "incomeTaxExpense": "-51000000", "interestAndDebtExpense": "111000000", "netIncomeFromContinuingOperations": "-2496000000", "comprehensiveIncomeNetOfTax": "-2704000000", "ebit": "-5031000000", "ebitda": "-2094000000", "netIncome": "-2496000000"}, {"fiscalDateEnding": "2019-12-31", "reportedCurrency": "USD", "grossProfit": "29125000000", "totalRevenue": "29125000000", "costOfRevenue": "26956000000", "costofGoodsAndServicesSold": "26114000000", "operatingIncome": "29125000000", "sellingGeneralAndAdministrative": "491000000", "researchAndDevelopment": "None", "operatingExpenses": "2292000000", "investmentIncomeNet": "None", "netInterestIncome": "-1000000", "interestIncome": "408000000", "interestExpense": "1000000", "nonInterestIncome": "29125000000", "otherNonOperatingIncome": "1711000000", "depreciation": "None", "depreciationAndAmortization": "340000000", "incomeBeforeTax": "992000000", "incomeTaxExpense": "256000000", "interestAndDebtExpense": "115000000", "netIncomeFromContinuingOperations": "736000000", "comprehensiveIncomeNetOfTax": "819000000", "ebit": "993000000", "ebitda": "1333000000", "netIncome": "736000000"}, {"fiscalDateEnding": "2019-09-30", "reportedCurrency": "USD", "grossProfit": "2568000000", "totalRevenue": "27985000000", "costOfRevenue": "25417000000", "costofGoodsAndServicesSold": "23806000000", "operatingIncome": "-249000000", "sellingGeneralAndAdministrative": "416000000", "researchAndDevelopment": "None", "operatingExpenses": "2817000000", "investmentIncomeNet": "None", "netInterestIncome": "-2000000", "interestIncome": "430000000", "interestExpense": "2000000", "nonInterestIncome": "27227000000", "otherNonOperatingIncome": "9000000", "depreciation": "None", "depreciationAndAmortization": "336000000", "incomeBeforeTax": "862000000", "incomeTaxExpense": "150000000", "interestAndDebtExpense": "109000000", "netIncomeFromContinuingOperations": "712000000", "comprehensiveIncomeNetOfTax": "608000000", "ebit": "864000000", "ebitda": "1200000000", "netIncome": "712000000"}, {"fiscalDateEnding": "2019-06-30", "reportedCurrency": "USD", "grossProfit": "3335000000", "totalRevenue": "28638000000", "costOfRevenue": "25303000000", "costofGoodsAndServicesSold": "24554000000", "operatingIncome": "1421000000", "sellingGeneralAndAdministrative": "408000000", "researchAndDevelopment": "None", "operatingExpenses": "1914000000", "investmentIncomeNet": "None", "netInterestIncome": "-1000000", "interestIncome": "595000000", "interestExpense": "1000000", "nonInterestIncome": "27838000000", "otherNonOperatingIncome": "-9000000", "depreciation": "None", "depreciationAndAmortization": "334000000", "incomeBeforeTax": "1749000000", "incomeTaxExpense": "325000000", "interestAndDebtExpense": "115000000", "netIncomeFromContinuingOperations": "1424000000", "comprehensiveIncomeNetOfTax": "1366000000", "ebit": "1750000000", "ebitda": "2084000000", "netIncome": "1424000000"}, {"fiscalDateEnding": "2019-03-31", "reportedCurrency": "USD", "grossProfit": "2022000000", "totalRevenue": "23781000000", "costOfRevenue": "21759000000", "costofGoodsAndServicesSold": "21055000000", "operatingIncome": "11000000", "sellingGeneralAndAdministrative": "366000000", "researchAndDevelopment": "None", "operatingExpenses": "2011000000", "investmentIncomeNet": "None", "netInterestIncome": "-2000000", "interestIncome": "73000000", "interestExpense": "2000000", "nonInterestIncome": "23098000000", "otherNonOperatingIncome": "550000000", "depreciation": "None", "depreciationAndAmortization": "331000000", "incomeBeforeTax": "274000000", "incomeTaxExpense": "70000000", "interestAndDebtExpense": "119000000", "netIncomeFromContinuingOperations": "204000000", "comprehensiveIncomeNetOfTax": "276000000", "ebit": "276000000", "ebitda": "607000000", "netIncome": "204000000"}, {"fiscalDateEnding": "2018-12-31", "reportedCurrency": "USD", "grossProfit": "29098000000", "totalRevenue": "29098000000", "costOfRevenue": "25423000000", "costofGoodsAndServicesSold": "24660000000", "operatingIncome": "29098000000", "sellingGeneralAndAdministrative": "419000000", "researchAndDevelopment": "55000000", "operatingExpenses": "2103000000", "investmentIncomeNet": "None", "netInterestIncome": "None", "interestIncome": "None", "interestExpense": "121000000", "nonInterestIncome": "29098000000", "otherNonOperatingIncome": "746000000", "depreciation": "None", "depreciationAndAmortization": "337000000", "incomeBeforeTax": "2842000000", "incomeTaxExpense": "602000000", "interestAndDebtExpense": "121000000", "netIncomeFromContinuingOperations": "2240000000", "comprehensiveIncomeNetOfTax": "2187000000", "ebit": "29098000000", "ebitda": "29435000000", "netIncome": "2240000000"}, {"fiscalDateEnding": "2018-09-30", "reportedCurrency": "USD", "grossProfit": "3566000000", "totalRevenue": "30743000000", "costOfRevenue": "27177000000", "costofGoodsAndServicesSold": "26385000000", "operatingIncome": "1568000000", "sellingGeneralAndAdministrative": "440000000", "researchAndDevelopment": "None", "operatingExpenses": "1998000000", "investmentIncomeNet": "None", "netInterestIncome": "None", "interestIncome": "None", "interestExpense": "125000000", "nonInterestIncome": "29788000000", "otherNonOperatingIncome": "804000000", "depreciation": "None", "depreciationAndAmortization": "346000000", "incomeBeforeTax": "1899000000", "incomeTaxExpense": "407000000", "interestAndDebtExpense": "125000000", "netIncomeFromContinuingOperations": "1492000000", "comprehensiveIncomeNetOfTax": "1533000000", "ebit": "1568000000", "ebitda": "1914000000", "netIncome": "1492000000"}, {"fiscalDateEnding": "2018-06-30", "reportedCurrency": "USD", "grossProfit": "3410000000", "totalRevenue": "29938000000", "costOfRevenue": "26528000000", "costofGoodsAndServicesSold": "25747000000", "operatingIncome": "1486000000", "sellingGeneralAndAdministrative": "432000000", "researchAndDevelopment": "None", "operatingExpenses": "1924000000", "investmentIncomeNet": "None", "netInterestIncome": "None", "interestIncome": "None", "interestExpense": "135000000", "nonInterestIncome": "28994000000", "otherNonOperatingIncome": "770000000", "depreciation": "None", "depreciationAndAmortization": "337000000", "incomeBeforeTax": "1770000000", "incomeTaxExpense": "431000000", "interestAndDebtExpense": "135000000", "netIncomeFromContinuingOperations": "1339000000", "comprehensiveIncomeNetOfTax": "1163000000", "ebit": "1486000000", "ebitda": "1823000000", "netIncome": "1339000000"}, {"fiscalDateEnding": "2018-03-31", "reportedCurrency": "USD", "grossProfit": "1745000000", "totalRevenue": "23611000000", "costOfRevenue": "21866000000", "costofGoodsAndServicesSold": "21138000000", "operatingIncome": "-229000000", "sellingGeneralAndAdministrative": "386000000", "researchAndDevelopment": "None", "operatingExpenses": "1974000000", "investmentIncomeNet": "None", "netInterestIncome": "None", "interestIncome": "None", "interestExpense": "123000000", "nonInterestIncome": "16000000", "otherNonOperatingIncome": "467000000", "depreciation": "None", "depreciationAndAmortization": "336000000", "incomeBeforeTax": "656000000", "incomeTaxExpense": "132000000", "interestAndDebtExpense": "123000000", "netIncomeFromContinuingOperations": "524000000", "comprehensiveIncomeNetOfTax": "637000000", "ebit": "-229000000", "ebitda": "107000000", "netIncome": "524000000"}, {"fiscalDateEnding": "2017-12-31", "reportedCurrency": "USD", "grossProfit": "29746000000", "totalRevenue": "29746000000", "costOfRevenue": "28099000000", "costofGoodsAndServicesSold": "23914000000", "operatingIncome": "29746000000", "sellingGeneralAndAdministrative": "437000000", "researchAndDevelopment": "60000000", "operatingExpenses": "2013000000", "investmentIncomeNet": "None", "netInterestIncome": "None", "interestIncome": "None", "interestExpense": "114000000", "nonInterestIncome": "29746000000", "otherNonOperatingIncome": "383000000", "depreciation": "None", "depreciationAndAmortization": "346000000", "incomeBeforeTax": "597000000", "incomeTaxExpense": "-2601000000", "interestAndDebtExpense": "114000000", "netIncomeFromContinuingOperations": "3198000000", "comprehensiveIncomeNetOfTax": "3265000000", "ebit": "29746000000", "ebitda": "30092000000", "netIncome": "3198000000"}, {"fiscalDateEnding": "2017-09-30", "reportedCurrency": "USD", "grossProfit": "2003000000", "totalRevenue": "25620000000", "costOfRevenue": "23617000000", "costofGoodsAndServicesSold": "19463000000", "operatingIncome": "91000000", "sellingGeneralAndAdministrative": "435000000", "researchAndDevelopment": "None", "operatingExpenses": "1912000000", "investmentIncomeNet": "None", "netInterestIncome": "None", "interestIncome": "None", "interestExpense": "112000000", "nonInterestIncome": "-7000000", "otherNonOperatingIncome": "572000000", "depreciation": "None", "depreciationAndAmortization": "337000000", "incomeBeforeTax": "1230000000", "incomeTaxExpense": "407000000", "interestAndDebtExpense": "112000000", "netIncomeFromContinuingOperations": "823000000", "comprehensiveIncomeNetOfTax": "948000000", "ebit": "91000000", "ebitda": "428000000", "netIncome": "823000000"}, {"fiscalDateEnding": "2017-06-30", "reportedCurrency": "USD", "grossProfit": "1702000000", "totalRevenue": "24087000000", "costOfRevenue": "22385000000", "costofGoodsAndServicesSold": "18353000000", "operatingIncome": "-215000000", "sellingGeneralAndAdministrative": "439000000", "researchAndDevelopment": "None", "operatingExpenses": "1917000000", "investmentIncomeNet": "None", "netInterestIncome": "None", "interestIncome": "None", "interestExpense": "107000000", "nonInterestIncome": "0", "otherNonOperatingIncome": "494000000", "depreciation": "None", "depreciationAndAmortization": "320000000", "incomeBeforeTax": "817000000", "incomeTaxExpense": "267000000", "interestAndDebtExpense": "107000000", "netIncomeFromContinuingOperations": "550000000", "comprehensiveIncomeNetOfTax": "693000000", "ebit": "-215000000", "ebitda": "105000000", "netIncome": "550000000"}, {"fiscalDateEnding": "2017-03-31", "reportedCurrency": "USD", "grossProfit": "1474000000", "totalRevenue": "22895000000", "costOfRevenue": "21421000000", "costofGoodsAndServicesSold": "17679000000", "operatingIncome": "-502000000", "sellingGeneralAndAdministrative": "384000000", "researchAndDevelopment": "None", "operatingExpenses": "1976000000", "investmentIncomeNet": "None", "netInterestIncome": "None", "interestIncome": "None", "interestExpense": "105000000", "nonInterestIncome": "1000000", "otherNonOperatingIncome": "819000000", "depreciation": "None", "depreciationAndAmortization": "315000000", "incomeBeforeTax": "769000000", "incomeTaxExpense": "234000000", "interestAndDebtExpense": "105000000", "netIncomeFromContinuingOperations": "535000000", "comprehensiveIncomeNetOfTax": "578000000", "ebit": "-502000000", "ebitda": "-187000000", "netIncome": "535000000"}, {"fiscalDateEnding": "2016-12-31", "reportedCurrency": "USD", "grossProfit": "23397000000", "totalRevenue": "23397000000", "costOfRevenue": "22267000000", "costofGoodsAndServicesSold": "8154000000", "operatingIncome": "23397000000", "sellingGeneralAndAdministrative": "420000000", "researchAndDevelopment": "60000000", "operatingExpenses": "1989000000", "investmentIncomeNet": "None", "netInterestIncome": "None", "interestIncome": "None", "interestExpense": "88000000", "nonInterestIncome": "-1000000", "otherNonOperatingIncome": "270000000", "depreciation": "None", "depreciationAndAmortization": "305000000", "incomeBeforeTax": "31000000", "incomeTaxExpense": "-132000000", "interestAndDebtExpense": "88000000", "netIncomeFromContinuingOperations": "163000000", "comprehensiveIncomeNetOfTax": "-40000000", "ebit": "23397000000", "ebitda": "23702000000", "netIncome": "163000000"}]}