{"symbol": "PWR", "annualReports": [{"fiscalDateEnding": "2020-12-31", "reportedCurrency": "USD", "grossProfit": "1660847000", "totalRevenue": "11160715000", "costOfRevenue": "10603119000", "costofGoodsAndServicesSold": "9541825000", "operatingIncome": "611371000", "sellingGeneralAndAdministrative": "975074000", "researchAndDevelopment": "None", "operatingExpenses": "1061894000", "investmentIncomeNet": "2449000", "netInterestIncome": "-45013000", "interestIncome": "2449000", "interestExpense": "45013000", "nonInterestIncome": "11205728000", "otherNonOperatingIncome": "2539000", "depreciation": "225256000", "depreciationAndAmortization": "77938000", "incomeBeforeTax": "564983000", "incomeTaxExpense": "119387000", "interestAndDebtExpense": "45013000", "netIncomeFromContinuingOperations": "451959000", "comprehensiveIncomeNetOfTax": "454417000", "ebit": "609996000", "ebitda": "687934000", "netIncome": "445596000"}, {"fiscalDateEnding": "2019-12-31", "reportedCurrency": "USD", "grossProfit": "1600252000", "totalRevenue": "12051060000", "costOfRevenue": "11545268000", "costofGoodsAndServicesSold": "10511901000", "operatingIncome": "554874000", "sellingGeneralAndAdministrative": "955991000", "researchAndDevelopment": "None", "operatingExpenses": "1038819000", "investmentIncomeNet": "927000", "netInterestIncome": "-66890000", "interestIncome": "927000", "interestExpense": "66890000", "nonInterestIncome": "12117950000", "otherNonOperatingIncome": "83376000", "depreciation": "218107000", "depreciationAndAmortization": "63484000", "incomeBeforeTax": "567516000", "incomeTaxExpense": "165472000", "interestAndDebtExpense": "66890000", "netIncomeFromContinuingOperations": "402044000", "comprehensiveIncomeNetOfTax": "446274000", "ebit": "634406000", "ebitda": "697890000", "netIncome": "402044000"}, {"fiscalDateEnding": "2018-12-31", "reportedCurrency": "USD", "grossProfit": "1479964000", "totalRevenue": "11131567000", "costOfRevenue": "10642402000", "costofGoodsAndServicesSold": "9691459000", "operatingIncome": "540269000", "sellingGeneralAndAdministrative": "857574000", "researchAndDevelopment": "None", "operatingExpenses": "961408000", "investmentIncomeNet": "1555000", "netInterestIncome": "-36945000", "interestIncome": "1555000", "interestExpense": "36945000", "nonInterestIncome": "11168512000", "otherNonOperatingIncome": "-47213000", "depreciation": "202519000", "depreciationAndAmortization": "43994000", "incomeBeforeTax": "455005000", "incomeTaxExpense": "161659000", "interestAndDebtExpense": "36945000", "netIncomeFromContinuingOperations": "293346000", "comprehensiveIncomeNetOfTax": "210693000", "ebit": "491950000", "ebitda": "535944000", "netIncome": "293346000"}, {"fiscalDateEnding": "2017-12-31", "reportedCurrency": "USD", "grossProfit": "1241860000", "totalRevenue": "9445672000", "costOfRevenue": "9092795000", "costofGoodsAndServicesSold": "8224618000", "operatingIncome": "378849000", "sellingGeneralAndAdministrative": "777920000", "researchAndDevelopment": "None", "operatingExpenses": "867715000", "investmentIncomeNet": "832000", "netInterestIncome": "-20946000", "interestIncome": "832000", "interestExpense": "20946000", "nonInterestIncome": "140000", "otherNonOperatingIncome": "-4978000", "depreciation": "183800000", "depreciationAndAmortization": "32200000", "incomeBeforeTax": "350510000", "incomeTaxExpense": "35532000", "interestAndDebtExpense": "20946000", "netIncomeFromContinuingOperations": "314978000", "comprehensiveIncomeNetOfTax": "383256000", "ebit": "371456000", "ebitda": "403656000", "netIncome": "314978000"}, {"fiscalDateEnding": "2016-12-31", "reportedCurrency": "USD", "grossProfit": "1013800000", "totalRevenue": "7636286000", "costOfRevenue": "7330506000", "costofGoodsAndServicesSold": "6637519000", "operatingIncome": "320813000", "sellingGeneralAndAdministrative": "653338000", "researchAndDevelopment": "None", "operatingExpenses": "692253000", "investmentIncomeNet": "2423000", "netInterestIncome": "-14887000", "interestIncome": "2423000", "interestExpense": "14887000", "nonInterestIncome": "-146000", "otherNonOperatingIncome": "-663000", "depreciation": "170240000", "depreciationAndAmortization": "31685000", "incomeBeforeTax": "305629000", "incomeTaxExpense": "107246000", "interestAndDebtExpense": "14887000", "netIncomeFromContinuingOperations": "198725000", "comprehensiveIncomeNetOfTax": "221399000", "ebit": "320813000", "ebitda": "352201000", "netIncome": "198383000"}], "quarterlyReports": [{"fiscalDateEnding": "2021-09-30", "reportedCurrency": "USD", "grossProfit": "534676000", "totalRevenue": "3341997000", "costOfRevenue": "3116451000", "costofGoodsAndServicesSold": "2818602000", "operatingIncome": "248077000", "sellingGeneralAndAdministrative": "274846000", "researchAndDevelopment": "None", "operatingExpenses": "297021000", "investmentIncomeNet": "72000", "netInterestIncome": "-17259000", "interestIncome": "-17187000", "interestExpense": "17259000", "nonInterestIncome": "3359256000", "otherNonOperatingIncome": "6089000", "depreciation": "61616000", "depreciationAndAmortization": "23003000", "incomeBeforeTax": "235946000", "incomeTaxExpense": "61581000", "interestAndDebtExpense": "17259000", "netIncomeFromContinuingOperations": "175398000", "comprehensiveIncomeNetOfTax": "147942000", "ebit": "253205000", "ebitda": "276208000", "netIncome": "174365000"}, {"fiscalDateEnding": "2021-06-30", "reportedCurrency": "USD", "grossProfit": "447711000", "totalRevenue": "2991579000", "costOfRevenue": "2846055000", "costofGoodsAndServicesSold": "2552105000", "operatingIncome": "161651000", "sellingGeneralAndAdministrative": "270110000", "researchAndDevelopment": "None", "operatingExpenses": "312955000", "investmentIncomeNet": "2909000", "netInterestIncome": "-13109000", "interestIncome": "2909000", "interestExpense": "13109000", "nonInterestIncome": "3004688000", "otherNonOperatingIncome": "8471000", "depreciation": "62757000", "depreciationAndAmortization": "21521000", "incomeBeforeTax": "157984000", "incomeTaxExpense": "40951000", "interestAndDebtExpense": "13109000", "netIncomeFromContinuingOperations": "118971000", "comprehensiveIncomeNetOfTax": "124928000", "ebit": "171093000", "ebitda": "192614000", "netIncome": "117033000"}, {"fiscalDateEnding": "2021-03-31", "reportedCurrency": "USD", "grossProfit": "372890000", "totalRevenue": "2696088000", "costOfRevenue": "2595642000", "costofGoodsAndServicesSold": "2330691000", "operatingIncome": "113729000", "sellingGeneralAndAdministrative": "243352000", "researchAndDevelopment": "None", "operatingExpenses": "260012000", "investmentIncomeNet": "117000", "netInterestIncome": "-12475000", "interestIncome": "117000", "interestExpense": "12475000", "nonInterestIncome": "2708563000", "otherNonOperatingIncome": "3672000", "depreciation": "62107000", "depreciationAndAmortization": "21599000", "incomeBeforeTax": "103485000", "incomeTaxExpense": "13724000", "interestAndDebtExpense": "12475000", "netIncomeFromContinuingOperations": "91319000", "comprehensiveIncomeNetOfTax": "98300000", "ebit": "115960000", "ebitda": "137559000", "netIncome": "89761000"}, {"fiscalDateEnding": "2020-12-31", "reportedCurrency": "USD", "grossProfit": "465873000", "totalRevenue": "2899719000", "costOfRevenue": "2742392000", "costofGoodsAndServicesSold": "2446312000", "operatingIncome": "175503000", "sellingGeneralAndAdministrative": "265775000", "researchAndDevelopment": "None", "operatingExpenses": "297988000", "investmentIncomeNet": "1335000", "netInterestIncome": "-11304000", "interestIncome": "1335000", "interestExpense": "11304000", "nonInterestIncome": "2911023000", "otherNonOperatingIncome": "6188000", "depreciation": "60076000", "depreciationAndAmortization": "22023000", "incomeBeforeTax": "169812000", "incomeTaxExpense": "-239000", "interestAndDebtExpense": "11304000", "netIncomeFromContinuingOperations": "171961000", "comprehensiveIncomeNetOfTax": "211396000", "ebit": "181116000", "ebitda": "203139000", "netIncome": "170051000"}, {"fiscalDateEnding": "2020-09-30", "reportedCurrency": "USD", "grossProfit": "507514000", "totalRevenue": "3011358000", "costOfRevenue": "2783054000", "costofGoodsAndServicesSold": "2512647000", "operatingIncome": "242215000", "sellingGeneralAndAdministrative": "250654000", "researchAndDevelopment": "None", "operatingExpenses": "269727000", "investmentIncomeNet": "80000", "netInterestIncome": "-11049000", "interestIncome": "-10969000", "interestExpense": "11049000", "nonInterestIncome": "3022407000", "otherNonOperatingIncome": "2931000", "depreciation": "56244000", "depreciationAndAmortization": "19753000", "incomeBeforeTax": "233390000", "incomeTaxExpense": "70477000", "interestAndDebtExpense": "11049000", "netIncomeFromContinuingOperations": "163700000", "comprehensiveIncomeNetOfTax": "178620000", "ebit": "244439000", "ebitda": "264192000", "netIncome": "162913000"}, {"fiscalDateEnding": "2020-06-30", "reportedCurrency": "USD", "grossProfit": "355264000", "totalRevenue": "2498735000", "costOfRevenue": "2396858000", "costofGoodsAndServicesSold": "2150967000", "operatingIncome": "112916000", "sellingGeneralAndAdministrative": "227852000", "researchAndDevelopment": "None", "operatingExpenses": "245804000", "investmentIncomeNet": "275000", "netInterestIncome": "-8654000", "interestIncome": "275000", "interestExpense": "8654000", "nonInterestIncome": "2507389000", "otherNonOperatingIncome": "3247000", "depreciation": "54526000", "depreciationAndAmortization": "18039000", "incomeBeforeTax": "106935000", "incomeTaxExpense": "32989000", "interestAndDebtExpense": "8654000", "netIncomeFromContinuingOperations": "74795000", "comprehensiveIncomeNetOfTax": "108683000", "ebit": "115589000", "ebitda": "133628000", "netIncome": "73946000"}, {"fiscalDateEnding": "2020-03-31", "reportedCurrency": "USD", "grossProfit": "332196000", "totalRevenue": "2750903000", "costOfRevenue": "2680794000", "costofGoodsAndServicesSold": "2431899000", "operatingIncome": "80737000", "sellingGeneralAndAdministrative": "230793000", "researchAndDevelopment": "None", "operatingExpenses": "248354000", "investmentIncomeNet": "759000", "netInterestIncome": "-14006000", "interestIncome": "759000", "interestExpense": "14006000", "nonInterestIncome": "2764909000", "otherNonOperatingIncome": "-9827000", "depreciation": "54410000", "depreciationAndAmortization": "18102000", "incomeBeforeTax": "54846000", "incomeTaxExpense": "16160000", "interestAndDebtExpense": "14006000", "netIncomeFromContinuingOperations": "41503000", "comprehensiveIncomeNetOfTax": "-44282000", "ebit": "68852000", "ebitda": "86954000", "netIncome": "38686000"}, {"fiscalDateEnding": "2019-12-31", "reportedCurrency": "USD", "grossProfit": "443321000", "totalRevenue": "3112800000", "costOfRevenue": "13900000", "costofGoodsAndServicesSold": "2669479000", "operatingIncome": "147413000", "sellingGeneralAndAdministrative": "255129000", "researchAndDevelopment": "None", "operatingExpenses": "13900000", "investmentIncomeNet": "165000", "netInterestIncome": "-18824000", "interestIncome": "165000", "interestExpense": "18824000", "nonInterestIncome": "3112800000", "otherNonOperatingIncome": "17179000", "depreciation": "56518000", "depreciationAndAmortization": "22008000", "incomeBeforeTax": "143778000", "incomeTaxExpense": "25634000", "interestAndDebtExpense": "18824000", "netIncomeFromContinuingOperations": "118144000", "comprehensiveIncomeNetOfTax": "140439000", "ebit": "162602000", "ebitda": "184610000", "netIncome": "118144000"}, {"fiscalDateEnding": "2019-09-30", "reportedCurrency": "USD", "grossProfit": "473445000", "totalRevenue": "3334135000", "costOfRevenue": "3140080000", "costofGoodsAndServicesSold": "2879450000", "operatingIncome": "209394000", "sellingGeneralAndAdministrative": "245010000", "researchAndDevelopment": "None", "operatingExpenses": "260411000", "investmentIncomeNet": "186000", "netInterestIncome": "-18369000", "interestIncome": "186000", "interestExpense": "18369000", "nonInterestIncome": "3352504000", "otherNonOperatingIncome": "717000", "depreciation": "55562000", "depreciationAndAmortization": "15620000", "incomeBeforeTax": "190974000", "incomeTaxExpense": "54906000", "interestAndDebtExpense": "18369000", "netIncomeFromContinuingOperations": "136068000", "comprehensiveIncomeNetOfTax": "123284000", "ebit": "209343000", "ebitda": "224963000", "netIncome": "136068000"}, {"fiscalDateEnding": "2019-06-30", "reportedCurrency": "USD", "grossProfit": "319505000", "totalRevenue": "2825786000", "costOfRevenue": "2756531000", "costofGoodsAndServicesSold": "2519694000", "operatingIncome": "78580000", "sellingGeneralAndAdministrative": "223944000", "researchAndDevelopment": "None", "operatingExpenses": "234842000", "investmentIncomeNet": "267000", "netInterestIncome": "-15821000", "interestIncome": "267000", "interestExpense": "15821000", "nonInterestIncome": "2841607000", "otherNonOperatingIncome": "6521000", "depreciation": "53811000", "depreciationAndAmortization": "12893000", "incomeBeforeTax": "68432000", "incomeTaxExpense": "41088000", "interestAndDebtExpense": "15821000", "netIncomeFromContinuingOperations": "27344000", "comprehensiveIncomeNetOfTax": "43216000", "ebit": "84253000", "ebitda": "97146000", "netIncome": "27344000"}, {"fiscalDateEnding": "2019-03-31", "reportedCurrency": "USD", "grossProfit": "363981000", "totalRevenue": "2792225000", "costOfRevenue": "2687856000", "costofGoodsAndServicesSold": "2443278000", "operatingIncome": "119487000", "sellingGeneralAndAdministrative": "231908000", "researchAndDevelopment": "None", "operatingExpenses": "247342000", "investmentIncomeNet": "309000", "netInterestIncome": "-13876000", "interestIncome": "-13567000", "interestExpense": "13876000", "nonInterestIncome": "2806101000", "otherNonOperatingIncome": "58959000", "depreciation": "52216000", "depreciationAndAmortization": "12670000", "incomeBeforeTax": "164332000", "incomeTaxExpense": "43844000", "interestAndDebtExpense": "13876000", "netIncomeFromContinuingOperations": "120488000", "comprehensiveIncomeNetOfTax": "139335000", "ebit": "178208000", "ebitda": "190878000", "netIncome": "120488000"}, {"fiscalDateEnding": "2018-12-31", "reportedCurrency": "USD", "grossProfit": "419715000", "totalRevenue": "3112218000", "costOfRevenue": "49400000", "costofGoodsAndServicesSold": "2692503000", "operatingIncome": "149448000", "sellingGeneralAndAdministrative": "212008000", "researchAndDevelopment": "None", "operatingExpenses": "49400000", "investmentIncomeNet": "427000", "netInterestIncome": "-11770000", "interestIncome": "None", "interestExpense": "11770000", "nonInterestIncome": "3112218000", "otherNonOperatingIncome": "-9314000", "depreciation": "52223000", "depreciationAndAmortization": "12459000", "incomeBeforeTax": "127816000", "incomeTaxExpense": "71000000", "interestAndDebtExpense": "11770000", "netIncomeFromContinuingOperations": "56816000", "comprehensiveIncomeNetOfTax": "8462000", "ebit": "139586000", "ebitda": "152045000", "netIncome": "56816000"}, {"fiscalDateEnding": "2018-09-30", "reportedCurrency": "USD", "grossProfit": "425830000", "totalRevenue": "2976570000", "costOfRevenue": "2794114000", "costofGoodsAndServicesSold": "2559451000", "operatingIncome": "192561000", "sellingGeneralAndAdministrative": "224040000", "researchAndDevelopment": "None", "operatingExpenses": "236474000", "investmentIncomeNet": "322000", "netInterestIncome": "-9219000", "interestIncome": "None", "interestExpense": "9219000", "nonInterestIncome": "2985789000", "otherNonOperatingIncome": "-15498000", "depreciation": "51543000", "depreciationAndAmortization": "10623000", "incomeBeforeTax": "167818000", "incomeTaxExpense": "43267000", "interestAndDebtExpense": "9219000", "netIncomeFromContinuingOperations": "124551000", "comprehensiveIncomeNetOfTax": "135389000", "ebit": "177037000", "ebitda": "187660000", "netIncome": "124551000"}, {"fiscalDateEnding": "2018-06-30", "reportedCurrency": "USD", "grossProfit": "333371000", "totalRevenue": "5301954000", "costOfRevenue": "2542888000", "costofGoodsAndServicesSold": "2322977000", "operatingIncome": "123039000", "sellingGeneralAndAdministrative": "206104000", "researchAndDevelopment": "None", "operatingExpenses": "221032000", "investmentIncomeNet": "660000", "netInterestIncome": "-9178000", "interestIncome": "None", "interestExpense": "9178000", "nonInterestIncome": "2654784000", "otherNonOperatingIncome": "-10426000", "depreciation": "50034000", "depreciationAndAmortization": "10507000", "incomeBeforeTax": "103795000", "incomeTaxExpense": "29389000", "interestAndDebtExpense": "9178000", "netIncomeFromContinuingOperations": "74365000", "comprehensiveIncomeNetOfTax": "54242000", "ebit": "123039000", "ebitda": "123480000", "netIncome": "74406000"}, {"fiscalDateEnding": "2018-03-31", "reportedCurrency": "USD", "grossProfit": "301048000", "totalRevenue": "4828062000", "costOfRevenue": "2342355000", "costofGoodsAndServicesSold": "2116528000", "operatingIncome": "75221000", "sellingGeneralAndAdministrative": "215422000", "researchAndDevelopment": "None", "operatingExpenses": "227635000", "investmentIncomeNet": "146000", "netInterestIncome": "-6778000", "interestIncome": "None", "interestExpense": "6778000", "nonInterestIncome": "2417264000", "otherNonOperatingIncome": "-11975000", "depreciation": "48719000", "depreciationAndAmortization": "10405000", "incomeBeforeTax": "55614000", "incomeTaxExpense": "18003000", "interestAndDebtExpense": "6778000", "netIncomeFromContinuingOperations": "37614000", "comprehensiveIncomeNetOfTax": "12600000", "ebit": "75221000", "ebitda": "72797000", "netIncome": "37611000"}, {"fiscalDateEnding": "2017-12-31", "reportedCurrency": "USD", "grossProfit": "322876000", "totalRevenue": "2478627000", "costOfRevenue": "58100000", "costofGoodsAndServicesSold": "2155751000", "operatingIncome": "53556000", "sellingGeneralAndAdministrative": "206264000", "researchAndDevelopment": "None", "operatingExpenses": "58100000", "investmentIncomeNet": "185000", "netInterestIncome": "-6652000", "interestIncome": "None", "interestExpense": "6652000", "nonInterestIncome": "2478627000", "otherNonOperatingIncome": "-1164000", "depreciation": "48031000", "depreciationAndAmortization": "10200000", "incomeBeforeTax": "43910000", "incomeTaxExpense": "-69651000", "interestAndDebtExpense": "6652000", "netIncomeFromContinuingOperations": "113561000", "comprehensiveIncomeNetOfTax": "102353000", "ebit": "53556000", "ebitda": "60762000", "netIncome": "113561000"}, {"fiscalDateEnding": "2017-09-30", "reportedCurrency": "USD", "grossProfit": "350631000", "totalRevenue": "2602678000", "costOfRevenue": "2468900000", "costofGoodsAndServicesSold": "2258676000", "operatingIncome": "140428000", "sellingGeneralAndAdministrative": "201224000", "researchAndDevelopment": "None", "operatingExpenses": "209780000", "investmentIncomeNet": "196000", "netInterestIncome": "-6058000", "interestIncome": "None", "interestExpense": "6058000", "nonInterestIncome": "-571000", "otherNonOperatingIncome": "-2371000", "depreciation": "48426000", "depreciationAndAmortization": "9000000", "incomeBeforeTax": "131695000", "incomeTaxExpense": "42346000", "interestAndDebtExpense": "6058000", "netIncomeFromContinuingOperations": "89313000", "comprehensiveIncomeNetOfTax": "128293000", "ebit": "140428000", "ebitda": "146753000", "netIncome": "89349000"}, {"fiscalDateEnding": "2017-06-30", "reportedCurrency": "USD", "grossProfit": "302165000", "totalRevenue": "2197469000", "costOfRevenue": "2090583000", "costofGoodsAndServicesSold": "1898209000", "operatingIncome": "109791000", "sellingGeneralAndAdministrative": "185880000", "researchAndDevelopment": "None", "operatingExpenses": "190428000", "investmentIncomeNet": "164000", "netInterestIncome": "-4271000", "interestIncome": "None", "interestExpense": "4271000", "nonInterestIncome": "1366000", "otherNonOperatingIncome": "-1079000", "depreciation": "44650000", "depreciationAndAmortization": "6494000", "incomeBeforeTax": "104105000", "incomeTaxExpense": "40245000", "interestAndDebtExpense": "4271000", "netIncomeFromContinuingOperations": "63837000", "comprehensiveIncomeNetOfTax": "90522000", "ebit": "109791000", "ebitda": "114870000", "netIncome": "63860000"}, {"fiscalDateEnding": "2017-03-31", "reportedCurrency": "USD", "grossProfit": "266188000", "totalRevenue": "2172143000", "costOfRevenue": "2103096000", "costofGoodsAndServicesSold": "1911982000", "operatingIncome": "75074000", "sellingGeneralAndAdministrative": "184552000", "researchAndDevelopment": "None", "operatingExpenses": "192955000", "investmentIncomeNet": "287000", "netInterestIncome": "-3965000", "interestIncome": "None", "interestExpense": "3965000", "nonInterestIncome": "-2062000", "otherNonOperatingIncome": "-364000", "depreciation": "42693000", "depreciationAndAmortization": "6562000", "incomeBeforeTax": "70859000", "incomeTaxExpense": "22592000", "interestAndDebtExpense": "3965000", "netIncomeFromContinuingOperations": "48267000", "comprehensiveIncomeNetOfTax": "62088000", "ebit": "75074000", "ebitda": "81386000", "netIncome": "48267000"}, {"fiscalDateEnding": "2016-12-31", "reportedCurrency": "USD", "grossProfit": "307688000", "totalRevenue": "2102966000", "costOfRevenue": "8000000", "costofGoodsAndServicesSold": "1795278000", "operatingIncome": "117887000", "sellingGeneralAndAdministrative": "173882000", "researchAndDevelopment": "None", "operatingExpenses": "8000000", "investmentIncomeNet": "392000", "netInterestIncome": "-3989000", "interestIncome": "None", "interestExpense": "3989000", "nonInterestIncome": "-129000", "otherNonOperatingIncome": "-393000", "depreciation": "43633000", "depreciationAndAmortization": "7955000", "incomeBeforeTax": "112950000", "incomeTaxExpense": "24592000", "interestAndDebtExpense": "3989000", "netIncomeFromContinuingOperations": "88530000", "comprehensiveIncomeNetOfTax": "58735000", "ebit": "117887000", "ebitda": "124894000", "netIncome": "88358000"}]}