{"symbol": "PYPL", "annualReports": [{"fiscalDateEnding": "2020-12-31", "reportedCurrency": "USD", "grossProfit": "16933000000", "totalRevenue": "21454000000", "costOfRevenue": "4521000000", "costofGoodsAndServicesSold": "11453000000", "operatingIncome": "3289000000", "sellingGeneralAndAdministrative": "3931000000", "researchAndDevelopment": "2642000000", "operatingExpenses": "18165000000", "investmentIncomeNet": "None", "netInterestIncome": "-209000000", "interestIncome": "88000000", "interestExpense": "209000000", "nonInterestIncome": "None", "otherNonOperatingIncome": "-17000000", "depreciation": "738000000", "depreciationAndAmortization": "451000000", "incomeBeforeTax": "5065000000", "incomeTaxExpense": "863000000", "interestAndDebtExpense": "209000000", "netIncomeFromContinuingOperations": "4202000000", "comprehensiveIncomeNetOfTax": "3891000000", "ebit": "5274000000", "ebitda": "5725000000", "netIncome": "4202000000"}, {"fiscalDateEnding": "2019-12-31", "reportedCurrency": "USD", "grossProfit": "14340000000", "totalRevenue": "17772000000", "costOfRevenue": "3323000000", "costofGoodsAndServicesSold": "9785000000", "operatingIncome": "2719000000", "sellingGeneralAndAdministrative": "3112000000", "researchAndDevelopment": "2085000000", "operatingExpenses": "15053000000", "investmentIncomeNet": "None", "netInterestIncome": "-115000000", "interestIncome": "197000000", "interestExpense": "115000000", "nonInterestIncome": "17772000000", "otherNonOperatingIncome": "-11000000", "depreciation": "701000000", "depreciationAndAmortization": "211000000", "incomeBeforeTax": "2998000000", "incomeTaxExpense": "539000000", "interestAndDebtExpense": "115000000", "netIncomeFromContinuingOperations": "2459000000", "comprehensiveIncomeNetOfTax": "2208000000", "ebit": "3113000000", "ebitda": "3324000000", "netIncome": "2459000000"}, {"fiscalDateEnding": "2018-12-31", "reportedCurrency": "USD", "grossProfit": "9286000000", "totalRevenue": "15451000000", "costOfRevenue": "4814000000", "costofGoodsAndServicesSold": "8337000000", "operatingIncome": "2194000000", "sellingGeneralAndAdministrative": "2764000000", "researchAndDevelopment": "1071000000", "operatingExpenses": "13257000000", "investmentIncomeNet": "None", "netInterestIncome": "-77000000", "interestIncome": "168000000", "interestExpense": "77000000", "nonInterestIncome": "15451000000", "otherNonOperatingIncome": "4000000", "depreciation": "627000000", "depreciationAndAmortization": "0", "incomeBeforeTax": "2376000000", "incomeTaxExpense": "319000000", "interestAndDebtExpense": "77000000", "netIncomeFromContinuingOperations": "2057000000", "comprehensiveIncomeNetOfTax": "2277000000", "ebit": "2453000000", "ebitda": "2453000000", "netIncome": "2057000000"}, {"fiscalDateEnding": "2017-12-31", "reportedCurrency": "USD", "grossProfit": "8009000000", "totalRevenue": "12108000000", "costOfRevenue": "4099000000", "costofGoodsAndServicesSold": "5430000000", "operatingIncome": "2127000000", "sellingGeneralAndAdministrative": "2283000000", "researchAndDevelopment": "953000000", "operatingExpenses": "10967000000", "investmentIncomeNet": "None", "netInterestIncome": "-7000000", "interestIncome": "24000000", "interestExpense": "7000000", "nonInterestIncome": "25000000", "otherNonOperatingIncome": "-5000000", "depreciation": "649000000", "depreciationAndAmortization": "0", "incomeBeforeTax": "2200000000", "incomeTaxExpense": "405000000", "interestAndDebtExpense": "7000000", "netIncomeFromContinuingOperations": "1795000000", "comprehensiveIncomeNetOfTax": "1594000000", "ebit": "2207000000", "ebitda": "2207000000", "netIncome": "1795000000"}, {"fiscalDateEnding": "2016-12-31", "reportedCurrency": "USD", "grossProfit": "5969000000", "totalRevenue": "9778000000", "costOfRevenue": "3809000000", "costofGoodsAndServicesSold": "4434000000", "operatingIncome": "1586000000", "sellingGeneralAndAdministrative": "1997000000", "researchAndDevelopment": "834000000", "operatingExpenses": "9256000000", "investmentIncomeNet": "None", "netInterestIncome": "-3000000", "interestIncome": "132000000", "interestExpense": "3000000", "nonInterestIncome": "24000000", "otherNonOperatingIncome": "-11000000", "depreciation": "574000000", "depreciationAndAmortization": "724000000", "incomeBeforeTax": "1631000000", "incomeTaxExpense": "230000000", "interestAndDebtExpense": "3000000", "netIncomeFromContinuingOperations": "1401000000", "comprehensiveIncomeNetOfTax": "1469000000", "ebit": "1634000000", "ebitda": "2358000000", "netIncome": "1401000000"}], "quarterlyReports": [{"fiscalDateEnding": "2021-09-30", "reportedCurrency": "USD", "grossProfit": "5025000000", "totalRevenue": "6182000000", "costOfRevenue": "1157000000", "costofGoodsAndServicesSold": "2832000000", "operatingIncome": "1043000000", "sellingGeneralAndAdministrative": "1047000000", "researchAndDevelopment": "755000000", "operatingExpenses": "5139000000", "investmentIncomeNet": "None", "netInterestIncome": "-58000000", "interestIncome": "15000000", "interestExpense": "58000000", "nonInterestIncome": "None", "otherNonOperatingIncome": "-8000000", "depreciation": "None", "depreciationAndAmortization": "110000000", "incomeBeforeTax": "1165000000", "incomeTaxExpense": "78000000", "interestAndDebtExpense": "58000000", "netIncomeFromContinuingOperations": "1087000000", "comprehensiveIncomeNetOfTax": "1255000000", "ebit": "1223000000", "ebitda": "1333000000", "netIncome": "1087000000"}, {"fiscalDateEnding": "2021-06-30", "reportedCurrency": "USD", "grossProfit": "4978000000", "totalRevenue": "6238000000", "costOfRevenue": "1260000000", "costofGoodsAndServicesSold": "2693000000", "operatingIncome": "1127000000", "sellingGeneralAndAdministrative": "1150000000", "researchAndDevelopment": "746000000", "operatingExpenses": "5111000000", "investmentIncomeNet": "None", "netInterestIncome": "-57000000", "interestIncome": "13000000", "interestExpense": "57000000", "nonInterestIncome": "None", "otherNonOperatingIncome": "-10000000", "depreciation": "None", "depreciationAndAmortization": "110000000", "incomeBeforeTax": "1356000000", "incomeTaxExpense": "172000000", "interestAndDebtExpense": "57000000", "netIncomeFromContinuingOperations": "1184000000", "comprehensiveIncomeNetOfTax": "1245000000", "ebit": "1413000000", "ebitda": "1523000000", "netIncome": "1184000000"}, {"fiscalDateEnding": "2021-03-31", "reportedCurrency": "USD", "grossProfit": "4743000000", "totalRevenue": "6033000000", "costOfRevenue": "1290000000", "costofGoodsAndServicesSold": "3066000000", "operatingIncome": "1042000000", "sellingGeneralAndAdministrative": "1126000000", "researchAndDevelopment": "741000000", "operatingExpenses": "4991000000", "investmentIncomeNet": "None", "netInterestIncome": "-58000000", "interestIncome": "15000000", "interestExpense": "58000000", "nonInterestIncome": "None", "otherNonOperatingIncome": "-7000000", "depreciation": "None", "depreciationAndAmortization": "106000000", "incomeBeforeTax": "872000000", "incomeTaxExpense": "-225000000", "interestAndDebtExpense": "58000000", "netIncomeFromContinuingOperations": "1097000000", "comprehensiveIncomeNetOfTax": "1228000000", "ebit": "930000000", "ebitda": "1036000000", "netIncome": "1097000000"}, {"fiscalDateEnding": "2020-12-31", "reportedCurrency": "USD", "grossProfit": "6116000000", "totalRevenue": "6116000000", "costOfRevenue": "1347000000", "costofGoodsAndServicesSold": "4474000000", "operatingIncome": "963000000", "sellingGeneralAndAdministrative": "1174000000", "researchAndDevelopment": "-1236000000", "operatingExpenses": "5153000000", "investmentIncomeNet": "None", "netInterestIncome": "-59000000", "interestIncome": "16000000", "interestExpense": "59000000", "nonInterestIncome": "None", "otherNonOperatingIncome": "-2000000", "depreciation": "None", "depreciationAndAmortization": "108000000", "incomeBeforeTax": "1859000000", "incomeTaxExpense": "292000000", "interestAndDebtExpense": "59000000", "netIncomeFromContinuingOperations": "6116000000", "comprehensiveIncomeNetOfTax": "1415000000", "ebit": "1918000000", "ebitda": "2026000000", "netIncome": "1567000000"}, {"fiscalDateEnding": "2020-09-30", "reportedCurrency": "USD", "grossProfit": "4352000000", "totalRevenue": "5459000000", "costOfRevenue": "1107000000", "costofGoodsAndServicesSold": "2366000000", "operatingIncome": "977000000", "sellingGeneralAndAdministrative": "974000000", "researchAndDevelopment": "674000000", "operatingExpenses": "4482000000", "investmentIncomeNet": "None", "netInterestIncome": "-58000000", "interestIncome": "17000000", "interestExpense": "58000000", "nonInterestIncome": "None", "otherNonOperatingIncome": "-1000000", "depreciation": "None", "depreciationAndAmortization": "114000000", "incomeBeforeTax": "1144000000", "incomeTaxExpense": "123000000", "interestAndDebtExpense": "58000000", "netIncomeFromContinuingOperations": "1021000000", "comprehensiveIncomeNetOfTax": "859000000", "ebit": "1202000000", "ebitda": "1316000000", "netIncome": "1021000000"}, {"fiscalDateEnding": "2020-06-30", "reportedCurrency": "USD", "grossProfit": "4173000000", "totalRevenue": "5261000000", "costOfRevenue": "1088000000", "costofGoodsAndServicesSold": "2283000000", "operatingIncome": "951000000", "sellingGeneralAndAdministrative": "926000000", "researchAndDevelopment": "631000000", "operatingExpenses": "4310000000", "investmentIncomeNet": "None", "netInterestIncome": "-55000000", "interestIncome": "22000000", "interestExpense": "55000000", "nonInterestIncome": "None", "otherNonOperatingIncome": "-7000000", "depreciation": "None", "depreciationAndAmortization": "115000000", "incomeBeforeTax": "1799000000", "incomeTaxExpense": "269000000", "interestAndDebtExpense": "55000000", "netIncomeFromContinuingOperations": "1530000000", "comprehensiveIncomeNetOfTax": "1480000000", "ebit": "1854000000", "ebitda": "1969000000", "netIncome": "1530000000"}, {"fiscalDateEnding": "2020-03-31", "reportedCurrency": "USD", "grossProfit": "3611000000", "totalRevenue": "4618000000", "costOfRevenue": "971000000", "costofGoodsAndServicesSold": "2729000000", "operatingIncome": "398000000", "sellingGeneralAndAdministrative": "857000000", "researchAndDevelopment": "605000000", "operatingExpenses": "4220000000", "investmentIncomeNet": "None", "netInterestIncome": "-37000000", "interestIncome": "33000000", "interestExpense": "37000000", "nonInterestIncome": "4618000000", "otherNonOperatingIncome": "-7000000", "depreciation": "None", "depreciationAndAmortization": "114000000", "incomeBeforeTax": "263000000", "incomeTaxExpense": "179000000", "interestAndDebtExpense": "37000000", "netIncomeFromContinuingOperations": "84000000", "comprehensiveIncomeNetOfTax": "137000000", "ebit": "300000000", "ebitda": "414000000", "netIncome": "84000000"}, {"fiscalDateEnding": "2019-12-31", "reportedCurrency": "USD", "grossProfit": "4961000000", "totalRevenue": "4961000000", "costOfRevenue": "923000000", "costofGoodsAndServicesSold": "2732000000", "operatingIncome": "799000000", "sellingGeneralAndAdministrative": "872000000", "researchAndDevelopment": "558000000", "operatingExpenses": "4162000000", "investmentIncomeNet": "None", "netInterestIncome": "-37000000", "interestIncome": "53000000", "interestExpense": "37000000", "nonInterestIncome": "4961000000", "otherNonOperatingIncome": "1000000", "depreciation": "None", "depreciationAndAmortization": "51000000", "incomeBeforeTax": "854000000", "incomeTaxExpense": "347000000", "interestAndDebtExpense": "37000000", "netIncomeFromContinuingOperations": "4961000000", "comprehensiveIncomeNetOfTax": "386000000", "ebit": "891000000", "ebitda": "942000000", "netIncome": "507000000"}, {"fiscalDateEnding": "2019-09-30", "reportedCurrency": "USD", "grossProfit": "3585000000", "totalRevenue": "4378000000", "costOfRevenue": "769000000", "costofGoodsAndServicesSold": "2431000000", "operatingIncome": "697000000", "sellingGeneralAndAdministrative": "717000000", "researchAndDevelopment": "533000000", "operatingExpenses": "3681000000", "investmentIncomeNet": "None", "netInterestIncome": "-29000000", "interestIncome": "47000000", "interestExpense": "29000000", "nonInterestIncome": "4378000000", "otherNonOperatingIncome": "-3000000", "depreciation": "None", "depreciationAndAmortization": "52000000", "incomeBeforeTax": "484000000", "incomeTaxExpense": "22000000", "interestAndDebtExpense": "29000000", "netIncomeFromContinuingOperations": "462000000", "comprehensiveIncomeNetOfTax": "438000000", "ebit": "513000000", "ebitda": "565000000", "netIncome": "462000000"}, {"fiscalDateEnding": "2019-06-30", "reportedCurrency": "USD", "grossProfit": "3454000000", "totalRevenue": "4305000000", "costOfRevenue": "826000000", "costofGoodsAndServicesSold": "2344000000", "operatingIncome": "705000000", "sellingGeneralAndAdministrative": "775000000", "researchAndDevelopment": "483000000", "operatingExpenses": "3600000000", "investmentIncomeNet": "None", "netInterestIncome": "-27000000", "interestIncome": "48000000", "interestExpense": "27000000", "nonInterestIncome": "4305000000", "otherNonOperatingIncome": "-1000000", "depreciation": "None", "depreciationAndAmortization": "51000000", "incomeBeforeTax": "943000000", "incomeTaxExpense": "120000000", "interestAndDebtExpense": "27000000", "netIncomeFromContinuingOperations": "823000000", "comprehensiveIncomeNetOfTax": "820000000", "ebit": "970000000", "ebitda": "1021000000", "netIncome": "823000000"}, {"fiscalDateEnding": "2019-03-31", "reportedCurrency": "USD", "grossProfit": "3301000000", "totalRevenue": "4128000000", "costOfRevenue": "805000000", "costofGoodsAndServicesSold": "2278000000", "operatingIncome": "518000000", "sellingGeneralAndAdministrative": "748000000", "researchAndDevelopment": "511000000", "operatingExpenses": "3610000000", "investmentIncomeNet": "None", "netInterestIncome": "-22000000", "interestIncome": "197000000", "interestExpense": "22000000", "nonInterestIncome": "4128000000", "otherNonOperatingIncome": "-8000000", "depreciation": "None", "depreciationAndAmortization": "57000000", "incomeBeforeTax": "717000000", "incomeTaxExpense": "50000000", "interestAndDebtExpense": "22000000", "netIncomeFromContinuingOperations": "667000000", "comprehensiveIncomeNetOfTax": "564000000", "ebit": "739000000", "ebitda": "796000000", "netIncome": "667000000"}, {"fiscalDateEnding": "2018-12-31", "reportedCurrency": "USD", "grossProfit": "4226000000", "totalRevenue": "4283000000", "costOfRevenue": "2251000000", "costofGoodsAndServicesSold": "3400000000", "operatingIncome": "598000000", "sellingGeneralAndAdministrative": "779000000", "researchAndDevelopment": "289000000", "operatingExpenses": "3628000000", "investmentIncomeNet": "None", "netInterestIncome": "-20000000", "interestIncome": "None", "interestExpense": "20000000", "nonInterestIncome": "4226000000", "otherNonOperatingIncome": "0", "depreciation": "None", "depreciationAndAmortization": "0", "incomeBeforeTax": "686000000", "incomeTaxExpense": "102000000", "interestAndDebtExpense": "20000000", "netIncomeFromContinuingOperations": "4226000000", "comprehensiveIncomeNetOfTax": "596000000", "ebit": "706000000", "ebitda": "706000000", "netIncome": "584000000"}, {"fiscalDateEnding": "2018-09-30", "reportedCurrency": "USD", "grossProfit": "2793000000", "totalRevenue": "3661000000", "costOfRevenue": "868000000", "costofGoodsAndServicesSold": "1661000000", "operatingIncome": "490000000", "sellingGeneralAndAdministrative": "680000000", "researchAndDevelopment": "269000000", "operatingExpenses": "3193000000", "investmentIncomeNet": "None", "netInterestIncome": "-22000000", "interestIncome": "None", "interestExpense": "22000000", "nonInterestIncome": "3683000000", "otherNonOperatingIncome": "4000000", "depreciation": "None", "depreciationAndAmortization": "0", "incomeBeforeTax": "533000000", "incomeTaxExpense": "97000000", "interestAndDebtExpense": "22000000", "netIncomeFromContinuingOperations": "436000000", "comprehensiveIncomeNetOfTax": "466000000", "ebit": "555000000", "ebitda": "555000000", "netIncome": "436000000"}, {"fiscalDateEnding": "2018-06-30", "reportedCurrency": "USD", "grossProfit": "2996000000", "totalRevenue": "3857000000", "costOfRevenue": "861000000", "costofGoodsAndServicesSold": "1696000000", "operatingIncome": "572000000", "sellingGeneralAndAdministrative": "681000000", "researchAndDevelopment": "255000000", "operatingExpenses": "3285000000", "investmentIncomeNet": "None", "netInterestIncome": "-19000000", "interestIncome": "None", "interestExpense": "19000000", "nonInterestIncome": "3857000000", "otherNonOperatingIncome": "-2000000", "depreciation": "None", "depreciationAndAmortization": "0", "incomeBeforeTax": "609000000", "incomeTaxExpense": "83000000", "interestAndDebtExpense": "19000000", "netIncomeFromContinuingOperations": "526000000", "comprehensiveIncomeNetOfTax": "731000000", "ebit": "628000000", "ebitda": "628000000", "netIncome": "526000000"}, {"fiscalDateEnding": "2018-03-31", "reportedCurrency": "USD", "grossProfit": "6541000000", "totalRevenue": "7375000000", "costOfRevenue": "834000000", "costofGoodsAndServicesSold": "1580000000", "operatingIncome": "534000000", "sellingGeneralAndAdministrative": "624000000", "researchAndDevelopment": "258000000", "operatingExpenses": "3151000000", "investmentIncomeNet": "None", "netInterestIncome": "-16000000", "interestIncome": "None", "interestExpense": "16000000", "nonInterestIncome": "3690000000", "otherNonOperatingIncome": "2000000", "depreciation": "None", "depreciationAndAmortization": "0", "incomeBeforeTax": "548000000", "incomeTaxExpense": "37000000", "interestAndDebtExpense": "16000000", "netIncomeFromContinuingOperations": "511000000", "comprehensiveIncomeNetOfTax": "484000000", "ebit": "564000000", "ebitda": "564000000", "netIncome": "511000000"}, {"fiscalDateEnding": "2017-12-31", "reportedCurrency": "USD", "grossProfit": "3744000000", "totalRevenue": "3744000000", "costOfRevenue": "1841000000", "costofGoodsAndServicesSold": "1306000000", "operatingIncome": "843000000", "sellingGeneralAndAdministrative": "643000000", "researchAndDevelopment": "267000000", "operatingExpenses": "2901000000", "investmentIncomeNet": "None", "netInterestIncome": "-4000000", "interestIncome": "None", "interestExpense": "4000000", "nonInterestIncome": "3744000000", "otherNonOperatingIncome": "2000000", "depreciation": "None", "depreciationAndAmortization": "-578000000", "incomeBeforeTax": "864000000", "incomeTaxExpense": "244000000", "interestAndDebtExpense": "4000000", "netIncomeFromContinuingOperations": "3744000000", "comprehensiveIncomeNetOfTax": "620000000", "ebit": "868000000", "ebitda": "290000000", "netIncome": "620000000"}, {"fiscalDateEnding": "2017-09-30", "reportedCurrency": "USD", "grossProfit": "2474000000", "totalRevenue": "3239000000", "costOfRevenue": "765000000", "costofGoodsAndServicesSold": "1465000000", "operatingIncome": "423000000", "sellingGeneralAndAdministrative": "571000000", "researchAndDevelopment": "240000000", "operatingExpenses": "2816000000", "investmentIncomeNet": "None", "netInterestIncome": "-1000000", "interestIncome": "None", "interestExpense": "1000000", "nonInterestIncome": "3239000000", "otherNonOperatingIncome": "6000000", "depreciation": "None", "depreciationAndAmortization": "194000000", "incomeBeforeTax": "451000000", "incomeTaxExpense": "71000000", "interestAndDebtExpense": "1000000", "netIncomeFromContinuingOperations": "380000000", "comprehensiveIncomeNetOfTax": "336000000", "ebit": "452000000", "ebitda": "646000000", "netIncome": "380000000"}, {"fiscalDateEnding": "2017-06-30", "reportedCurrency": "USD", "grossProfit": "2369000000", "totalRevenue": "3136000000", "costOfRevenue": "767000000", "costofGoodsAndServicesSold": "1372000000", "operatingIncome": "430000000", "sellingGeneralAndAdministrative": "566000000", "researchAndDevelopment": "232000000", "operatingExpenses": "2706000000", "investmentIncomeNet": "None", "netInterestIncome": "None", "interestIncome": "None", "interestExpense": "None", "nonInterestIncome": "3136000000", "otherNonOperatingIncome": "17000000", "depreciation": "None", "depreciationAndAmortization": "201000000", "incomeBeforeTax": "447000000", "incomeTaxExpense": "36000000", "interestAndDebtExpense": "None", "netIncomeFromContinuingOperations": "411000000", "comprehensiveIncomeNetOfTax": "311000000", "ebit": "430000000", "ebitda": "631000000", "netIncome": "411000000"}, {"fiscalDateEnding": "2017-03-31", "reportedCurrency": "USD", "grossProfit": "2295000000", "totalRevenue": "2981000000", "costOfRevenue": "686000000", "costofGoodsAndServicesSold": "1287000000", "operatingIncome": "431000000", "sellingGeneralAndAdministrative": "503000000", "researchAndDevelopment": "214000000", "operatingExpenses": "2544000000", "investmentIncomeNet": "None", "netInterestIncome": "None", "interestIncome": "None", "interestExpense": "None", "nonInterestIncome": "6000000", "otherNonOperatingIncome": "7000000", "depreciation": "None", "depreciationAndAmortization": "183000000", "incomeBeforeTax": "438000000", "incomeTaxExpense": "54000000", "interestAndDebtExpense": "None", "netIncomeFromContinuingOperations": "384000000", "comprehensiveIncomeNetOfTax": "327000000", "ebit": "431000000", "ebitda": "614000000", "netIncome": "384000000"}, {"fiscalDateEnding": "2016-12-31", "reportedCurrency": "USD", "grossProfit": "2981000000", "totalRevenue": "2981000000", "costOfRevenue": "1805000000", "costofGoodsAndServicesSold": "1261000000", "operatingIncome": "460000000", "sellingGeneralAndAdministrative": "528000000", "researchAndDevelopment": "215000000", "operatingExpenses": "2521000000", "investmentIncomeNet": "None", "netInterestIncome": "None", "interestIncome": "None", "interestExpense": "-3000000", "nonInterestIncome": "7000000", "otherNonOperatingIncome": "9000000", "depreciation": "None", "depreciationAndAmortization": "189000000", "incomeBeforeTax": "469000000", "incomeTaxExpense": "79000000", "interestAndDebtExpense": "None", "netIncomeFromContinuingOperations": "2981000000", "comprehensiveIncomeNetOfTax": "410000000", "ebit": "460000000", "ebitda": "649000000", "netIncome": "390000000"}]}