{"symbol": "QRVO", "annualReports": [{"fiscalDateEnding": "2021-03-31", "reportedCurrency": "USD", "grossProfit": "1883566000", "totalRevenue": "4015307000", "costOfRevenue": "2131741000", "costofGoodsAndServicesSold": "2131741000", "operatingIncome": "906627000", "sellingGeneralAndAdministrative": "367238000", "researchAndDevelopment": "570395000", "operatingExpenses": "976939000", "investmentIncomeNet": "None", "netInterestIncome": "-75198000", "interestIncome": "None", "interestExpense": "75198000", "nonInterestIncome": "-61991000", "otherNonOperatingIncome": "-24049000", "depreciation": "203206000", "depreciationAndAmortization": "252898000", "incomeBeforeTax": "807380000", "incomeTaxExpense": "73769000", "interestAndDebtExpense": "137189000", "netIncomeFromContinuingOperations": "733611000", "comprehensiveIncomeNetOfTax": "760972000", "ebit": "882578000", "ebitda": "1135476000", "netIncome": "733611000"}, {"fiscalDateEnding": "2020-03-31", "reportedCurrency": "USD", "grossProfit": "1321763000", "totalRevenue": "3239141000", "costOfRevenue": "1917378000", "costofGoodsAndServicesSold": "1917378000", "operatingIncome": "423216000", "sellingGeneralAndAdministrative": "343569000", "researchAndDevelopment": "484414000", "operatingExpenses": "898547000", "investmentIncomeNet": "12066000", "netInterestIncome": "-60392000", "interestIncome": "12066000", "interestExpense": "60392000", "nonInterestIncome": "1300000", "otherNonOperatingIncome": "32265000", "depreciation": "221632000", "depreciationAndAmortization": "247299000", "incomeBeforeTax": "395089000", "incomeTaxExpense": "60764000", "interestAndDebtExpense": "60392000", "netIncomeFromContinuingOperations": "334325000", "comprehensiveIncomeNetOfTax": "343237000", "ebit": "455481000", "ebitda": "702780000", "netIncome": "334325000"}, {"fiscalDateEnding": "2019-03-31", "reportedCurrency": "USD", "grossProfit": "1195183000", "totalRevenue": "3090325000", "costOfRevenue": "1895142000", "costofGoodsAndServicesSold": "1895142000", "operatingIncome": "216466000", "sellingGeneralAndAdministrative": "476074000", "researchAndDevelopment": "450482000", "operatingExpenses": "978717000", "investmentIncomeNet": "10971000", "netInterestIncome": "-43963000", "interestIncome": "10971000", "interestExpense": "43963000", "nonInterestIncome": "-87824000", "otherNonOperatingIncome": "-80711000", "depreciation": "208646000", "depreciationAndAmortization": "454500000", "incomeBeforeTax": "91792000", "incomeTaxExpense": "-41333000", "interestAndDebtExpense": "134163000", "netIncomeFromContinuingOperations": "133125000", "comprehensiveIncomeNetOfTax": "129253000", "ebit": "135755000", "ebitda": "590255000", "netIncome": "133125000"}, {"fiscalDateEnding": "2018-03-31", "reportedCurrency": "USD", "grossProfit": "1146966000", "totalRevenue": "2973536000", "costOfRevenue": "1826570000", "costofGoodsAndServicesSold": "1826570000", "operatingIncome": "70282000", "sellingGeneralAndAdministrative": "527751000", "researchAndDevelopment": "445103000", "operatingExpenses": "1076684000", "investmentIncomeNet": "7017000", "netInterestIncome": "-59548000", "interestIncome": "7017000", "interestExpense": "59548000", "nonInterestIncome": "-953000", "otherNonOperatingIncome": "-606000", "depreciation": "174425000", "depreciationAndAmortization": "539800000", "incomeBeforeTax": "17145000", "incomeTaxExpense": "57433000", "interestAndDebtExpense": "59548000", "netIncomeFromContinuingOperations": "-40288000", "comprehensiveIncomeNetOfTax": "-38734000", "ebit": "76693000", "ebitda": "616493000", "netIncome": "-40288000"}, {"fiscalDateEnding": "2017-03-31", "reportedCurrency": "USD", "grossProfit": "1135512000", "totalRevenue": "3032574000", "costOfRevenue": "1897062000", "costofGoodsAndServicesSold": "1897062000", "operatingIncome": "88059000", "sellingGeneralAndAdministrative": "545588000", "researchAndDevelopment": "470836000", "operatingExpenses": "1047453000", "investmentIncomeNet": "1212000", "netInterestIncome": "-58879000", "interestIncome": "1212000", "interestExpense": "58879000", "nonInterestIncome": "36000", "otherNonOperatingIncome": "-3087000", "depreciation": "209825000", "depreciationAndAmortization": "494752000", "incomeBeforeTax": "27305000", "incomeTaxExpense": "43863000", "interestAndDebtExpense": "58879000", "netIncomeFromContinuingOperations": "-16558000", "comprehensiveIncomeNetOfTax": "-17731000", "ebit": "86184000", "ebitda": "580936000", "netIncome": "-16558000"}], "quarterlyReports": [{"fiscalDateEnding": "2021-09-30", "reportedCurrency": "USD", "grossProfit": "621553000", "totalRevenue": "1255248000", "costOfRevenue": "633695000", "costofGoodsAndServicesSold": "633695000", "operatingIncome": "362360000", "sellingGeneralAndAdministrative": "93489000", "researchAndDevelopment": "158377000", "operatingExpenses": "259193000", "investmentIncomeNet": "None", "netInterestIncome": "-15327000", "interestIncome": "None", "interestExpense": "15327000", "nonInterestIncome": "None", "otherNonOperatingIncome": "4754000", "depreciation": "52758000", "depreciationAndAmortization": "36600000", "incomeBeforeTax": "351787000", "incomeTaxExpense": "32598000", "interestAndDebtExpense": "15327000", "netIncomeFromContinuingOperations": "336016000", "comprehensiveIncomeNetOfTax": "309702000", "ebit": "367114000", "ebitda": "403714000", "netIncome": "319189000"}, {"fiscalDateEnding": "2021-06-30", "reportedCurrency": "USD", "grossProfit": "546183000", "totalRevenue": "1110351000", "costOfRevenue": "564168000", "costofGoodsAndServicesSold": "564168000", "operatingIncome": "297102000", "sellingGeneralAndAdministrative": "90299000", "researchAndDevelopment": "152079000", "operatingExpenses": "249081000", "investmentIncomeNet": "None", "netInterestIncome": "-15279000", "interestIncome": "None", "interestExpense": "15279000", "nonInterestIncome": "None", "otherNonOperatingIncome": "16791000", "depreciation": "52447000", "depreciationAndAmortization": "37400000", "incomeBeforeTax": "298614000", "incomeTaxExpense": "12988000", "interestAndDebtExpense": "15279000", "netIncomeFromContinuingOperations": "315405000", "comprehensiveIncomeNetOfTax": "288895000", "ebit": "313893000", "ebitda": "351293000", "netIncome": "285626000"}, {"fiscalDateEnding": "2021-03-31", "reportedCurrency": "USD", "grossProfit": "528475000", "totalRevenue": "1072730000", "costOfRevenue": "544255000", "costofGoodsAndServicesSold": "544255000", "operatingIncome": "293068000", "sellingGeneralAndAdministrative": "78123000", "researchAndDevelopment": "147285000", "operatingExpenses": "235407000", "investmentIncomeNet": "None", "netInterestIncome": "-15410000", "interestIncome": "None", "interestExpense": "15410000", "nonInterestIncome": "None", "otherNonOperatingIncome": "12057000", "depreciation": "50869000", "depreciationAndAmortization": "85986000", "incomeBeforeTax": "286786000", "incomeTaxExpense": "-11951000", "interestAndDebtExpense": "None", "netIncomeFromContinuingOperations": "298737000", "comprehensiveIncomeNetOfTax": "280897000", "ebit": "302196000", "ebitda": "388182000", "netIncome": "298737000"}, {"fiscalDateEnding": "2020-12-31", "reportedCurrency": "USD", "grossProfit": "537752000", "totalRevenue": "1094834000", "costOfRevenue": "557082000", "costofGoodsAndServicesSold": "557082000", "operatingIncome": "299203000", "sellingGeneralAndAdministrative": "93139000", "researchAndDevelopment": "136697000", "operatingExpenses": "238549000", "investmentIncomeNet": "None", "netInterestIncome": "-16986000", "interestIncome": "467000", "interestExpense": "17453000", "nonInterestIncome": "None", "otherNonOperatingIncome": "-58701000", "depreciation": "51538000", "depreciationAndAmortization": "152337000", "incomeBeforeTax": "223516000", "incomeTaxExpense": "22481000", "interestAndDebtExpense": "None", "netIncomeFromContinuingOperations": "201035000", "comprehensiveIncomeNetOfTax": "221908000", "ebit": "240969000", "ebitda": "169968554", "netIncome": "201035000"}, {"fiscalDateEnding": "2020-09-30", "reportedCurrency": "USD", "grossProfit": "491550000", "totalRevenue": "1060292000", "costOfRevenue": "568742000", "costofGoodsAndServicesSold": "568742000", "operatingIncome": "221644000", "sellingGeneralAndAdministrative": "109372000", "researchAndDevelopment": "156342000", "operatingExpenses": "269906000", "investmentIncomeNet": "None", "netInterestIncome": "-23486000", "interestIncome": "1272000", "interestExpense": "23486000", "nonInterestIncome": "None", "otherNonOperatingIncome": "1920000", "depreciation": "50812000", "depreciationAndAmortization": "72400000", "incomeBeforeTax": "200078000", "incomeTaxExpense": "63161000", "interestAndDebtExpense": "23486000", "netIncomeFromContinuingOperations": "160503000", "comprehensiveIncomeNetOfTax": "155139000", "ebit": "223564000", "ebitda": "295964000", "netIncome": "136917000"}, {"fiscalDateEnding": "2020-06-30", "reportedCurrency": "USD", "grossProfit": "325789000", "totalRevenue": "787451000", "costOfRevenue": "461662000", "costofGoodsAndServicesSold": "461662000", "operatingIncome": "92712000", "sellingGeneralAndAdministrative": "86604000", "researchAndDevelopment": "130071000", "operatingExpenses": "233077000", "investmentIncomeNet": "None", "netInterestIncome": "-18849000", "interestIncome": "1190000", "interestExpense": "18849000", "nonInterestIncome": "None", "otherNonOperatingIncome": "23137000", "depreciation": "49987000", "depreciationAndAmortization": "72128000", "incomeBeforeTax": "97000000", "incomeTaxExpense": "100000", "interestAndDebtExpense": "18849000", "netIncomeFromContinuingOperations": "114581000", "comprehensiveIncomeNetOfTax": "103028000", "ebit": "115849000", "ebitda": "187977000", "netIncome": "96922000"}, {"fiscalDateEnding": "2020-03-31", "reportedCurrency": "USD", "grossProfit": "335781000", "totalRevenue": "787772000", "costOfRevenue": "451991000", "costofGoodsAndServicesSold": "451991000", "operatingIncome": "102154000", "sellingGeneralAndAdministrative": "85111000", "researchAndDevelopment": "127029000", "operatingExpenses": "233627000", "investmentIncomeNet": "3954000", "netInterestIncome": "-18935000", "interestIncome": "3954000", "interestExpense": "18935000", "nonInterestIncome": "1300000", "otherNonOperatingIncome": "-10472000", "depreciation": "49318000", "depreciationAndAmortization": "69369000", "incomeBeforeTax": "64635000", "incomeTaxExpense": "14245000", "interestAndDebtExpense": "18935000", "netIncomeFromContinuingOperations": "307681000", "comprehensiveIncomeNetOfTax": "59521000", "ebit": "83570000", "ebitda": "152939000", "netIncome": "50390000"}, {"fiscalDateEnding": "2019-12-31", "reportedCurrency": "USD", "grossProfit": "368111000", "totalRevenue": "869073000", "costOfRevenue": "500962000", "costofGoodsAndServicesSold": "500962000", "operatingIncome": "153069000", "sellingGeneralAndAdministrative": "81205000", "researchAndDevelopment": "122851000", "operatingExpenses": "215042000", "investmentIncomeNet": "2874000", "netInterestIncome": "-16900000", "interestIncome": "2874000", "interestExpense": "16900000", "nonInterestIncome": "0", "otherNonOperatingIncome": "44148000", "depreciation": "53692000", "depreciationAndAmortization": "63100000", "incomeBeforeTax": "183191000", "incomeTaxExpense": "21835000", "interestAndDebtExpense": "16900000", "netIncomeFromContinuingOperations": "178256000", "comprehensiveIncomeNetOfTax": "162171000", "ebit": "200091000", "ebitda": "263191000", "netIncome": "161356000"}, {"fiscalDateEnding": "2019-09-30", "reportedCurrency": "USD", "grossProfit": "323582000", "totalRevenue": "806698000", "costOfRevenue": "483116000", "costofGoodsAndServicesSold": "483116000", "operatingIncome": "112767000", "sellingGeneralAndAdministrative": "88274000", "researchAndDevelopment": "115614000", "operatingExpenses": "210815000", "investmentIncomeNet": "2292000", "netInterestIncome": "-12693000", "interestIncome": "2292000", "interestExpense": "12693000", "nonInterestIncome": "0", "otherNonOperatingIncome": "-300000", "depreciation": "54718000", "depreciationAndAmortization": "56400000", "incomeBeforeTax": "102066000", "incomeTaxExpense": "19028000", "interestAndDebtExpense": "12693000", "netIncomeFromContinuingOperations": "95759000", "comprehensiveIncomeNetOfTax": "82061000", "ebit": "114759000", "ebitda": "171159000", "netIncome": "83038000"}, {"fiscalDateEnding": "2019-06-30", "reportedCurrency": "USD", "grossProfit": "294289000", "totalRevenue": "775598000", "costOfRevenue": "481309000", "costofGoodsAndServicesSold": "481309000", "operatingIncome": "55226000", "sellingGeneralAndAdministrative": "88979000", "researchAndDevelopment": "118920000", "operatingExpenses": "239063000", "investmentIncomeNet": "2946000", "netInterestIncome": "-11864000", "interestIncome": "2946000", "interestExpense": "11864000", "nonInterestIncome": "0", "otherNonOperatingIncome": "-1111000", "depreciation": "63904000", "depreciationAndAmortization": "58366000", "incomeBeforeTax": "45197000", "incomeTaxExpense": "5656000", "interestAndDebtExpense": "11864000", "netIncomeFromContinuingOperations": "51405000", "comprehensiveIncomeNetOfTax": "39484000", "ebit": "57061000", "ebitda": "115427000", "netIncome": "39541000"}, {"fiscalDateEnding": "2019-03-31", "reportedCurrency": "USD", "grossProfit": "266573000", "totalRevenue": "680882000", "costOfRevenue": "414309000", "costofGoodsAndServicesSold": "414309000", "operatingIncome": "64047000", "sellingGeneralAndAdministrative": "75033000", "researchAndDevelopment": "112846000", "operatingExpenses": "202526000", "investmentIncomeNet": "3183000", "netInterestIncome": "-10359000", "interestIncome": "3183000", "interestExpense": "10359000", "nonInterestIncome": "-6200000", "otherNonOperatingIncome": "4296000", "depreciation": "65638000", "depreciationAndAmortization": "55300000", "incomeBeforeTax": "50217000", "incomeTaxExpense": "-11300000", "interestAndDebtExpense": "6200000", "netIncomeFromContinuingOperations": "249973000", "comprehensiveIncomeNetOfTax": "60963000", "ebit": "60576000", "ebitda": "115876000", "netIncome": "61517000"}, {"fiscalDateEnding": "2018-12-31", "reportedCurrency": "USD", "grossProfit": "338363000", "totalRevenue": "832330000", "costOfRevenue": "493967000", "costofGoodsAndServicesSold": "493967000", "operatingIncome": "81157000", "sellingGeneralAndAdministrative": "125604000", "researchAndDevelopment": "109985000", "operatingExpenses": "257206000", "investmentIncomeNet": "2814000", "netInterestIncome": "-9562000", "interestIncome": "None", "interestExpense": "9562000", "nonInterestIncome": "-1800000", "otherNonOperatingIncome": "-3520000", "depreciation": "52794000", "depreciationAndAmortization": "132500000", "incomeBeforeTax": "70889000", "incomeTaxExpense": "1372000", "interestAndDebtExpense": "11362000", "netIncomeFromContinuingOperations": "69517000", "comprehensiveIncomeNetOfTax": "68455000", "ebit": "80451000", "ebitda": "212951000", "netIncome": "69517000"}, {"fiscalDateEnding": "2018-09-30", "reportedCurrency": "USD", "grossProfit": "353514000", "totalRevenue": "884443000", "costOfRevenue": "530929000", "costofGoodsAndServicesSold": "530929000", "operatingIncome": "90477000", "sellingGeneralAndAdministrative": "139507000", "researchAndDevelopment": "116748000", "operatingExpenses": "263037000", "investmentIncomeNet": "1580000", "netInterestIncome": "-9689000", "interestIncome": "None", "interestExpense": "9689000", "nonInterestIncome": "-48800000", "otherNonOperatingIncome": "-49532000", "depreciation": "46763000", "depreciationAndAmortization": "133400000", "incomeBeforeTax": "32836000", "incomeTaxExpense": "752000", "interestAndDebtExpense": "58489000", "netIncomeFromContinuingOperations": "32084000", "comprehensiveIncomeNetOfTax": "32012000", "ebit": "42525000", "ebitda": "175925000", "netIncome": "32084000"}, {"fiscalDateEnding": "2018-06-30", "reportedCurrency": "USD", "grossProfit": "236733000", "totalRevenue": "692670000", "costOfRevenue": "455937000", "costofGoodsAndServicesSold": "455937000", "operatingIncome": "-19215000", "sellingGeneralAndAdministrative": "135930000", "researchAndDevelopment": "110903000", "operatingExpenses": "255948000", "investmentIncomeNet": "3394000", "netInterestIncome": "-14353000", "interestIncome": "None", "interestExpense": "14353000", "nonInterestIncome": "-30754000", "otherNonOperatingIncome": "-31955000", "depreciation": "43451000", "depreciationAndAmortization": "133300000", "incomeBeforeTax": "-62093000", "incomeTaxExpense": "-32100000", "interestAndDebtExpense": "47753000", "netIncomeFromContinuingOperations": "-29993000", "comprehensiveIncomeNetOfTax": "-32177000", "ebit": "-47740000", "ebitda": "85560000", "netIncome": "-29993000"}, {"fiscalDateEnding": "2018-03-31", "reportedCurrency": "USD", "grossProfit": "252640000", "totalRevenue": "665383000", "costOfRevenue": "412743000", "costofGoodsAndServicesSold": "412743000", "operatingIncome": "-31773000", "sellingGeneralAndAdministrative": "122898000", "researchAndDevelopment": "110795000", "operatingExpenses": "284413000", "investmentIncomeNet": "2978000", "netInterestIncome": "-16161000", "interestIncome": "None", "interestExpense": "16161000", "nonInterestIncome": "-900000", "otherNonOperatingIncome": "1277000", "depreciation": "41546000", "depreciationAndAmortization": "133400000", "incomeBeforeTax": "-43701000", "incomeTaxExpense": "-31200000", "interestAndDebtExpense": "900000", "netIncomeFromContinuingOperations": "241140000", "comprehensiveIncomeNetOfTax": "-12171000", "ebit": "-27540000", "ebitda": "105860000", "netIncome": "-12501000"}, {"fiscalDateEnding": "2017-12-31", "reportedCurrency": "USD", "grossProfit": "336927000", "totalRevenue": "845739000", "costOfRevenue": "508812000", "costofGoodsAndServicesSold": "508812000", "operatingIncome": "80320000", "sellingGeneralAndAdministrative": "126555000", "researchAndDevelopment": "106411000", "operatingExpenses": "256607000", "investmentIncomeNet": "2215000", "netInterestIncome": "-16338000", "interestIncome": "None", "interestExpense": "16338000", "nonInterestIncome": "-1691000", "otherNonOperatingIncome": "-757000", "depreciation": "46612000", "depreciationAndAmortization": "135900000", "incomeBeforeTax": "65418000", "incomeTaxExpense": "98500000", "interestAndDebtExpense": "16338000", "netIncomeFromContinuingOperations": "-33082000", "comprehensiveIncomeNetOfTax": "-32185000", "ebit": "81756000", "ebitda": "217656000", "netIncome": "-33082000"}, {"fiscalDateEnding": "2017-09-30", "reportedCurrency": "USD", "grossProfit": "321022000", "totalRevenue": "821583000", "costOfRevenue": "500561000", "costofGoodsAndServicesSold": "500561000", "operatingIncome": "49564000", "sellingGeneralAndAdministrative": "138867000", "researchAndDevelopment": "111398000", "operatingExpenses": "271458000", "investmentIncomeNet": "1058000", "netInterestIncome": "-14778000", "interestIncome": "None", "interestExpense": "14778000", "nonInterestIncome": "924000", "otherNonOperatingIncome": "-192000", "depreciation": "43440000", "depreciationAndAmortization": "135800000", "incomeBeforeTax": "35652000", "incomeTaxExpense": "-267000", "interestAndDebtExpense": "14778000", "netIncomeFromContinuingOperations": "35919000", "comprehensiveIncomeNetOfTax": "35527000", "ebit": "50430000", "ebitda": "186230000", "netIncome": "35919000"}, {"fiscalDateEnding": "2017-06-30", "reportedCurrency": "USD", "grossProfit": "236377000", "totalRevenue": "640831000", "costOfRevenue": "404454000", "costofGoodsAndServicesSold": "404454000", "operatingIncome": "-27829000", "sellingGeneralAndAdministrative": "139431000", "researchAndDevelopment": "116499000", "operatingExpenses": "264206000", "investmentIncomeNet": "766000", "netInterestIncome": "-12271000", "interestIncome": "None", "interestExpense": "12271000", "nonInterestIncome": "-2477000", "otherNonOperatingIncome": "-934000", "depreciation": "42827000", "depreciationAndAmortization": "177200000", "incomeBeforeTax": "-40268000", "incomeTaxExpense": "-9644000", "interestAndDebtExpense": "12271000", "netIncomeFromContinuingOperations": "234377000", "comprehensiveIncomeNetOfTax": "-29905000", "ebit": "-27997000", "ebitda": "106703000", "netIncome": "-30624000"}, {"fiscalDateEnding": "2017-03-31", "reportedCurrency": "USD", "grossProfit": "231596000", "totalRevenue": "691464000", "costOfRevenue": "3100000", "costofGoodsAndServicesSold": "411396000", "operatingIncome": "-24456000", "sellingGeneralAndAdministrative": "132738000", "researchAndDevelopment": "115670000", "operatingExpenses": "256052000", "investmentIncomeNet": "509000", "netInterestIncome": "-13674000", "interestIncome": "-574000", "interestExpense": "13100000", "nonInterestIncome": "3303000", "otherNonOperatingIncome": "333000", "depreciation": "56539000", "depreciationAndAmortization": "133552000", "incomeBeforeTax": "-37292000", "incomeTaxExpense": "-93200000", "interestAndDebtExpense": "13674000", "netIncomeFromContinuingOperations": "321696000", "comprehensiveIncomeNetOfTax": "55156000", "ebit": "-24192000", "ebitda": "109360000", "netIncome": "55908000"}, {"fiscalDateEnding": "2016-12-31", "reportedCurrency": "USD", "grossProfit": "310642000", "totalRevenue": "811883000", "costOfRevenue": "768377000", "costofGoodsAndServicesSold": "515705000", "operatingIncome": "61381000", "sellingGeneralAndAdministrative": "130672000", "researchAndDevelopment": "111951000", "operatingExpenses": "249261000", "investmentIncomeNet": "233000", "netInterestIncome": "-14464000", "interestIncome": "None", "interestExpense": "14464000", "nonInterestIncome": "-2139000", "otherNonOperatingIncome": "-2609000", "depreciation": "56109000", "depreciationAndAmortization": "122000000", "incomeBeforeTax": "44562000", "incomeTaxExpense": "123200000", "interestAndDebtExpense": "14464000", "netIncomeFromContinuingOperations": "-78638000", "comprehensiveIncomeNetOfTax": "-78462000", "ebit": "59026000", "ebitda": "181026000", "netIncome": "-78638000"}]}