{"symbol": "RCL", "annualReports": [{"fiscalDateEnding": "2020-12-31", "reportedCurrency": "USD", "grossProfit": "-5605312000", "totalRevenue": "1037506000", "costOfRevenue": "6642818000", "costofGoodsAndServicesSold": "2765108000", "operatingIncome": "-4601557000", "sellingGeneralAndAdministrative": "1199620000", "researchAndDevelopment": "None", "operatingExpenses": "3759626000", "investmentIncomeNet": "None", "netInterestIncome": "-823202000", "interestIncome": "21036000", "interestExpense": "844238000", "nonInterestIncome": "2047836000", "otherNonOperatingIncome": "-137085000", "depreciation": "None", "depreciationAndAmortization": "1279254000", "incomeBeforeTax": "-5806253000", "incomeTaxExpense": "-8791000", "interestAndDebtExpense": "885347000", "netIncomeFromContinuingOperations": "-5979625000", "comprehensiveIncomeNetOfTax": "-5739090000", "ebit": "-4601557000", "ebitda": "-3682761000", "netIncome": "-5797462000"}, {"fiscalDateEnding": "2019-12-31", "reportedCurrency": "USD", "grossProfit": "1684638000", "totalRevenue": "10564598000", "costOfRevenue": "8879960000", "costofGoodsAndServicesSold": "6062765000", "operatingIncome": "2082701000", "sellingGeneralAndAdministrative": "1559253000", "researchAndDevelopment": "None", "operatingExpenses": "2817195000", "investmentIncomeNet": "None", "netInterestIncome": "-381568000", "interestIncome": "26945000", "interestExpense": "408513000", "nonInterestIncome": "10946166000", "otherNonOperatingIncome": "-24513000", "depreciation": "None", "depreciationAndAmortization": "1245942000", "incomeBeforeTax": "1886632000", "incomeTaxExpense": "7745000", "interestAndDebtExpense": "414839000", "netIncomeFromContinuingOperations": "2130835000", "comprehensiveIncomeNetOfTax": "1708908000", "ebit": "2082701000", "ebitda": "3541087000", "netIncome": "1878887000"}, {"fiscalDateEnding": "2018-12-31", "reportedCurrency": "USD", "grossProfit": "1592204000", "totalRevenue": "9493849000", "costOfRevenue": "7632699000", "costofGoodsAndServicesSold": "5262207000", "operatingIncome": "1894801000", "sellingGeneralAndAdministrative": "1303144000", "researchAndDevelopment": "None", "operatingExpenses": "2348698000", "investmentIncomeNet": "None", "netInterestIncome": "-300872000", "interestIncome": "32800000", "interestExpense": "333672000", "nonInterestIncome": "9525775000", "otherNonOperatingIncome": "11107000", "depreciation": "None", "depreciationAndAmortization": "1033697000", "incomeBeforeTax": "1808363000", "incomeTaxExpense": "-2679000", "interestAndDebtExpense": "333672000", "netIncomeFromContinuingOperations": "2029227000", "comprehensiveIncomeNetOfTax": "1517573000", "ebit": "1894801000", "ebitda": "3175732000", "netIncome": "1811042000"}, {"fiscalDateEnding": "2017-12-31", "reportedCurrency": "USD", "grossProfit": "3881266000", "totalRevenue": "8777845000", "costOfRevenue": "4896579000", "costofGoodsAndServicesSold": "4896579000", "operatingIncome": "1744056000", "sellingGeneralAndAdministrative": "1186016000", "researchAndDevelopment": "None", "operatingExpenses": "3117200000", "investmentIncomeNet": "None", "netInterestIncome": "-269881000", "interestIncome": "30101000", "interestExpense": "299982000", "nonInterestIncome": "16121000", "otherNonOperatingIncome": "-5289000", "depreciation": "None", "depreciationAndAmortization": "951194000", "incomeBeforeTax": "1626863000", "incomeTaxExpense": "1730000", "interestAndDebtExpense": "299982000", "netIncomeFromContinuingOperations": "1779650000", "comprehensiveIncomeNetOfTax": "2207352000", "ebit": "1744056000", "ebitda": "2878039000", "netIncome": "1625133000"}, {"fiscalDateEnding": "2016-12-31", "reportedCurrency": "USD", "grossProfit": "3480862000", "totalRevenue": "8496401000", "costOfRevenue": "5015539000", "costofGoodsAndServicesSold": "5015539000", "operatingIncome": "1477205000", "sellingGeneralAndAdministrative": "1108742000", "researchAndDevelopment": "None", "operatingExpenses": "3085269000", "investmentIncomeNet": "None", "netInterestIncome": "-307370000", "interestIncome": "20856000", "interestExpense": "307370000", "nonInterestIncome": "-12229000", "otherNonOperatingIncome": "-35653000", "depreciation": "None", "depreciationAndAmortization": "894915000", "incomeBeforeTax": "1285996000", "incomeTaxExpense": "2608000", "interestAndDebtExpense": "307370000", "netIncomeFromContinuingOperations": "1409130000", "comprehensiveIncomeNetOfTax": "1695337000", "ebit": "1477205000", "ebitda": "2488281000", "netIncome": "1283388000"}], "quarterlyReports": [{"fiscalDateEnding": "2021-09-30", "reportedCurrency": "USD", "grossProfit": "-1437595000", "totalRevenue": "25425000", "costOfRevenue": "1463020000", "costofGoodsAndServicesSold": "813691000", "operatingIncome": "-1005824000", "sellingGeneralAndAdministrative": "323422000", "researchAndDevelopment": "None", "operatingExpenses": "649329000", "investmentIncomeNet": "None", "netInterestIncome": "-426875000", "interestIncome": "3786000", "interestExpense": "430661000", "nonInterestIncome": "452300000", "otherNonOperatingIncome": "37230000", "depreciation": "None", "depreciationAndAmortization": "325907000", "incomeBeforeTax": "-1447499000", "incomeTaxExpense": "-22945000", "interestAndDebtExpense": "430661000", "netIncomeFromContinuingOperations": "-1453639000", "comprehensiveIncomeNetOfTax": "-1436423000", "ebit": "-1005824000", "ebitda": "-690931000", "netIncome": "-1424554000"}, {"fiscalDateEnding": "2021-06-30", "reportedCurrency": "USD", "grossProfit": "-1267549000", "totalRevenue": "50914000", "costOfRevenue": "1033827000", "costofGoodsAndServicesSold": "424830000", "operatingIncome": "-1023534000", "sellingGeneralAndAdministrative": "285558000", "researchAndDevelopment": "None", "operatingExpenses": "608997000", "investmentIncomeNet": "None", "netInterestIncome": "-300141000", "interestIncome": "4670000", "interestExpense": "304811000", "nonInterestIncome": "66419000", "otherNonOperatingIncome": "24508000", "depreciation": "None", "depreciationAndAmortization": "323439000", "incomeBeforeTax": "-1352149000", "incomeTaxExpense": "-4894000", "interestAndDebtExpense": "304811000", "netIncomeFromContinuingOperations": "-1395343000", "comprehensiveIncomeNetOfTax": "-1302356000", "ebit": "-1023534000", "ebitda": "-723899000", "netIncome": "-1347255000"}, {"fiscalDateEnding": "2021-03-31", "reportedCurrency": "USD", "grossProfit": "-1083586000", "totalRevenue": "42014000", "costOfRevenue": "856133000", "costofGoodsAndServicesSold": "283487000", "operatingIncome": "-809231000", "sellingGeneralAndAdministrative": "258041000", "researchAndDevelopment": "None", "operatingExpenses": "571675000", "investmentIncomeNet": "None", "netInterestIncome": "-267653000", "interestIncome": "4861000", "interestExpense": "272514000", "nonInterestIncome": "41171000", "otherNonOperatingIncome": "5033000", "depreciation": "None", "depreciationAndAmortization": "310166000", "incomeBeforeTax": "-1135278000", "incomeTaxExpense": "-3556000", "interestAndDebtExpense": "272514000", "netIncomeFromContinuingOperations": "-1188037000", "comprehensiveIncomeNetOfTax": "-1101235000", "ebit": "-809231000", "ebitda": "-552598000", "netIncome": "-1131722000"}, {"fiscalDateEnding": "2020-12-31", "reportedCurrency": "USD", "grossProfit": "34138000", "totalRevenue": "34138000", "costOfRevenue": "660057000", "costofGoodsAndServicesSold": "265260000", "operatingIncome": "-1016549000", "sellingGeneralAndAdministrative": "255533000", "researchAndDevelopment": "None", "operatingExpenses": "448999000", "investmentIncomeNet": "None", "netInterestIncome": "-267810000", "interestIncome": "5279000", "interestExpense": "273089000", "nonInterestIncome": "34138000", "otherNonOperatingIncome": "-9548000", "depreciation": "None", "depreciationAndAmortization": "318028000", "incomeBeforeTax": "-1371140000", "incomeTaxExpense": "-4205000", "interestAndDebtExpense": "273089000", "netIncomeFromContinuingOperations": "-1016549000", "comprehensiveIncomeNetOfTax": "-1237169000", "ebit": "-1016549000", "ebitda": "-780023000", "netIncome": "-1366935000"}, {"fiscalDateEnding": "2020-09-30", "reportedCurrency": "USD", "grossProfit": "-1288051000", "totalRevenue": "-33688000", "costOfRevenue": "991826000", "costofGoodsAndServicesSold": "308609000", "operatingIncome": "-996114000", "sellingGeneralAndAdministrative": "246779000", "researchAndDevelopment": "None", "operatingExpenses": "683217000", "investmentIncomeNet": "None", "netInterestIncome": "-254332000", "interestIncome": "5017000", "interestExpense": "259349000", "nonInterestIncome": "-41893000", "otherNonOperatingIncome": "-10853000", "depreciation": "None", "depreciationAndAmortization": "317139000", "incomeBeforeTax": "-1348676000", "incomeTaxExpense": "-1920000", "interestAndDebtExpense": "259349000", "netIncomeFromContinuingOperations": "-1417325000", "comprehensiveIncomeNetOfTax": "-1264636000", "ebit": "-996114000", "ebitda": "-772188000", "netIncome": "-1346756000"}, {"fiscalDateEnding": "2020-06-30", "reportedCurrency": "USD", "grossProfit": "-1709022000", "totalRevenue": "94005000", "costOfRevenue": "1560695000", "costofGoodsAndServicesSold": "680420000", "operatingIncome": "-1282487000", "sellingGeneralAndAdministrative": "301418000", "researchAndDevelopment": "None", "operatingExpenses": "806975000", "investmentIncomeNet": "None", "netInterestIncome": "-213683000", "interestIncome": "5206000", "interestExpense": "218889000", "nonInterestIncome": "138656000", "otherNonOperatingIncome": "-83825000", "depreciation": "None", "depreciationAndAmortization": "319757000", "incomeBeforeTax": "-1642211000", "incomeTaxExpense": "-2919000", "interestAndDebtExpense": "259189000", "netIncomeFromContinuingOperations": "-1683701000", "comprehensiveIncomeNetOfTax": "-1494902000", "ebit": "-1282487000", "ebitda": "-1103565000", "netIncome": "-1639292000"}, {"fiscalDateEnding": "2020-03-31", "reportedCurrency": "USD", "grossProfit": "-1519166000", "totalRevenue": "1825491000", "costOfRevenue": "3344657000", "costofGoodsAndServicesSold": "1510819000", "operatingIncome": "-1306407000", "sellingGeneralAndAdministrative": "395890000", "researchAndDevelopment": "None", "operatingExpenses": "1833838000", "investmentIncomeNet": "None", "netInterestIncome": "-87377000", "interestIncome": "5534000", "interestExpense": "92911000", "nonInterestIncome": "1912868000", "otherNonOperatingIncome": "-32859000", "depreciation": "None", "depreciationAndAmortization": "324330000", "incomeBeforeTax": "-1444226000", "incomeTaxExpense": "253000", "interestAndDebtExpense": "92911000", "netIncomeFromContinuingOperations": "-1447680000", "comprehensiveIncomeNetOfTax": "-1742383000", "ebit": "-1306407000", "ebitda": "-1026985000", "netIncome": "-1444479000"}, {"fiscalDateEnding": "2019-12-31", "reportedCurrency": "USD", "grossProfit": "2517413000", "totalRevenue": "2517413000", "costOfRevenue": "2229988000", "costofGoodsAndServicesSold": "1481519000", "operatingIncome": "299425000", "sellingGeneralAndAdministrative": "414707000", "researchAndDevelopment": "None", "operatingExpenses": "748469000", "investmentIncomeNet": "None", "netInterestIncome": "-89562000", "interestIncome": "5194000", "interestExpense": "94756000", "nonInterestIncome": "2517413000", "otherNonOperatingIncome": "10024000", "depreciation": "None", "depreciationAndAmortization": "321762000", "incomeBeforeTax": "276217000", "incomeTaxExpense": "3081000", "interestAndDebtExpense": "94756000", "netIncomeFromContinuingOperations": "299425000", "comprehensiveIncomeNetOfTax": "421786000", "ebit": "299425000", "ebitda": "692735000", "netIncome": "273136000"}, {"fiscalDateEnding": "2019-09-30", "reportedCurrency": "USD", "grossProfit": "769439000", "totalRevenue": "3065497000", "costOfRevenue": "2296058000", "costofGoodsAndServicesSold": "1623038000", "operatingIncome": "890792000", "sellingGeneralAndAdministrative": "352725000", "researchAndDevelopment": "None", "operatingExpenses": "673020000", "investmentIncomeNet": "None", "netInterestIncome": "-96413000", "interestIncome": "5625000", "interestExpense": "102038000", "nonInterestIncome": "3161910000", "otherNonOperatingIncome": "-7668000", "depreciation": "None", "depreciationAndAmortization": "320295000", "incomeBeforeTax": "884110000", "incomeTaxExpense": "870000", "interestAndDebtExpense": "102038000", "netIncomeFromContinuingOperations": "994019000", "comprehensiveIncomeNetOfTax": "590050000", "ebit": "890792000", "ebitda": "1306443000", "netIncome": "883240000"}, {"fiscalDateEnding": "2019-06-30", "reportedCurrency": "USD", "grossProfit": "464624000", "totalRevenue": "2697602000", "costOfRevenue": "2232978000", "costofGoodsAndServicesSold": "1544504000", "operatingIncome": "573653000", "sellingGeneralAndAdministrative": "376874000", "researchAndDevelopment": "None", "operatingExpenses": "688474000", "investmentIncomeNet": "None", "netInterestIncome": "-104962000", "interestIncome": "6342000", "interestExpense": "111304000", "nonInterestIncome": "2802564000", "otherNonOperatingIncome": "-21781000", "depreciation": "None", "depreciationAndAmortization": "311600000", "incomeBeforeTax": "473641000", "incomeTaxExpense": "811000", "interestAndDebtExpense": "111304000", "netIncomeFromContinuingOperations": "513000000", "comprehensiveIncomeNetOfTax": "398637000", "ebit": "573653000", "ebitda": "896545000", "netIncome": "472830000"}, {"fiscalDateEnding": "2019-03-31", "reportedCurrency": "USD", "grossProfit": "232980000", "totalRevenue": "2353916000", "costOfRevenue": "2120936000", "costofGoodsAndServicesSold": "1413704000", "operatingIncome": "318831000", "sellingGeneralAndAdministrative": "414947000", "researchAndDevelopment": "None", "operatingExpenses": "707232000", "investmentIncomeNet": "None", "netInterestIncome": "-90631000", "interestIncome": "9784000", "interestExpense": "100415000", "nonInterestIncome": "2444547000", "otherNonOperatingIncome": "-5088000", "depreciation": "None", "depreciationAndAmortization": "292285000", "incomeBeforeTax": "252664000", "incomeTaxExpense": "2983000", "interestAndDebtExpense": "100415000", "netIncomeFromContinuingOperations": "287517000", "comprehensiveIncomeNetOfTax": "298435000", "ebit": "318831000", "ebitda": "645364000", "netIncome": "249681000"}, {"fiscalDateEnding": "2018-12-31", "reportedCurrency": "USD", "grossProfit": "2332301000", "totalRevenue": "2332301000", "costOfRevenue": "1968274000", "costofGoodsAndServicesSold": "1360413000", "operatingIncome": "364027000", "sellingGeneralAndAdministrative": "327693000", "researchAndDevelopment": "None", "operatingExpenses": "607861000", "investmentIncomeNet": "None", "netInterestIncome": "-91282000", "interestIncome": "6138000", "interestExpense": "97420000", "nonInterestIncome": "2332301000", "otherNonOperatingIncome": "5184000", "depreciation": "None", "depreciationAndAmortization": "280168000", "incomeBeforeTax": "315950000", "incomeTaxExpense": "247000", "interestAndDebtExpense": "97420000", "netIncomeFromContinuingOperations": "364027000", "comprehensiveIncomeNetOfTax": "-81451000", "ebit": "364027000", "ebitda": "693538000", "netIncome": "315703000"}, {"fiscalDateEnding": "2018-09-30", "reportedCurrency": "USD", "grossProfit": "707407000", "totalRevenue": "2796187000", "costOfRevenue": "1996454000", "costofGoodsAndServicesSold": "1411364000", "operatingIncome": "799733000", "sellingGeneralAndAdministrative": "325167000", "researchAndDevelopment": "None", "operatingExpenses": "585090000", "investmentIncomeNet": "None", "netInterestIncome": "-80679000", "interestIncome": "5831000", "interestExpense": "86510000", "nonInterestIncome": "2784540000", "otherNonOperatingIncome": "-3832000", "depreciation": "None", "depreciationAndAmortization": "259923000", "incomeBeforeTax": "808358000", "incomeTaxExpense": "-2033000", "interestAndDebtExpense": "86510000", "netIncomeFromContinuingOperations": "905560000", "comprehensiveIncomeNetOfTax": "845011000", "ebit": "799733000", "ebitda": "1154791000", "netIncome": "810391000"}, {"fiscalDateEnding": "2018-06-30", "reportedCurrency": "USD", "grossProfit": "350567000", "totalRevenue": "2337605000", "costOfRevenue": "1880710000", "costofGoodsAndServicesSold": "1314411000", "operatingIncome": "456895000", "sellingGeneralAndAdministrative": "312923000", "researchAndDevelopment": "None", "operatingExpenses": "566299000", "investmentIncomeNet": "None", "netInterestIncome": "-68766000", "interestIncome": "13098000", "interestExpense": "81864000", "nonInterestIncome": "2300043000", "otherNonOperatingIncome": "33855000", "depreciation": "None", "depreciationAndAmortization": "253376000", "incomeBeforeTax": "466906000", "incomeTaxExpense": "611000", "interestAndDebtExpense": "81864000", "netIncomeFromContinuingOperations": "510606000", "comprehensiveIncomeNetOfTax": "383910000", "ebit": "456895000", "ebitda": "802146000", "netIncome": "466295000"}, {"fiscalDateEnding": "2018-03-31", "reportedCurrency": "USD", "grossProfit": "851737000", "totalRevenue": "2027756000", "costOfRevenue": "1176019000", "costofGoodsAndServicesSold": "1176019000", "operatingIncome": "274146000", "sellingGeneralAndAdministrative": "337361000", "researchAndDevelopment": "None", "operatingExpenses": "879668000", "investmentIncomeNet": "None", "netInterestIncome": "-60145000", "interestIncome": "7733000", "interestExpense": "67878000", "nonInterestIncome": "2035566000", "otherNonOperatingIncome": "-24100000", "depreciation": "None", "depreciationAndAmortization": "240230000", "incomeBeforeTax": "217149000", "incomeTaxExpense": "-1504000", "interestAndDebtExpense": "67878000", "netIncomeFromContinuingOperations": "248909000", "comprehensiveIncomeNetOfTax": "370103000", "ebit": "274146000", "ebitda": "525257000", "netIncome": "218653000"}, {"fiscalDateEnding": "2017-12-31", "reportedCurrency": "USD", "grossProfit": "858766000", "totalRevenue": "2004467000", "costOfRevenue": "1145701000", "costofGoodsAndServicesSold": "1145701000", "operatingIncome": "307349000", "sellingGeneralAndAdministrative": "311059000", "researchAndDevelopment": "None", "operatingExpenses": "782052000", "investmentIncomeNet": "None", "netInterestIncome": "-56455000", "interestIncome": "13345000", "interestExpense": "69800000", "nonInterestIncome": "-71617000", "otherNonOperatingIncome": "1257000", "depreciation": "None", "depreciationAndAmortization": "240358000", "incomeBeforeTax": "289253000", "incomeTaxExpense": "1214000", "interestAndDebtExpense": "69800000", "netIncomeFromContinuingOperations": "307349000", "comprehensiveIncomeNetOfTax": "480668000", "ebit": "307349000", "ebitda": "599411000", "netIncome": "288039000"}, {"fiscalDateEnding": "2017-09-30", "reportedCurrency": "USD", "grossProfit": "1251275000", "totalRevenue": "2569544000", "costOfRevenue": "1318269000", "costofGoodsAndServicesSold": "1318269000", "operatingIncome": "737488000", "sellingGeneralAndAdministrative": "273637000", "researchAndDevelopment": "None", "operatingExpenses": "767679000", "investmentIncomeNet": "None", "netInterestIncome": "-68540000", "interestIncome": "4693000", "interestExpense": "73233000", "nonInterestIncome": "2591320000", "otherNonOperatingIncome": "-1226000", "depreciation": "None", "depreciationAndAmortization": "240150000", "incomeBeforeTax": "752274000", "incomeTaxExpense": "-568000", "interestAndDebtExpense": "73233000", "netIncomeFromContinuingOperations": "837962000", "comprehensiveIncomeNetOfTax": "986986000", "ebit": "737488000", "ebitda": "1065657000", "netIncome": "752842000"}, {"fiscalDateEnding": "2017-06-30", "reportedCurrency": "USD", "grossProfit": "938489000", "totalRevenue": "2195274000", "costOfRevenue": "1256785000", "costofGoodsAndServicesSold": "1256785000", "operatingIncome": "419697000", "sellingGeneralAndAdministrative": "283855000", "researchAndDevelopment": "None", "operatingExpenses": "799935000", "investmentIncomeNet": "None", "netInterestIncome": "-70821000", "interestIncome": "5811000", "interestExpense": "76632000", "nonInterestIncome": "2216510000", "otherNonOperatingIncome": "-2709000", "depreciation": "None", "depreciationAndAmortization": "234937000", "incomeBeforeTax": "370000000", "incomeTaxExpense": "474000", "interestAndDebtExpense": "76632000", "netIncomeFromContinuingOperations": "392885000", "comprehensiveIncomeNetOfTax": "500810000", "ebit": "419697000", "ebitda": "681569000", "netIncome": "369526000"}, {"fiscalDateEnding": "2017-03-31", "reportedCurrency": "USD", "grossProfit": "832736000", "totalRevenue": "2008560000", "costOfRevenue": "1175824000", "costofGoodsAndServicesSold": "1175824000", "operatingIncome": "279522000", "sellingGeneralAndAdministrative": "317465000", "researchAndDevelopment": "None", "operatingExpenses": "767534000", "investmentIncomeNet": "None", "netInterestIncome": "-269881000", "interestIncome": "-189564000", "interestExpense": "80317000", "nonInterestIncome": "44714000", "otherNonOperatingIncome": "-5289000", "depreciation": "None", "depreciationAndAmortization": "951194000", "incomeBeforeTax": "215336000", "incomeTaxExpense": "610000", "interestAndDebtExpense": "80317000", "netIncomeFromContinuingOperations": "225996000", "comprehensiveIncomeNetOfTax": "238888000", "ebit": "279522000", "ebitda": "1246847000", "netIncome": "214726000"}, {"fiscalDateEnding": "2016-12-31", "reportedCurrency": "USD", "grossProfit": "786352000", "totalRevenue": "1909603000", "costOfRevenue": "1123251000", "costofGoodsAndServicesSold": "3440542000", "operatingIncome": "296842000", "sellingGeneralAndAdministrative": "256307000", "researchAndDevelopment": "None", "operatingExpenses": "713961000", "investmentIncomeNet": "None", "netInterestIncome": "-80567000", "interestIncome": "None", "interestExpense": "80567000", "nonInterestIncome": "-5876000", "otherNonOperatingIncome": "5312000", "depreciation": "None", "depreciationAndAmortization": "233203000", "incomeBeforeTax": "262093000", "incomeTaxExpense": "1007000", "interestAndDebtExpense": "80567000", "netIncomeFromContinuingOperations": "296842000", "comprehensiveIncomeNetOfTax": "422136000", "ebit": "296842000", "ebitda": "575863000", "netIncome": "261086000"}]}