{"symbol": "REGN", "annualReports": [{"fiscalDateEnding": "2020-12-31", "reportedCurrency": "USD", "grossProfit": "7040600000", "totalRevenue": "8440200000", "costOfRevenue": "1399600000", "costofGoodsAndServicesSold": "39200000", "operatingIncome": "3576600000", "sellingGeneralAndAdministrative": "1346000000", "researchAndDevelopment": "2735000000", "operatingExpenses": "4095400000", "investmentIncomeNet": "None", "netInterestIncome": "-56900000", "interestIncome": "None", "interestExpense": "56900000", "nonInterestIncome": "8497100000", "otherNonOperatingIncome": "290700000", "depreciation": "None", "depreciationAndAmortization": "14400000", "incomeBeforeTax": "3810400000", "incomeTaxExpense": "297200000", "interestAndDebtExpense": "56900000", "netIncomeFromContinuingOperations": "3513200000", "comprehensiveIncomeNetOfTax": "3521400000", "ebit": "3867300000", "ebitda": "3881700000", "netIncome": "3513200000"}, {"fiscalDateEnding": "2019-12-31", "reportedCurrency": "USD", "grossProfit": "5910200000", "totalRevenue": "7833200000", "costOfRevenue": "1923000000", "costofGoodsAndServicesSold": "402800000", "operatingIncome": "2209800000", "sellingGeneralAndAdministrative": "1341900000", "researchAndDevelopment": "2450000000", "operatingExpenses": "4885800000", "investmentIncomeNet": "None", "netInterestIncome": "-30200000", "interestIncome": "88100000", "interestExpense": "30200000", "nonInterestIncome": "7863400000", "otherNonOperatingIncome": "249500000", "depreciation": "None", "depreciationAndAmortization": "14400000", "incomeBeforeTax": "2429100000", "incomeTaxExpense": "313300000", "interestAndDebtExpense": "30200000", "netIncomeFromContinuingOperations": "2115800000", "comprehensiveIncomeNetOfTax": "2149200000", "ebit": "2459300000", "ebitda": "2473700000", "netIncome": "2115800000"}, {"fiscalDateEnding": "2018-12-31", "reportedCurrency": "USD", "grossProfit": "5126400000", "totalRevenue": "6682600000", "costOfRevenue": "1556200000", "costofGoodsAndServicesSold": "237500000", "operatingIncome": "2534400000", "sellingGeneralAndAdministrative": "1127200000", "researchAndDevelopment": "1468800000", "operatingExpenses": "3742300000", "investmentIncomeNet": "None", "netInterestIncome": "-28200000", "interestIncome": "13700000", "interestExpense": "28200000", "nonInterestIncome": "6710800000", "otherNonOperatingIncome": "47300000", "depreciation": "None", "depreciationAndAmortization": "148200000", "incomeBeforeTax": "2553500000", "incomeTaxExpense": "109100000", "interestAndDebtExpense": "28200000", "netIncomeFromContinuingOperations": "2444400000", "comprehensiveIncomeNetOfTax": "2438100000", "ebit": "2581700000", "ebitda": "2729900000", "netIncome": "2444400000"}, {"fiscalDateEnding": "2017-12-31", "reportedCurrency": "USD", "grossProfit": "4349287000", "totalRevenue": "5872227000", "costOfRevenue": "1522940000", "costofGoodsAndServicesSold": "202507000", "operatingIncome": "2079600000", "sellingGeneralAndAdministrative": "1320400000", "researchAndDevelopment": "2075100000", "operatingExpenses": "3395575000", "investmentIncomeNet": "None", "netInterestIncome": "-25100000", "interestIncome": "-25119000", "interestExpense": "25100000", "nonInterestIncome": "5842100000", "otherNonOperatingIncome": "24000000", "depreciation": "142200000", "depreciationAndAmortization": "145467000", "incomeBeforeTax": "2078500000", "incomeTaxExpense": "880000000", "interestAndDebtExpense": "55200000", "netIncomeFromContinuingOperations": "1198511000", "comprehensiveIncomeNetOfTax": "1212000000", "ebit": "2103600000", "ebitda": "2249097000", "netIncome": "1198500000"}, {"fiscalDateEnding": "2016-12-31", "reportedCurrency": "USD", "grossProfit": "3474106000", "totalRevenue": "4860427000", "costOfRevenue": "1386321000", "costofGoodsAndServicesSold": "208624000", "operatingIncome": "1330700000", "sellingGeneralAndAdministrative": "1177700000", "researchAndDevelopment": "2052300000", "operatingExpenses": "3229992000", "investmentIncomeNet": "None", "netInterestIncome": "-7200000", "interestIncome": "-7195000", "interestExpense": "7200000", "nonInterestIncome": "4860400000", "otherNonOperatingIncome": "6300000", "depreciation": "104700000", "depreciationAndAmortization": "104745000", "incomeBeforeTax": "1329800000", "incomeTaxExpense": "434300000", "interestAndDebtExpense": "7200000", "netIncomeFromContinuingOperations": "895522000", "comprehensiveIncomeNetOfTax": "874100000", "ebit": "1337000000", "ebitda": "1441755000", "netIncome": "895500000"}], "quarterlyReports": [{"fiscalDateEnding": "2021-09-30", "reportedCurrency": "USD", "grossProfit": "2954900000", "totalRevenue": "3438600000", "costOfRevenue": "483700000", "costofGoodsAndServicesSold": "38700000", "operatingIncome": "1847200000", "sellingGeneralAndAdministrative": "445000000", "researchAndDevelopment": "665400000", "operatingExpenses": "1110400000", "investmentIncomeNet": "None", "netInterestIncome": "-14200000", "interestIncome": "None", "interestExpense": "14200000", "nonInterestIncome": "3452800000", "otherNonOperatingIncome": "-16400000", "depreciation": "None", "depreciationAndAmortization": "73200000", "incomeBeforeTax": "1816600000", "incomeTaxExpense": "184400000", "interestAndDebtExpense": "14200000", "netIncomeFromContinuingOperations": "1632200000", "comprehensiveIncomeNetOfTax": "1626000000", "ebit": "1830800000", "ebitda": "1904000000", "netIncome": "1632200000"}, {"fiscalDateEnding": "2021-06-30", "reportedCurrency": "USD", "grossProfit": "4569500000", "totalRevenue": "5124100000", "costOfRevenue": "554600000", "costofGoodsAndServicesSold": "139900000", "operatingIncome": "3347200000", "sellingGeneralAndAdministrative": "414700000", "researchAndDevelopment": "714200000", "operatingExpenses": "1128900000", "investmentIncomeNet": "None", "netInterestIncome": "-14400000", "interestIncome": "None", "interestExpense": "14400000", "nonInterestIncome": "5138500000", "otherNonOperatingIncome": "420000000", "depreciation": "None", "depreciationAndAmortization": "71100000", "incomeBeforeTax": "3752800000", "incomeTaxExpense": "653900000", "interestAndDebtExpense": "14400000", "netIncomeFromContinuingOperations": "3098900000", "comprehensiveIncomeNetOfTax": "3098400000", "ebit": "3767200000", "ebitda": "3838300000", "netIncome": "3098900000"}, {"fiscalDateEnding": "2021-03-31", "reportedCurrency": "USD", "grossProfit": "2108500000", "totalRevenue": "2514100000", "costOfRevenue": "405600000", "costofGoodsAndServicesSold": "9400000", "operatingIncome": "1112700000", "sellingGeneralAndAdministrative": "405600000", "researchAndDevelopment": "742900000", "operatingExpenses": "1148500000", "investmentIncomeNet": "None", "netInterestIncome": "-14600000", "interestIncome": "None", "interestExpense": "14600000", "nonInterestIncome": "2528700000", "otherNonOperatingIncome": "154900000", "depreciation": "None", "depreciationAndAmortization": "67400000", "incomeBeforeTax": "1253000000", "incomeTaxExpense": "137800000", "interestAndDebtExpense": "14600000", "netIncomeFromContinuingOperations": "1115200000", "comprehensiveIncomeNetOfTax": "1102100000", "ebit": "1267600000", "ebitda": "1335000000", "netIncome": "1115200000"}, {"fiscalDateEnding": "2020-12-31", "reportedCurrency": "USD", "grossProfit": "2422900000", "totalRevenue": "2422900000", "costOfRevenue": "357100000", "costofGoodsAndServicesSold": "15600000", "operatingIncome": "1167000000", "sellingGeneralAndAdministrative": "303500000", "researchAndDevelopment": "744500000", "operatingExpenses": "1062400000", "investmentIncomeNet": "None", "netInterestIncome": "-14800000", "interestIncome": "None", "interestExpense": "14800000", "nonInterestIncome": "2422900000", "otherNonOperatingIncome": "72400000", "depreciation": "None", "depreciationAndAmortization": "61700000", "incomeBeforeTax": "1224600000", "incomeTaxExpense": "75400000", "interestAndDebtExpense": "14800000", "netIncomeFromContinuingOperations": "2422900000", "comprehensiveIncomeNetOfTax": "1147700000", "ebit": "1239400000", "ebitda": "1301100000", "netIncome": "1149200000"}, {"fiscalDateEnding": "2020-09-30", "reportedCurrency": "USD", "grossProfit": "1940800000", "totalRevenue": "2267700000", "costOfRevenue": "326900000", "costofGoodsAndServicesSold": "11800000", "operatingIncome": "1053100000", "sellingGeneralAndAdministrative": "326900000", "researchAndDevelopment": "684600000", "operatingExpenses": "1011500000", "investmentIncomeNet": "None", "netInterestIncome": "-26300000", "interestIncome": "None", "interestExpense": "26300000", "nonInterestIncome": "2294000000", "otherNonOperatingIncome": "-28500000", "depreciation": "None", "depreciationAndAmortization": "59300000", "incomeBeforeTax": "998300000", "incomeTaxExpense": "156200000", "interestAndDebtExpense": "26300000", "netIncomeFromContinuingOperations": "842100000", "comprehensiveIncomeNetOfTax": "837400000", "ebit": "1024600000", "ebitda": "1083900000", "netIncome": "842100000"}, {"fiscalDateEnding": "2020-06-30", "reportedCurrency": "USD", "grossProfit": "1594000000", "totalRevenue": "1942300000", "costOfRevenue": "348300000", "costofGoodsAndServicesSold": "275500000", "operatingIncome": "656400000", "sellingGeneralAndAdministrative": "348300000", "researchAndDevelopment": "722000000", "operatingExpenses": "1070300000", "investmentIncomeNet": "None", "netInterestIncome": "-9700000", "interestIncome": "None", "interestExpense": "9700000", "nonInterestIncome": "1952000000", "otherNonOperatingIncome": "272200000", "depreciation": "None", "depreciationAndAmortization": "58800000", "incomeBeforeTax": "918900000", "incomeTaxExpense": "21600000", "interestAndDebtExpense": "9700000", "netIncomeFromContinuingOperations": "897300000", "comprehensiveIncomeNetOfTax": "941900000", "ebit": "928600000", "ebitda": "987400000", "netIncome": "897300000"}, {"fiscalDateEnding": "2020-03-31", "reportedCurrency": "USD", "grossProfit": "1454800000", "totalRevenue": "1822100000", "costOfRevenue": "367300000", "costofGoodsAndServicesSold": "217300000", "operatingIncome": "700100000", "sellingGeneralAndAdministrative": "367300000", "researchAndDevelopment": "583900000", "operatingExpenses": "951200000", "investmentIncomeNet": "None", "netInterestIncome": "-6100000", "interestIncome": "-62900000", "interestExpense": "6100000", "nonInterestIncome": "1828200000", "otherNonOperatingIncome": "-25400000", "depreciation": "None", "depreciationAndAmortization": "56100000", "incomeBeforeTax": "668600000", "incomeTaxExpense": "44000000", "interestAndDebtExpense": "6100000", "netIncomeFromContinuingOperations": "624600000", "comprehensiveIncomeNetOfTax": "594400000", "ebit": "674700000", "ebitda": "730800000", "netIncome": "624600000"}, {"fiscalDateEnding": "2019-12-31", "reportedCurrency": "USD", "grossProfit": "2169500000", "totalRevenue": "2169500000", "costOfRevenue": "664200000", "costofGoodsAndServicesSold": "223900000", "operatingIncome": "675700000", "sellingGeneralAndAdministrative": "451800000", "researchAndDevelopment": "552400000", "operatingExpenses": "1273500000", "investmentIncomeNet": "None", "netInterestIncome": "-6700000", "interestIncome": "53200000", "interestExpense": "6700000", "nonInterestIncome": "2169500000", "otherNonOperatingIncome": "220800000", "depreciation": "None", "depreciationAndAmortization": "3600000", "incomeBeforeTax": "889800000", "incomeTaxExpense": "97800000", "interestAndDebtExpense": "6700000", "netIncomeFromContinuingOperations": "2169500000", "comprehensiveIncomeNetOfTax": "796600000", "ebit": "896500000", "ebitda": "900100000", "netIncome": "792000000"}, {"fiscalDateEnding": "2019-09-30", "reportedCurrency": "USD", "grossProfit": "1617100000", "totalRevenue": "2040600000", "costOfRevenue": "423500000", "costofGoodsAndServicesSold": "226600000", "operatingIncome": "738500000", "sellingGeneralAndAdministrative": "304400000", "researchAndDevelopment": "526000000", "operatingExpenses": "1086900000", "investmentIncomeNet": "None", "netInterestIncome": "-7800000", "interestIncome": "7900000", "interestExpense": "7800000", "nonInterestIncome": "2048400000", "otherNonOperatingIncome": "37800000", "depreciation": "None", "depreciationAndAmortization": "3600000", "incomeBeforeTax": "768500000", "incomeTaxExpense": "98900000", "interestAndDebtExpense": "7800000", "netIncomeFromContinuingOperations": "669600000", "comprehensiveIncomeNetOfTax": "670300000", "ebit": "776300000", "ebitda": "779900000", "netIncome": "669600000"}, {"fiscalDateEnding": "2019-06-30", "reportedCurrency": "USD", "grossProfit": "1504700000", "totalRevenue": "1925700000", "costOfRevenue": "421000000", "costofGoodsAndServicesSold": "152500000", "operatingIncome": "315600000", "sellingGeneralAndAdministrative": "294600000", "researchAndDevelopment": "885500000", "operatingExpenses": "1469300000", "investmentIncomeNet": "None", "netInterestIncome": "-8000000", "interestIncome": "-124900000", "interestExpense": "8000000", "nonInterestIncome": "1933700000", "otherNonOperatingIncome": "-82900000", "depreciation": "None", "depreciationAndAmortization": "3700000", "incomeBeforeTax": "224700000", "incomeTaxExpense": "31600000", "interestAndDebtExpense": "8000000", "netIncomeFromContinuingOperations": "193100000", "comprehensiveIncomeNetOfTax": "206100000", "ebit": "232700000", "ebitda": "236400000", "netIncome": "193100000"}, {"fiscalDateEnding": "2019-03-31", "reportedCurrency": "USD", "grossProfit": "1293300000", "totalRevenue": "1704100000", "costOfRevenue": "410800000", "costofGoodsAndServicesSold": "179200000", "operatingIncome": "480000000", "sellingGeneralAndAdministrative": "291100000", "researchAndDevelopment": "486100000", "operatingExpenses": "1052600000", "investmentIncomeNet": "None", "netInterestIncome": "-7700000", "interestIncome": "35100000", "interestExpense": "7700000", "nonInterestIncome": "1711800000", "otherNonOperatingIncome": "73800000", "depreciation": "None", "depreciationAndAmortization": "3500000", "incomeBeforeTax": "546100000", "incomeTaxExpense": "85000000", "interestAndDebtExpense": "7700000", "netIncomeFromContinuingOperations": "461100000", "comprehensiveIncomeNetOfTax": "476200000", "ebit": "553800000", "ebitda": "557300000", "netIncome": "461100000"}, {"fiscalDateEnding": "2018-12-31", "reportedCurrency": "USD", "grossProfit": "1927800000", "totalRevenue": "1927800000", "costOfRevenue": "491314000", "costofGoodsAndServicesSold": "117172000", "operatingIncome": "718100000", "sellingGeneralAndAdministrative": "62300000", "researchAndDevelopment": "-116000000", "operatingExpenses": "1092567000", "investmentIncomeNet": "None", "netInterestIncome": "-7349000", "interestIncome": "51000", "interestExpense": "7400000", "nonInterestIncome": "1927800000", "otherNonOperatingIncome": "-34500000", "depreciation": "None", "depreciationAndAmortization": "42759000", "incomeBeforeTax": "676200000", "incomeTaxExpense": "-144200000", "interestAndDebtExpense": "7349000", "netIncomeFromContinuingOperations": "1927800000", "comprehensiveIncomeNetOfTax": "818600000", "ebit": "683600000", "ebitda": "726275000", "netIncome": "820400000"}, {"fiscalDateEnding": "2018-09-30", "reportedCurrency": "USD", "grossProfit": "1286770000", "totalRevenue": "1656002000", "costOfRevenue": "369232000", "costofGoodsAndServicesSold": "110369000", "operatingIncome": "626900000", "sellingGeneralAndAdministrative": "369200000", "researchAndDevelopment": "557000000", "operatingExpenses": "926204000", "investmentIncomeNet": "None", "netInterestIncome": "-7494000", "interestIncome": "-94000", "interestExpense": "7400000", "nonInterestIncome": "1663496000", "otherNonOperatingIncome": "16400000", "depreciation": "None", "depreciationAndAmortization": "35441000", "incomeBeforeTax": "635900000", "incomeTaxExpense": "41200000", "interestAndDebtExpense": "7494000", "netIncomeFromContinuingOperations": "594655000", "comprehensiveIncomeNetOfTax": "595700000", "ebit": "643300000", "ebitda": "678796000", "netIncome": "594700000"}, {"fiscalDateEnding": "2018-06-30", "reportedCurrency": "USD", "grossProfit": "1236220000", "totalRevenue": "1601104000", "costOfRevenue": "364884000", "costofGoodsAndServicesSold": "91661000", "operatingIncome": "622200000", "sellingGeneralAndAdministrative": "364800000", "researchAndDevelopment": "529300000", "operatingExpenses": "894173000", "investmentIncomeNet": "None", "netInterestIncome": "-6918000", "interestIncome": "-18000", "interestExpense": "6900000", "nonInterestIncome": "1608022000", "otherNonOperatingIncome": "40800000", "depreciation": "None", "depreciationAndAmortization": "33642000", "incomeBeforeTax": "656100000", "incomeTaxExpense": "104700000", "interestAndDebtExpense": "6918000", "netIncomeFromContinuingOperations": "551412000", "comprehensiveIncomeNetOfTax": "555400000", "ebit": "663000000", "ebitda": "696634000", "netIncome": "551400000"}, {"fiscalDateEnding": "2018-03-31", "reportedCurrency": "USD", "grossProfit": "1111472000", "totalRevenue": "1511485000", "costOfRevenue": "400013000", "costofGoodsAndServicesSold": "69243000", "operatingIncome": "567200000", "sellingGeneralAndAdministrative": "330800000", "researchAndDevelopment": "498600000", "operatingExpenses": "829356000", "investmentIncomeNet": "None", "netInterestIncome": "-6439000", "interestIncome": "-39000", "interestExpense": "6400000", "nonInterestIncome": "1511500000", "otherNonOperatingIncome": "24600000", "depreciation": "None", "depreciationAndAmortization": "36358000", "incomeBeforeTax": "585400000", "incomeTaxExpense": "107400000", "interestAndDebtExpense": "6439000", "netIncomeFromContinuingOperations": "477980000", "comprehensiveIncomeNetOfTax": "468300000", "ebit": "591800000", "ebitda": "628195000", "netIncome": "478000000"}, {"fiscalDateEnding": "2017-12-31", "reportedCurrency": "USD", "grossProfit": "1582447000", "totalRevenue": "1582447000", "costOfRevenue": "448146000", "costofGoodsAndServicesSold": "38233000", "operatingIncome": "538820000", "sellingGeneralAndAdministrative": "409880000", "researchAndDevelopment": "527941000", "operatingExpenses": "937896000", "investmentIncomeNet": "None", "netInterestIncome": "-6016000", "interestIncome": "None", "interestExpense": "6016000", "nonInterestIncome": "1582400000", "otherNonOperatingIncome": "21952000", "depreciation": "None", "depreciationAndAmortization": "34507000", "incomeBeforeTax": "554748000", "incomeTaxExpense": "381248000", "interestAndDebtExpense": "36116000", "netIncomeFromContinuingOperations": "1582447000", "comprehensiveIncomeNetOfTax": "150333000", "ebit": "560764000", "ebitda": "595309000", "netIncome": "173500000"}, {"fiscalDateEnding": "2017-09-30", "reportedCurrency": "USD", "grossProfit": "1142119000", "totalRevenue": "1500673000", "costOfRevenue": "358554000", "costofGoodsAndServicesSold": "51788000", "operatingIncome": "559926000", "sellingGeneralAndAdministrative": "306766000", "researchAndDevelopment": "529749000", "operatingExpenses": "836515000", "investmentIncomeNet": "None", "netInterestIncome": "-6182000", "interestIncome": "None", "interestExpense": "6182000", "nonInterestIncome": "1500673000", "otherNonOperatingIncome": "11861000", "depreciation": "None", "depreciationAndAmortization": "37719000", "incomeBeforeTax": "565588000", "incomeTaxExpense": "177288000", "interestAndDebtExpense": "6182000", "netIncomeFromContinuingOperations": "388317000", "comprehensiveIncomeNetOfTax": "409804000", "ebit": "571770000", "ebitda": "609506000", "netIncome": "388300000"}, {"fiscalDateEnding": "2017-06-30", "reportedCurrency": "USD", "grossProfit": "1118375000", "totalRevenue": "1470116000", "costOfRevenue": "351741000", "costofGoodsAndServicesSold": "44833000", "operatingIncome": "550312000", "sellingGeneralAndAdministrative": "306908000", "researchAndDevelopment": "509975000", "operatingExpenses": "816883000", "investmentIncomeNet": "None", "netInterestIncome": "-5401000", "interestIncome": "None", "interestExpense": "5401000", "nonInterestIncome": "1470116000", "otherNonOperatingIncome": "-19061000", "depreciation": "None", "depreciationAndAmortization": "35126000", "incomeBeforeTax": "525806000", "incomeTaxExpense": "138106000", "interestAndDebtExpense": "5401000", "netIncomeFromContinuingOperations": "387744000", "comprehensiveIncomeNetOfTax": "395976000", "ebit": "531207000", "ebitda": "566377000", "netIncome": "387700000"}, {"fiscalDateEnding": "2017-03-31", "reportedCurrency": "USD", "grossProfit": "954492000", "totalRevenue": "1318991000", "costOfRevenue": "364499000", "costofGoodsAndServicesSold": "67653000", "operatingIncome": "430542000", "sellingGeneralAndAdministrative": "296846000", "researchAndDevelopment": "507435000", "operatingExpenses": "804281000", "investmentIncomeNet": "None", "netInterestIncome": "-7501000", "interestIncome": "None", "interestExpense": "7501000", "nonInterestIncome": "1319000000", "otherNonOperatingIncome": "9248000", "depreciation": "None", "depreciationAndAmortization": "38115000", "incomeBeforeTax": "432258000", "incomeTaxExpense": "183358000", "interestAndDebtExpense": "7501000", "netIncomeFromContinuingOperations": "248931000", "comprehensiveIncomeNetOfTax": "255887000", "ebit": "439759000", "ebitda": "477905000", "netIncome": "248900000"}, {"fiscalDateEnding": "2016-12-31", "reportedCurrency": "USD", "grossProfit": "1226827000", "totalRevenue": "1226827000", "costOfRevenue": "373171000", "costofGoodsAndServicesSold": "47234000", "operatingIncome": "346962000", "sellingGeneralAndAdministrative": "325940000", "researchAndDevelopment": "479211000", "operatingExpenses": "805143000", "investmentIncomeNet": "None", "netInterestIncome": "None", "interestIncome": "None", "interestExpense": "3394000", "nonInterestIncome": "None", "otherNonOperatingIncome": "-2637000", "depreciation": "None", "depreciationAndAmortization": "28900000", "incomeBeforeTax": "341534000", "incomeTaxExpense": "88419000", "interestAndDebtExpense": "None", "netIncomeFromContinuingOperations": "1226827000", "comprehensiveIncomeNetOfTax": "243164000", "ebit": "346962000", "ebitda": "373821000", "netIncome": "253115000"}]}