{"symbol": "RL", "annualReports": [{"fiscalDateEnding": "2021-03-31", "reportedCurrency": "USD", "grossProfit": "2861400000", "totalRevenue": "4400800000", "costOfRevenue": "1539400000", "costofGoodsAndServicesSold": "1539400000", "operatingIncome": "-43600000", "sellingGeneralAndAdministrative": "2638500000", "researchAndDevelopment": "None", "operatingExpenses": "2905000000", "investmentIncomeNet": "None", "netInterestIncome": "-48500000", "interestIncome": "9700000", "interestExpense": "48500000", "nonInterestIncome": "8700000", "otherNonOperatingIncome": "7600000", "depreciation": "227400000", "depreciationAndAmortization": "20200000", "incomeBeforeTax": "-74800000", "incomeTaxExpense": "46300000", "interestAndDebtExpense": "48500000", "netIncomeFromContinuingOperations": "-121100000", "comprehensiveIncomeNetOfTax": "-123700000", "ebit": "-26300000", "ebitda": "-6100000", "netIncome": "-121100000"}, {"fiscalDateEnding": "2020-03-31", "reportedCurrency": "USD", "grossProfit": "3653300000", "totalRevenue": "6159800000", "costOfRevenue": "2506500000", "costofGoodsAndServicesSold": "2504300000", "operatingIncome": "317000000", "sellingGeneralAndAdministrative": "3237500000", "researchAndDevelopment": "None", "operatingExpenses": "3336300000", "investmentIncomeNet": "None", "netInterestIncome": "-17600000", "interestIncome": "34400000", "interestExpense": "17600000", "nonInterestIncome": "-1100000", "otherNonOperatingIncome": "-7400000", "depreciation": "246600000", "depreciationAndAmortization": "22900000", "incomeBeforeTax": "326400000", "incomeTaxExpense": "-57900000", "interestAndDebtExpense": "17600000", "netIncomeFromContinuingOperations": "384300000", "comprehensiveIncomeNetOfTax": "369500000", "ebit": "344000000", "ebitda": "366900000", "netIncome": "384300000"}, {"fiscalDateEnding": "2019-03-31", "reportedCurrency": "USD", "grossProfit": "3886000000", "totalRevenue": "6313000000", "costOfRevenue": "2427000000", "costofGoodsAndServicesSold": "2419800000", "operatingIncome": "561800000", "sellingGeneralAndAdministrative": "3168300000", "researchAndDevelopment": "None", "operatingExpenses": "3324200000", "investmentIncomeNet": "None", "netInterestIncome": "-20700000", "interestIncome": "40800000", "interestExpense": "20700000", "nonInterestIncome": "-14400000", "otherNonOperatingIncome": "600000", "depreciation": "257800000", "depreciationAndAmortization": "23500000", "incomeBeforeTax": "582500000", "incomeTaxExpense": "151600000", "interestAndDebtExpense": "20700000", "netIncomeFromContinuingOperations": "430900000", "comprehensiveIncomeNetOfTax": "426000000", "ebit": "603200000", "ebitda": "626700000", "netIncome": "430900000"}, {"fiscalDateEnding": "2018-03-31", "reportedCurrency": "USD", "grossProfit": "3751700000", "totalRevenue": "6182300000", "costOfRevenue": "2430600000", "costofGoodsAndServicesSold": "2430600000", "operatingIncome": "498200000", "sellingGeneralAndAdministrative": "3095500000", "researchAndDevelopment": "None", "operatingExpenses": "3253500000", "investmentIncomeNet": "None", "netInterestIncome": "-18200000", "interestIncome": "12300000", "interestExpense": "18200000", "nonInterestIncome": "4500000", "otherNonOperatingIncome": "-3100000", "depreciation": "271200000", "depreciationAndAmortization": "24000000", "incomeBeforeTax": "489200000", "incomeTaxExpense": "326400000", "interestAndDebtExpense": "18200000", "netIncomeFromContinuingOperations": "162800000", "comprehensiveIncomeNetOfTax": "262700000", "ebit": "507400000", "ebitda": "531400000", "netIncome": "162800000"}, {"fiscalDateEnding": "2017-03-31", "reportedCurrency": "USD", "grossProfit": "3651100000", "totalRevenue": "6652800000", "costOfRevenue": "3001700000", "costofGoodsAndServicesSold": "3001700000", "operatingIncome": "-92300000", "sellingGeneralAndAdministrative": "3171000000", "researchAndDevelopment": "None", "operatingExpenses": "3743400000", "investmentIncomeNet": "None", "netInterestIncome": "-12400000", "interestIncome": "6400000", "interestExpense": "12400000", "nonInterestIncome": "1100000", "otherNonOperatingIncome": "-7500000", "depreciation": "283400000", "depreciationAndAmortization": "24100000", "incomeBeforeTax": "-104900000", "incomeTaxExpense": "-5600000", "interestAndDebtExpense": "12400000", "netIncomeFromContinuingOperations": "-99300000", "comprehensiveIncomeNetOfTax": "-116200000", "ebit": "-92500000", "ebitda": "-68400000", "netIncome": "-99300000"}], "quarterlyReports": [{"fiscalDateEnding": "2021-09-30", "reportedCurrency": "USD", "grossProfit": "1015200000", "totalRevenue": "1504100000", "costOfRevenue": "488900000", "costofGoodsAndServicesSold": "488900000", "operatingIncome": "251900000", "sellingGeneralAndAdministrative": "754900000", "researchAndDevelopment": "None", "operatingExpenses": "763300000", "investmentIncomeNet": "None", "netInterestIncome": "-13600000", "interestIncome": "-12400000", "interestExpense": "13600000", "nonInterestIncome": "None", "otherNonOperatingIncome": "-1400000", "depreciation": "51500000", "depreciationAndAmortization": "55900000", "incomeBeforeTax": "238100000", "incomeTaxExpense": "44800000", "interestAndDebtExpense": "13600000", "netIncomeFromContinuingOperations": "193300000", "comprehensiveIncomeNetOfTax": "184600000", "ebit": "251700000", "ebitda": "307600000", "netIncome": "193300000"}, {"fiscalDateEnding": "2021-06-30", "reportedCurrency": "USD", "grossProfit": "968100000", "totalRevenue": "1376300000", "costOfRevenue": "408200000", "costofGoodsAndServicesSold": "408200000", "operatingIncome": "220600000", "sellingGeneralAndAdministrative": "728200000", "researchAndDevelopment": "None", "operatingExpenses": "747500000", "investmentIncomeNet": "None", "netInterestIncome": "-13300000", "interestIncome": "1800000", "interestExpense": "13300000", "nonInterestIncome": "None", "otherNonOperatingIncome": "900000", "depreciation": "52700000", "depreciationAndAmortization": "57200000", "incomeBeforeTax": "210000000", "incomeTaxExpense": "45300000", "interestAndDebtExpense": "13300000", "netIncomeFromContinuingOperations": "164700000", "comprehensiveIncomeNetOfTax": "174200000", "ebit": "223300000", "ebitda": "280500000", "netIncome": "164700000"}, {"fiscalDateEnding": "2021-03-31", "reportedCurrency": "USD", "grossProfit": "782900000", "totalRevenue": "1287000000", "costOfRevenue": "504100000", "costofGoodsAndServicesSold": "504100000", "operatingIncome": "-25700000", "sellingGeneralAndAdministrative": "755200000", "researchAndDevelopment": "None", "operatingExpenses": "808600000", "investmentIncomeNet": "None", "netInterestIncome": "-13900000", "interestIncome": "2200000", "interestExpense": "13900000", "nonInterestIncome": "None", "otherNonOperatingIncome": "2100000", "depreciation": "57500000", "depreciationAndAmortization": "62100000", "incomeBeforeTax": "-35300000", "incomeTaxExpense": "38800000", "interestAndDebtExpense": "13900000", "netIncomeFromContinuingOperations": "-74100000", "comprehensiveIncomeNetOfTax": "-104300000", "ebit": "-21400000", "ebitda": "40700000", "netIncome": "-74100000"}, {"fiscalDateEnding": "2020-12-31", "reportedCurrency": "USD", "grossProfit": "930400000", "totalRevenue": "1432800000", "costOfRevenue": "502400000", "costofGoodsAndServicesSold": "502400000", "operatingIncome": "170400000", "sellingGeneralAndAdministrative": "747500000", "researchAndDevelopment": "None", "operatingExpenses": "760000000", "investmentIncomeNet": "None", "netInterestIncome": "-12200000", "interestIncome": "2400000", "interestExpense": "12200000", "nonInterestIncome": "None", "otherNonOperatingIncome": "1600000", "depreciation": "55100000", "depreciationAndAmortization": "60300000", "incomeBeforeTax": "162200000", "incomeTaxExpense": "42400000", "interestAndDebtExpense": "12200000", "netIncomeFromContinuingOperations": "119800000", "comprehensiveIncomeNetOfTax": "128700000", "ebit": "174400000", "ebitda": "234700000", "netIncome": "119800000"}, {"fiscalDateEnding": "2020-09-30", "reportedCurrency": "USD", "grossProfit": "799400000", "totalRevenue": "1193500000", "costOfRevenue": "394100000", "costofGoodsAndServicesSold": "394100000", "operatingIncome": "-20300000", "sellingGeneralAndAdministrative": "628200000", "researchAndDevelopment": "None", "operatingExpenses": "819700000", "investmentIncomeNet": "None", "netInterestIncome": "-12800000", "interestIncome": "-10600000", "interestExpense": "12800000", "nonInterestIncome": "None", "otherNonOperatingIncome": "1800000", "depreciation": "56300000", "depreciationAndAmortization": "61500000", "incomeBeforeTax": "-29100000", "incomeTaxExpense": "10000000", "interestAndDebtExpense": "12800000", "netIncomeFromContinuingOperations": "-39100000", "comprehensiveIncomeNetOfTax": "-29300000", "ebit": "-16300000", "ebitda": "45200000", "netIncome": "-39100000"}, {"fiscalDateEnding": "2020-06-30", "reportedCurrency": "USD", "grossProfit": "348700000", "totalRevenue": "487500000", "costOfRevenue": "138800000", "costofGoodsAndServicesSold": "138800000", "operatingIncome": "-168000000", "sellingGeneralAndAdministrative": "507600000", "researchAndDevelopment": "None", "operatingExpenses": "516700000", "investmentIncomeNet": "None", "netInterestIncome": "-9600000", "interestIncome": "2900000", "interestExpense": "9600000", "nonInterestIncome": "None", "otherNonOperatingIncome": "2100000", "depreciation": "58500000", "depreciationAndAmortization": "63700000", "incomeBeforeTax": "-172600000", "incomeTaxExpense": "-44900000", "interestAndDebtExpense": "9600000", "netIncomeFromContinuingOperations": "-127700000", "comprehensiveIncomeNetOfTax": "-118800000", "ebit": "-163000000", "ebitda": "-99300000", "netIncome": "-127700000"}, {"fiscalDateEnding": "2020-03-31", "reportedCurrency": "USD", "grossProfit": "594400000", "totalRevenue": "1274100000", "costOfRevenue": "679700000", "costofGoodsAndServicesSold": "678500000", "operatingIncome": "-283800000", "sellingGeneralAndAdministrative": "852200000", "researchAndDevelopment": "None", "operatingExpenses": "878200000", "investmentIncomeNet": "None", "netInterestIncome": "-4800000", "interestIncome": "5900000", "interestExpense": "4800000", "nonInterestIncome": "-1100000", "otherNonOperatingIncome": "-4500000", "depreciation": "63300000", "depreciationAndAmortization": "68500000", "incomeBeforeTax": "-287200000", "incomeTaxExpense": "-38200000", "interestAndDebtExpense": "4800000", "netIncomeFromContinuingOperations": "-249000000", "comprehensiveIncomeNetOfTax": "-248600000", "ebit": "-282400000", "ebitda": "-88600000", "netIncome": "-249000000"}, {"fiscalDateEnding": "2019-12-31", "reportedCurrency": "USD", "grossProfit": "1089100000", "totalRevenue": "1750700000", "costOfRevenue": "661600000", "costofGoodsAndServicesSold": "661600000", "operatingIncome": "224400000", "sellingGeneralAndAdministrative": "843300000", "researchAndDevelopment": "None", "operatingExpenses": "864700000", "investmentIncomeNet": "None", "netInterestIncome": "-4200000", "interestIncome": "7300000", "interestExpense": "4200000", "nonInterestIncome": "None", "otherNonOperatingIncome": "2900000", "depreciation": "62300000", "depreciationAndAmortization": "68200000", "incomeBeforeTax": "230400000", "incomeTaxExpense": "-103700000", "interestAndDebtExpense": "4200000", "netIncomeFromContinuingOperations": "334100000", "comprehensiveIncomeNetOfTax": "330900000", "ebit": "234600000", "ebitda": "302800000", "netIncome": "334100000"}, {"fiscalDateEnding": "2019-09-30", "reportedCurrency": "USD", "grossProfit": "1049000000", "totalRevenue": "1706200000", "costOfRevenue": "657200000", "costofGoodsAndServicesSold": "656800000", "operatingIncome": "233100000", "sellingGeneralAndAdministrative": "795300000", "researchAndDevelopment": "None", "operatingExpenses": "815900000", "investmentIncomeNet": "None", "netInterestIncome": "-4400000", "interestIncome": "9600000", "interestExpense": "4400000", "nonInterestIncome": "None", "otherNonOperatingIncome": "-1700000", "depreciation": "60700000", "depreciationAndAmortization": "66600000", "incomeBeforeTax": "236600000", "incomeTaxExpense": "54500000", "interestAndDebtExpense": "4400000", "netIncomeFromContinuingOperations": "182100000", "comprehensiveIncomeNetOfTax": "175900000", "ebit": "241000000", "ebitda": "307600000", "netIncome": "182100000"}, {"fiscalDateEnding": "2019-06-30", "reportedCurrency": "USD", "grossProfit": "920800000", "totalRevenue": "1428800000", "costOfRevenue": "508000000", "costofGoodsAndServicesSold": "507400000", "operatingIncome": "143300000", "sellingGeneralAndAdministrative": "746700000", "researchAndDevelopment": "None", "operatingExpenses": "777500000", "investmentIncomeNet": "None", "netInterestIncome": "-4200000", "interestIncome": "11600000", "interestExpense": "4200000", "nonInterestIncome": "None", "otherNonOperatingIncome": "-4100000", "depreciation": "60300000", "depreciationAndAmortization": "66200000", "incomeBeforeTax": "146600000", "incomeTaxExpense": "29500000", "interestAndDebtExpense": "4200000", "netIncomeFromContinuingOperations": "117100000", "comprehensiveIncomeNetOfTax": "111300000", "ebit": "150800000", "ebitda": "217000000", "netIncome": "117100000"}, {"fiscalDateEnding": "2019-03-31", "reportedCurrency": "USD", "grossProfit": "901500000", "totalRevenue": "1505700000", "costOfRevenue": "604200000", "costofGoodsAndServicesSold": "600100000", "operatingIncome": "27900000", "sellingGeneralAndAdministrative": "809400000", "researchAndDevelopment": "None", "operatingExpenses": "873600000", "investmentIncomeNet": "None", "netInterestIncome": "-5100000", "interestIncome": "11300000", "interestExpense": "5100000", "nonInterestIncome": "-2800000", "otherNonOperatingIncome": "1200000", "depreciation": "63500000", "depreciationAndAmortization": "69300000", "incomeBeforeTax": "35300000", "incomeTaxExpense": "3700000", "interestAndDebtExpense": "5100000", "netIncomeFromContinuingOperations": "31600000", "comprehensiveIncomeNetOfTax": "29500000", "ebit": "40400000", "ebitda": "82100000", "netIncome": "31600000"}, {"fiscalDateEnding": "2018-12-31", "reportedCurrency": "USD", "grossProfit": "1059500000", "totalRevenue": "1725800000", "costOfRevenue": "666300000", "costofGoodsAndServicesSold": "663200000", "operatingIncome": "193800000", "sellingGeneralAndAdministrative": "823400000", "researchAndDevelopment": "None", "operatingExpenses": "865700000", "investmentIncomeNet": "None", "netInterestIncome": "-5200000", "interestIncome": "None", "interestExpense": "5200000", "nonInterestIncome": "None", "otherNonOperatingIncome": "1000000", "depreciation": "66000000", "depreciationAndAmortization": "72000000", "incomeBeforeTax": "199500000", "incomeTaxExpense": "79500000", "interestAndDebtExpense": "5200000", "netIncomeFromContinuingOperations": "120000000", "comprehensiveIncomeNetOfTax": "126500000", "ebit": "204700000", "ebitda": "276700000", "netIncome": "120000000"}, {"fiscalDateEnding": "2018-09-30", "reportedCurrency": "USD", "grossProfit": "1029300000", "totalRevenue": "1690900000", "costOfRevenue": "661600000", "costofGoodsAndServicesSold": "661600000", "operatingIncome": "210000000", "sellingGeneralAndAdministrative": "793600000", "researchAndDevelopment": "None", "operatingExpenses": "819300000", "investmentIncomeNet": "None", "netInterestIncome": "-6000000", "interestIncome": "None", "interestExpense": "6000000", "nonInterestIncome": "None", "otherNonOperatingIncome": "400000", "depreciation": "63900000", "depreciationAndAmortization": "69700000", "incomeBeforeTax": "214800000", "incomeTaxExpense": "44500000", "interestAndDebtExpense": "6000000", "netIncomeFromContinuingOperations": "170300000", "comprehensiveIncomeNetOfTax": "163900000", "ebit": "220800000", "ebitda": "290500000", "netIncome": "170300000"}, {"fiscalDateEnding": "2018-06-30", "reportedCurrency": "USD", "grossProfit": "895700000", "totalRevenue": "1390600000", "costOfRevenue": "494900000", "costofGoodsAndServicesSold": "494900000", "operatingIncome": "130100000", "sellingGeneralAndAdministrative": "741900000", "researchAndDevelopment": "None", "operatingExpenses": "765600000", "investmentIncomeNet": "None", "netInterestIncome": "-4400000", "interestIncome": "None", "interestExpense": "4400000", "nonInterestIncome": "None", "otherNonOperatingIncome": "-2000000", "depreciation": "64400000", "depreciationAndAmortization": "70300000", "incomeBeforeTax": "132900000", "incomeTaxExpense": "23900000", "interestAndDebtExpense": "4400000", "netIncomeFromContinuingOperations": "109000000", "comprehensiveIncomeNetOfTax": "106100000", "ebit": "137300000", "ebitda": "207600000", "netIncome": "109000000"}, {"fiscalDateEnding": "2018-03-31", "reportedCurrency": "USD", "grossProfit": "908500000", "totalRevenue": "1529200000", "costOfRevenue": "620700000", "costofGoodsAndServicesSold": "620700000", "operatingIncome": "25400000", "sellingGeneralAndAdministrative": "828600000", "researchAndDevelopment": "None", "operatingExpenses": "883100000", "investmentIncomeNet": "None", "netInterestIncome": "-3800000", "interestIncome": "None", "interestExpense": "3800000", "nonInterestIncome": "2100000", "otherNonOperatingIncome": "-1400000", "depreciation": "69800000", "depreciationAndAmortization": "6000000", "incomeBeforeTax": "24900000", "incomeTaxExpense": "-16400000", "interestAndDebtExpense": "3800000", "netIncomeFromContinuingOperations": "41300000", "comprehensiveIncomeNetOfTax": "73400000", "ebit": "28700000", "ebitda": "34700000", "netIncome": "41300000"}, {"fiscalDateEnding": "2017-12-31", "reportedCurrency": "USD", "grossProfit": "996200000", "totalRevenue": "1641800000", "costOfRevenue": "645600000", "costofGoodsAndServicesSold": "645600000", "operatingIncome": "189200000", "sellingGeneralAndAdministrative": "779800000", "researchAndDevelopment": "None", "operatingExpenses": "807000000", "investmentIncomeNet": "None", "netInterestIncome": "-4800000", "interestIncome": "None", "interestExpense": "4800000", "nonInterestIncome": "600000", "otherNonOperatingIncome": "-1400000", "depreciation": "66700000", "depreciationAndAmortization": "6000000", "incomeBeforeTax": "186300000", "incomeTaxExpense": "268100000", "interestAndDebtExpense": "4800000", "netIncomeFromContinuingOperations": "-81800000", "comprehensiveIncomeNetOfTax": "-77000000", "ebit": "191100000", "ebitda": "197100000", "netIncome": "-81800000"}, {"fiscalDateEnding": "2017-09-30", "reportedCurrency": "USD", "grossProfit": "995800000", "totalRevenue": "1664200000", "costOfRevenue": "668400000", "costofGoodsAndServicesSold": "668400000", "operatingIncome": "193300000", "sellingGeneralAndAdministrative": "772700000", "researchAndDevelopment": "None", "operatingExpenses": "802500000", "investmentIncomeNet": "None", "netInterestIncome": "-4600000", "interestIncome": "None", "interestExpense": "4600000", "nonInterestIncome": "1700000", "otherNonOperatingIncome": "200000", "depreciation": "67800000", "depreciationAndAmortization": "6000000", "incomeBeforeTax": "191200000", "incomeTaxExpense": "47400000", "interestAndDebtExpense": "4600000", "netIncomeFromContinuingOperations": "143800000", "comprehensiveIncomeNetOfTax": "172500000", "ebit": "195800000", "ebitda": "201800000", "netIncome": "143800000"}, {"fiscalDateEnding": "2017-06-30", "reportedCurrency": "USD", "grossProfit": "851200000", "totalRevenue": "1347100000", "costOfRevenue": "495900000", "costofGoodsAndServicesSold": "495200000", "operatingIncome": "90300000", "sellingGeneralAndAdministrative": "714400000", "researchAndDevelopment": "None", "operatingExpenses": "760900000", "investmentIncomeNet": "None", "netInterestIncome": "-5000000", "interestIncome": "None", "interestExpense": "5000000", "nonInterestIncome": "None", "otherNonOperatingIncome": "-500000", "depreciation": "66900000", "depreciationAndAmortization": "72900000", "incomeBeforeTax": "86800000", "incomeTaxExpense": "27300000", "interestAndDebtExpense": "5000000", "netIncomeFromContinuingOperations": "59500000", "comprehensiveIncomeNetOfTax": "93800000", "ebit": "91800000", "ebitda": "97800000", "netIncome": "59500000"}, {"fiscalDateEnding": "2017-03-31", "reportedCurrency": "USD", "grossProfit": "819100000", "totalRevenue": "1575800000", "costOfRevenue": "-1718300000", "costofGoodsAndServicesSold": "746700000", "operatingIncome": "-265700000", "sellingGeneralAndAdministrative": "781100000", "researchAndDevelopment": "None", "operatingExpenses": "1084800000", "investmentIncomeNet": "None", "netInterestIncome": "-1400000", "interestIncome": "-100000", "interestExpense": "1300000", "nonInterestIncome": "None", "otherNonOperatingIncome": "-13500000", "depreciation": "69600000", "depreciationAndAmortization": "6100000", "incomeBeforeTax": "-268500000", "incomeTaxExpense": "-64500000", "interestAndDebtExpense": "1400000", "netIncomeFromContinuingOperations": "-10400000", "comprehensiveIncomeNetOfTax": "-179400000", "ebit": "-267200000", "ebitda": "-261100000", "netIncome": "-204000000"}, {"fiscalDateEnding": "2016-12-31", "reportedCurrency": "USD", "grossProfit": "983200000", "totalRevenue": "1708000000", "costOfRevenue": "1520000000", "costofGoodsAndServicesSold": "731000000", "operatingIncome": "128300000", "sellingGeneralAndAdministrative": "771900000", "researchAndDevelopment": "None", "operatingExpenses": "854900000", "investmentIncomeNet": "None", "netInterestIncome": "-4000000", "interestIncome": "-400000", "interestExpense": "3600000", "nonInterestIncome": "-2000000", "otherNonOperatingIncome": "3000000", "depreciation": "71900000", "depreciationAndAmortization": "6000000", "incomeBeforeTax": "123100000", "incomeTaxExpense": "41800000", "interestAndDebtExpense": "4000000", "netIncomeFromContinuingOperations": "82000000", "comprehensiveIncomeNetOfTax": "38600000", "ebit": "126700000", "ebitda": "132700000", "netIncome": "81300000"}]}