{"symbol": "ROK", "annualReports": [{"fiscalDateEnding": "2021-09-30", "reportedCurrency": "USD", "grossProfit": "2897700000", "totalRevenue": "6930300000", "costOfRevenue": "5847300000", "costofGoodsAndServicesSold": "4099700000", "operatingIncome": "797600000", "sellingGeneralAndAdministrative": "1680000000", "researchAndDevelopment": "422500000", "operatingExpenses": "2100600000", "investmentIncomeNet": "1600000", "netInterestIncome": "-94600000", "interestIncome": "1600000", "interestExpense": "94600000", "nonInterestIncome": "7024900000", "otherNonOperatingIncome": "403100000", "depreciation": "123900000", "depreciationAndAmortization": "67600000", "incomeBeforeTax": "1540000000", "incomeTaxExpense": "181900000", "interestAndDebtExpense": "94600000", "netIncomeFromContinuingOperations": "1344300000", "comprehensiveIncomeNetOfTax": "1955200000", "ebit": "1634600000", "ebitda": "1702200000", "netIncome": "1358100000"}, {"fiscalDateEnding": "2020-09-30", "reportedCurrency": "USD", "grossProfit": "2595200000", "totalRevenue": "6216700000", "costOfRevenue": "5264600000", "costofGoodsAndServicesSold": "3734600000", "operatingIncome": "693700000", "sellingGeneralAndAdministrative": "1479800000", "researchAndDevelopment": "371500000", "operatingExpenses": "1889100000", "investmentIncomeNet": "5500000", "netInterestIncome": "-103500000", "interestIncome": "5500000", "interestExpense": "103500000", "nonInterestIncome": "6320200000", "otherNonOperatingIncome": "124200000", "depreciation": "122500000", "depreciationAndAmortization": "50200000", "incomeBeforeTax": "1136300000", "incomeTaxExpense": "112900000", "interestAndDebtExpense": "103500000", "netIncomeFromContinuingOperations": "1023200000", "comprehensiveIncomeNetOfTax": "1040200000", "ebit": "1239800000", "ebitda": "1290000000", "netIncome": "1023400000"}, {"fiscalDateEnding": "2019-09-30", "reportedCurrency": "USD", "grossProfit": "2900100000", "totalRevenue": "6630500000", "costOfRevenue": "5359200000", "costofGoodsAndServicesSold": "3794700000", "operatingIncome": "956700000", "sellingGeneralAndAdministrative": "1538500000", "researchAndDevelopment": "378900000", "operatingExpenses": "1945200000", "investmentIncomeNet": "11100000", "netInterestIncome": "-98200000", "interestIncome": "11100000", "interestExpense": "98200000", "nonInterestIncome": "6728700000", "otherNonOperatingIncome": "-362400000", "depreciation": "126200000", "depreciationAndAmortization": "26000000", "incomeBeforeTax": "901000000", "incomeTaxExpense": "205200000", "interestAndDebtExpense": "98200000", "netIncomeFromContinuingOperations": "695800000", "comprehensiveIncomeNetOfTax": "149700000", "ebit": "999200000", "ebitda": "1025200000", "netIncome": "695800000"}, {"fiscalDateEnding": "2018-09-30", "reportedCurrency": "USD", "grossProfit": "2884900000", "totalRevenue": "6666000000", "costOfRevenue": "3781100000", "costofGoodsAndServicesSold": "3781100000", "operatingIncome": "873200000", "sellingGeneralAndAdministrative": "1587900000", "researchAndDevelopment": "371800000", "operatingExpenses": "2001500000", "investmentIncomeNet": "24400000", "netInterestIncome": "-73000000", "interestIncome": "24400000", "interestExpense": "73000000", "nonInterestIncome": "-2500000", "otherNonOperatingIncome": "130600000", "depreciation": "136400000", "depreciationAndAmortization": "28200000", "incomeBeforeTax": "1330800000", "incomeTaxExpense": "795300000", "interestAndDebtExpense": "73000000", "netIncomeFromContinuingOperations": "535500000", "comprehensiveIncomeNetOfTax": "772800000", "ebit": "1403800000", "ebitda": "1432000000", "netIncome": "535500000"}, {"fiscalDateEnding": "2017-09-30", "reportedCurrency": "USD", "grossProfit": "2667900000", "totalRevenue": "6311300000", "costOfRevenue": "3643400000", "costofGoodsAndServicesSold": "3643400000", "operatingIncome": "654300000", "sellingGeneralAndAdministrative": "1557600000", "researchAndDevelopment": "348200000", "operatingExpenses": "1909200000", "investmentIncomeNet": "19600000", "netInterestIncome": "-76200000", "interestIncome": "19600000", "interestExpense": "76200000", "nonInterestIncome": "60700000", "otherNonOperatingIncome": "80900000", "depreciation": "138700000", "depreciationAndAmortization": "30200000", "incomeBeforeTax": "1037400000", "incomeTaxExpense": "211700000", "interestAndDebtExpense": "76200000", "netIncomeFromContinuingOperations": "825700000", "comprehensiveIncomeNetOfTax": "1185300000", "ebit": "1113600000", "ebitda": "1143800000", "netIncome": "825700000"}], "quarterlyReports": [{"fiscalDateEnding": "2021-09-30", "reportedCurrency": "USD", "grossProfit": "719400000", "totalRevenue": "1809600000", "costOfRevenue": "1557800000", "costofGoodsAndServicesSold": "1088400000", "operatingIncome": "-172500000", "sellingGeneralAndAdministrative": "447200000", "researchAndDevelopment": "None", "operatingExpenses": "891800000", "investmentIncomeNet": "500000", "netInterestIncome": "-26300000", "interestIncome": "None", "interestExpense": "26300000", "nonInterestIncome": "1835900000", "otherNonOperatingIncome": "-241600000", "depreciation": "33600000", "depreciationAndAmortization": "22200000", "incomeBeforeTax": "8200000", "incomeTaxExpense": "-70300000", "interestAndDebtExpense": "26300000", "netIncomeFromContinuingOperations": "74600000", "comprehensiveIncomeNetOfTax": "136400000", "ebit": "34500000", "ebitda": "56700000", "netIncome": "78500000"}, {"fiscalDateEnding": "2021-06-30", "reportedCurrency": "USD", "grossProfit": "764400000", "totalRevenue": "1825800000", "costOfRevenue": "1520700000", "costofGoodsAndServicesSold": "1083800000", "operatingIncome": "327500000", "sellingGeneralAndAdministrative": "436900000", "researchAndDevelopment": "None", "operatingExpenses": "436900000", "investmentIncomeNet": "300000", "netInterestIncome": "-22400000", "interestIncome": "None", "interestExpense": "22400000", "nonInterestIncome": "1848200000", "otherNonOperatingIncome": "8400000", "depreciation": "30100000", "depreciationAndAmortization": "15700000", "incomeBeforeTax": "315800000", "incomeTaxExpense": "44500000", "interestAndDebtExpense": "22400000", "netIncomeFromContinuingOperations": "269000000", "comprehensiveIncomeNetOfTax": "722300000", "ebit": "338200000", "ebitda": "353900000", "netIncome": "271300000"}, {"fiscalDateEnding": "2021-03-31", "reportedCurrency": "USD", "grossProfit": "767400000", "totalRevenue": "1752800000", "costOfRevenue": "1430000000", "costofGoodsAndServicesSold": "1008700000", "operatingIncome": "346100000", "sellingGeneralAndAdministrative": "421300000", "researchAndDevelopment": "None", "operatingExpenses": "421300000", "investmentIncomeNet": "500000", "netInterestIncome": "-23300000", "interestIncome": "500000", "interestExpense": "23300000", "nonInterestIncome": "1776100000", "otherNonOperatingIncome": "184900000", "depreciation": "30300000", "depreciationAndAmortization": "15600000", "incomeBeforeTax": "512400000", "incomeTaxExpense": "97400000", "interestAndDebtExpense": "23300000", "netIncomeFromContinuingOperations": "410300000", "comprehensiveIncomeNetOfTax": "416300000", "ebit": "535700000", "ebitda": "551300000", "netIncome": "415000000"}, {"fiscalDateEnding": "2020-12-31", "reportedCurrency": "USD", "grossProfit": "646500000", "totalRevenue": "1542600000", "costOfRevenue": "1307500000", "costofGoodsAndServicesSold": "918800000", "operatingIncome": "327800000", "sellingGeneralAndAdministrative": "374600000", "researchAndDevelopment": "None", "operatingExpenses": "318800000", "investmentIncomeNet": "300000", "netInterestIncome": "-22600000", "interestIncome": "300000", "interestExpense": "22600000", "nonInterestIncome": "1565200000", "otherNonOperatingIncome": "451400000", "depreciation": "29900000", "depreciationAndAmortization": "14100000", "incomeBeforeTax": "703600000", "incomeTaxExpense": "110300000", "interestAndDebtExpense": "22600000", "netIncomeFromContinuingOperations": "590400000", "comprehensiveIncomeNetOfTax": "680200000", "ebit": "726200000", "ebitda": "740300000", "netIncome": "593300000"}, {"fiscalDateEnding": "2020-09-30", "reportedCurrency": "USD", "grossProfit": "639300000", "totalRevenue": "1570000000", "costOfRevenue": "1298600000", "costofGoodsAndServicesSold": "930700000", "operatingIncome": "639300000", "sellingGeneralAndAdministrative": "354400000", "researchAndDevelopment": "None", "operatingExpenses": "739500000", "investmentIncomeNet": "400000", "netInterestIncome": "-26200000", "interestIncome": "None", "interestExpense": "26200000", "nonInterestIncome": "1570000000", "otherNonOperatingIncome": "40900000", "depreciation": "31500000", "depreciationAndAmortization": "13500000", "incomeBeforeTax": "298600000", "incomeTaxExpense": "35900000", "interestAndDebtExpense": "26200000", "netIncomeFromContinuingOperations": "299600000", "comprehensiveIncomeNetOfTax": "218400000", "ebit": "324800000", "ebitda": "338300000", "netIncome": "262700000"}, {"fiscalDateEnding": "2020-06-30", "reportedCurrency": "USD", "grossProfit": "554200000", "totalRevenue": "1368600000", "costOfRevenue": "1210000000", "costofGoodsAndServicesSold": "839800000", "operatingIncome": "184000000", "sellingGeneralAndAdministrative": "370200000", "researchAndDevelopment": "None", "operatingExpenses": "370200000", "investmentIncomeNet": "700000", "netInterestIncome": "-25400000", "interestIncome": "None", "interestExpense": "25400000", "nonInterestIncome": "1394000000", "otherNonOperatingIncome": "175900000", "depreciation": "30800000", "depreciationAndAmortization": "12700000", "incomeBeforeTax": "338100000", "incomeTaxExpense": "20300000", "interestAndDebtExpense": "25400000", "netIncomeFromContinuingOperations": "314200000", "comprehensiveIncomeNetOfTax": "373700000", "ebit": "363500000", "ebitda": "376200000", "netIncome": "317800000"}, {"fiscalDateEnding": "2020-03-31", "reportedCurrency": "USD", "grossProfit": "698800000", "totalRevenue": "1655800000", "costOfRevenue": "1334500000", "costofGoodsAndServicesSold": "982500000", "operatingIncome": "346800000", "sellingGeneralAndAdministrative": "352000000", "researchAndDevelopment": "None", "operatingExpenses": "352000000", "investmentIncomeNet": "2000000", "netInterestIncome": "-25500000", "interestIncome": "None", "interestExpense": "25500000", "nonInterestIncome": "1681300000", "otherNonOperatingIncome": "-153900000", "depreciation": "30000000", "depreciationAndAmortization": "12300000", "incomeBeforeTax": "169700000", "incomeTaxExpense": "37500000", "interestAndDebtExpense": "25500000", "netIncomeFromContinuingOperations": "129900000", "comprehensiveIncomeNetOfTax": "90700000", "ebit": "195200000", "ebitda": "207500000", "netIncome": "132200000"}, {"fiscalDateEnding": "2019-12-31", "reportedCurrency": "USD", "grossProfit": "702900000", "totalRevenue": "1658100000", "costOfRevenue": "1396500000", "costofGoodsAndServicesSold": "981600000", "operatingIncome": "288000000", "sellingGeneralAndAdministrative": "403200000", "researchAndDevelopment": "None", "operatingExpenses": "414900000", "investmentIncomeNet": "2400000", "netInterestIncome": "-26400000", "interestIncome": "None", "interestExpense": "26400000", "nonInterestIncome": "1684500000", "otherNonOperatingIncome": "61300000", "depreciation": "30200000", "depreciationAndAmortization": "11700000", "incomeBeforeTax": "329900000", "incomeTaxExpense": "19200000", "interestAndDebtExpense": "26400000", "netIncomeFromContinuingOperations": "315400000", "comprehensiveIncomeNetOfTax": "357400000", "ebit": "356300000", "ebitda": "368000000", "netIncome": "310700000"}, {"fiscalDateEnding": "2019-09-30", "reportedCurrency": "USD", "grossProfit": "722900000", "totalRevenue": "1730200000", "costOfRevenue": "1418800000", "costofGoodsAndServicesSold": "1007300000", "operatingIncome": "722900000", "sellingGeneralAndAdministrative": "405100000", "researchAndDevelopment": "None", "operatingExpenses": "790300000", "investmentIncomeNet": "None", "netInterestIncome": "-27000000", "interestIncome": "None", "interestExpense": "27000000", "nonInterestIncome": "1730200000", "otherNonOperatingIncome": "-234400000", "depreciation": "33600000", "depreciationAndAmortization": "6400000", "incomeBeforeTax": "56400000", "incomeTaxExpense": "48300000", "interestAndDebtExpense": "27000000", "netIncomeFromContinuingOperations": "56400000", "comprehensiveIncomeNetOfTax": "-549700000", "ebit": "83400000", "ebitda": "89800000", "netIncome": "8100000"}, {"fiscalDateEnding": "2019-06-30", "reportedCurrency": "USD", "grossProfit": "730300000", "totalRevenue": "1638300000", "costOfRevenue": "1296500000", "costofGoodsAndServicesSold": "934800000", "operatingIncome": "368600000", "sellingGeneralAndAdministrative": "361700000", "researchAndDevelopment": "None", "operatingExpenses": "361700000", "investmentIncomeNet": "None", "netInterestIncome": "-26800000", "interestIncome": "None", "interestExpense": "26800000", "nonInterestIncome": "1665100000", "otherNonOperatingIncome": "-20400000", "depreciation": "30500000", "depreciationAndAmortization": "6400000", "incomeBeforeTax": "321400000", "incomeTaxExpense": "60000000", "interestAndDebtExpense": "26800000", "netIncomeFromContinuingOperations": "261400000", "comprehensiveIncomeNetOfTax": "271500000", "ebit": "348200000", "ebitda": "354600000", "netIncome": "261400000"}, {"fiscalDateEnding": "2019-03-31", "reportedCurrency": "USD", "grossProfit": "708200000", "totalRevenue": "1633500000", "costOfRevenue": "1334000000", "costofGoodsAndServicesSold": "949000000", "operatingIncome": "323200000", "sellingGeneralAndAdministrative": "385000000", "researchAndDevelopment": "None", "operatingExpenses": "385000000", "investmentIncomeNet": "None", "netInterestIncome": "-23700000", "interestIncome": "None", "interestExpense": "23700000", "nonInterestIncome": "1657200000", "otherNonOperatingIncome": "102900000", "depreciation": "32800000", "depreciationAndAmortization": "6600000", "incomeBeforeTax": "402400000", "incomeTaxExpense": "56400000", "interestAndDebtExpense": "23700000", "netIncomeFromContinuingOperations": "346000000", "comprehensiveIncomeNetOfTax": "382600000", "ebit": "426100000", "ebitda": "432700000", "netIncome": "346000000"}, {"fiscalDateEnding": "2018-12-31", "reportedCurrency": "USD", "grossProfit": "738700000", "totalRevenue": "1620300000", "costOfRevenue": "1296900000", "costofGoodsAndServicesSold": "903600000", "operatingIncome": "345400000", "sellingGeneralAndAdministrative": "386700000", "researchAndDevelopment": "None", "operatingExpenses": "394600000", "investmentIncomeNet": "None", "netInterestIncome": "-20700000", "interestIncome": "None", "interestExpense": "20700000", "nonInterestIncome": "1641000000", "otherNonOperatingIncome": "-210500000", "depreciation": "29300000", "depreciationAndAmortization": "6600000", "incomeBeforeTax": "120800000", "incomeTaxExpense": "40500000", "interestAndDebtExpense": "20700000", "netIncomeFromContinuingOperations": "80300000", "comprehensiveIncomeNetOfTax": "45300000", "ebit": "141500000", "ebitda": "148100000", "netIncome": "80300000"}, {"fiscalDateEnding": "2018-09-30", "reportedCurrency": "USD", "grossProfit": "736100000", "totalRevenue": "1729500000", "costOfRevenue": "993400000", "costofGoodsAndServicesSold": "993400000", "operatingIncome": "732600000", "sellingGeneralAndAdministrative": "415100000", "researchAndDevelopment": "371800000", "operatingExpenses": "798000000", "investmentIncomeNet": "None", "netInterestIncome": "-19200000", "interestIncome": "None", "interestExpense": "19200000", "nonInterestIncome": "1729500000", "otherNonOperatingIncome": "186600000", "depreciation": "32900000", "depreciationAndAmortization": "6800000", "incomeBeforeTax": "481700000", "incomeTaxExpense": "135800000", "interestAndDebtExpense": "19200000", "netIncomeFromContinuingOperations": "481700000", "comprehensiveIncomeNetOfTax": "544500000", "ebit": "500900000", "ebitda": "507700000", "netIncome": "345900000"}, {"fiscalDateEnding": "2018-06-30", "reportedCurrency": "USD", "grossProfit": "744700000", "totalRevenue": "1698700000", "costOfRevenue": "954000000", "costofGoodsAndServicesSold": "954000000", "operatingIncome": "339500000", "sellingGeneralAndAdministrative": "399600000", "researchAndDevelopment": "None", "operatingExpenses": "402200000", "investmentIncomeNet": "None", "netInterestIncome": "-16500000", "interestIncome": "None", "interestExpense": "16500000", "nonInterestIncome": "1698700000", "otherNonOperatingIncome": "-71300000", "depreciation": "35000000", "depreciationAndAmortization": "7100000", "incomeBeforeTax": "251700000", "incomeTaxExpense": "53100000", "interestAndDebtExpense": "16500000", "netIncomeFromContinuingOperations": "198600000", "comprehensiveIncomeNetOfTax": "139600000", "ebit": "268200000", "ebitda": "275300000", "netIncome": "198600000"}, {"fiscalDateEnding": "2018-03-31", "reportedCurrency": "USD", "grossProfit": "703900000", "totalRevenue": "1651200000", "costOfRevenue": "947300000", "costofGoodsAndServicesSold": "947300000", "operatingIncome": "311600000", "sellingGeneralAndAdministrative": "386600000", "researchAndDevelopment": "None", "operatingExpenses": "389200000", "investmentIncomeNet": "None", "netInterestIncome": "-17300000", "interestIncome": "None", "interestExpense": "17300000", "nonInterestIncome": "1651200000", "otherNonOperatingIncome": "5300000", "depreciation": "36000000", "depreciationAndAmortization": "7200000", "incomeBeforeTax": "299600000", "incomeTaxExpense": "72200000", "interestAndDebtExpense": "17300000", "netIncomeFromContinuingOperations": "227400000", "comprehensiveIncomeNetOfTax": "321600000", "ebit": "316900000", "ebitda": "324100000", "netIncome": "227400000"}, {"fiscalDateEnding": "2017-12-31", "reportedCurrency": "USD", "grossProfit": "700200000", "totalRevenue": "1586600000", "costOfRevenue": "886400000", "costofGoodsAndServicesSold": "886400000", "operatingIncome": "300700000", "sellingGeneralAndAdministrative": "386600000", "researchAndDevelopment": "None", "operatingExpenses": "396400000", "investmentIncomeNet": "None", "netInterestIncome": "-20000000", "interestIncome": "None", "interestExpense": "20000000", "nonInterestIncome": "11200000", "otherNonOperatingIncome": "10000000", "depreciation": "32500000", "depreciationAndAmortization": "7100000", "incomeBeforeTax": "297800000", "incomeTaxExpense": "534200000", "interestAndDebtExpense": "20000000", "netIncomeFromContinuingOperations": "-236400000", "comprehensiveIncomeNetOfTax": "-232900000", "ebit": "317800000", "ebitda": "324900000", "netIncome": "-236400000"}, {"fiscalDateEnding": "2017-09-30", "reportedCurrency": "USD", "grossProfit": "647700000", "totalRevenue": "1667500000", "costOfRevenue": "1019800000", "costofGoodsAndServicesSold": "976100000", "operatingIncome": "647700000", "sellingGeneralAndAdministrative": "391600000", "researchAndDevelopment": "348200000", "operatingExpenses": "720000000", "investmentIncomeNet": "None", "netInterestIncome": "-19500000", "interestIncome": "None", "interestExpense": "19500000", "nonInterestIncome": "60600000", "otherNonOperatingIncome": "70800000", "depreciation": "38000000", "depreciationAndAmortization": "6900000", "incomeBeforeTax": "273500000", "incomeTaxExpense": "68900000", "interestAndDebtExpense": "19500000", "netIncomeFromContinuingOperations": "273500000", "comprehensiveIncomeNetOfTax": "489100000", "ebit": "293000000", "ebitda": "299900000", "netIncome": "204600000"}, {"fiscalDateEnding": "2017-06-30", "reportedCurrency": "USD", "grossProfit": "677700000", "totalRevenue": "1599200000", "costOfRevenue": "921500000", "costofGoodsAndServicesSold": "921500000", "operatingIncome": "290900000", "sellingGeneralAndAdministrative": "386800000", "researchAndDevelopment": "None", "operatingExpenses": "386800000", "investmentIncomeNet": "None", "netInterestIncome": "-19100000", "interestIncome": "None", "interestExpense": "19100000", "nonInterestIncome": "200000", "otherNonOperatingIncome": "4200000", "depreciation": "35300000", "depreciationAndAmortization": "7700000", "incomeBeforeTax": "276000000", "incomeTaxExpense": "59100000", "interestAndDebtExpense": "19100000", "netIncomeFromContinuingOperations": "216900000", "comprehensiveIncomeNetOfTax": "261200000", "ebit": "295100000", "ebitda": "302800000", "netIncome": "216900000"}, {"fiscalDateEnding": "2017-03-31", "reportedCurrency": "USD", "grossProfit": "656500000", "totalRevenue": "1554300000", "costOfRevenue": "897800000", "costofGoodsAndServicesSold": "897800000", "operatingIncome": "247300000", "sellingGeneralAndAdministrative": "409200000", "researchAndDevelopment": "None", "operatingExpenses": "409200000", "investmentIncomeNet": "None", "netInterestIncome": "-18900000", "interestIncome": "None", "interestExpense": "18900000", "nonInterestIncome": "200000", "otherNonOperatingIncome": "1900000", "depreciation": "32900000", "depreciationAndAmortization": "7700000", "incomeBeforeTax": "230300000", "incomeTaxExpense": "40800000", "interestAndDebtExpense": "18900000", "netIncomeFromContinuingOperations": "189500000", "comprehensiveIncomeNetOfTax": "270400000", "ebit": "249200000", "ebitda": "256900000", "netIncome": "189500000"}, {"fiscalDateEnding": "2016-12-31", "reportedCurrency": "USD", "grossProfit": "642300000", "totalRevenue": "1490300000", "costOfRevenue": "848000000", "costofGoodsAndServicesSold": "848000000", "operatingIncome": "264400000", "sellingGeneralAndAdministrative": "370000000", "researchAndDevelopment": "None", "operatingExpenses": "378200000", "investmentIncomeNet": "None", "netInterestIncome": "-18700000", "interestIncome": "None", "interestExpense": "18700000", "nonInterestIncome": "-300000", "otherNonOperatingIncome": "4000000", "depreciation": "32500000", "depreciationAndAmortization": "7900000", "incomeBeforeTax": "257600000", "incomeTaxExpense": "42900000", "interestAndDebtExpense": "18700000", "netIncomeFromContinuingOperations": "214700000", "comprehensiveIncomeNetOfTax": "164600000", "ebit": "276300000", "ebitda": "284200000", "netIncome": "214700000"}]}