{"symbol": "ROP", "annualReports": [{"fiscalDateEnding": "2020-12-31", "reportedCurrency": "USD", "grossProfit": "3543000000", "totalRevenue": "5527100000", "costOfRevenue": "1984100000", "costofGoodsAndServicesSold": "1984100000", "operatingIncome": "1431100000", "sellingGeneralAndAdministrative": "2111900000", "researchAndDevelopment": "446100000", "operatingExpenses": "3025400000", "investmentIncomeNet": "None", "netInterestIncome": "-218900000", "interestIncome": "-218900000", "interestExpense": "218900000", "nonInterestIncome": "5522800000", "otherNonOperatingIncome": "-2900000", "depreciation": "53400000", "depreciationAndAmortization": "467400000", "incomeBeforeTax": "1209300000", "incomeTaxExpense": "259600000", "interestAndDebtExpense": "218900000", "netIncomeFromContinuingOperations": "949700000", "comprehensiveIncomeNetOfTax": "1015500000", "ebit": "1428200000", "ebitda": "1895600000", "netIncome": "949700000"}, {"fiscalDateEnding": "2019-12-31", "reportedCurrency": "USD", "grossProfit": "3427100000", "totalRevenue": "5366800000", "costOfRevenue": "1939700000", "costofGoodsAndServicesSold": "1939700000", "operatingIncome": "1498400000", "sellingGeneralAndAdministrative": "1928700000", "researchAndDevelopment": "403500000", "operatingExpenses": "2634600000", "investmentIncomeNet": "None", "netInterestIncome": "-186600000", "interestIncome": "-190300000", "interestExpense": "186600000", "nonInterestIncome": "6283800000", "otherNonOperatingIncome": "915600000", "depreciation": "49200000", "depreciationAndAmortization": "366800000", "incomeBeforeTax": "2227400000", "incomeTaxExpense": "459500000", "interestAndDebtExpense": "186600000", "netIncomeFromContinuingOperations": "1767900000", "comprehensiveIncomeNetOfTax": "1798400000", "ebit": "2414000000", "ebitda": "2780800000", "netIncome": "1767900000"}, {"fiscalDateEnding": "2018-12-31", "reportedCurrency": "USD", "grossProfit": "3279500000", "totalRevenue": "5191200000", "costOfRevenue": "1911700000", "costofGoodsAndServicesSold": "1911700000", "operatingIncome": "1396400000", "sellingGeneralAndAdministrative": "1883100000", "researchAndDevelopment": "376900000", "operatingExpenses": "2517400000", "investmentIncomeNet": "None", "netInterestIncome": "-182100000", "interestIncome": "-182300000", "interestExpense": "182100000", "nonInterestIncome": "5175500000", "otherNonOperatingIncome": "None", "depreciation": "49500000", "depreciationAndAmortization": "317500000", "incomeBeforeTax": "1198400000", "incomeTaxExpense": "254000000", "interestAndDebtExpense": "198000000", "netIncomeFromContinuingOperations": "944400000", "comprehensiveIncomeNetOfTax": "887300000", "ebit": "1380500000", "ebitda": "1698000000", "netIncome": "944400000"}, {"fiscalDateEnding": "2017-12-31", "reportedCurrency": "USD", "grossProfit": "2864800000", "totalRevenue": "4607500000", "costOfRevenue": "1742700000", "costofGoodsAndServicesSold": "1742675000", "operatingIncome": "1210200000", "sellingGeneralAndAdministrative": "1654600000", "researchAndDevelopment": "281100000", "operatingExpenses": "2221711000", "investmentIncomeNet": "None", "netInterestIncome": "-180566000", "interestIncome": "34000", "interestExpense": "180600000", "nonInterestIncome": "-1400000", "otherNonOperatingIncome": "5045000", "depreciation": "49500000", "depreciationAndAmortization": "295452000", "incomeBeforeTax": "1034700000", "incomeTaxExpense": "62900000", "interestAndDebtExpense": "180566000", "netIncomeFromContinuingOperations": "971772000", "comprehensiveIncomeNetOfTax": "1110300000", "ebit": "1215300000", "ebitda": "1510752000", "netIncome": "971800000"}, {"fiscalDateEnding": "2016-12-31", "reportedCurrency": "USD", "grossProfit": "2332400000", "totalRevenue": "3789900000", "costOfRevenue": "1457500000", "costofGoodsAndServicesSold": "1457515000", "operatingIncome": "1054600000", "sellingGeneralAndAdministrative": "1277800000", "researchAndDevelopment": "195400000", "operatingExpenses": "1676401000", "investmentIncomeNet": "None", "netInterestIncome": "-111559000", "interestIncome": "41000", "interestExpense": "111600000", "nonInterestIncome": "-3771000", "otherNonOperatingIncome": "-2352000", "depreciation": "37300000", "depreciationAndAmortization": "203154000", "incomeBeforeTax": "940600000", "incomeTaxExpense": "282000000", "interestAndDebtExpense": "112430000", "netIncomeFromContinuingOperations": "658645000", "comprehensiveIncomeNetOfTax": "546700000", "ebit": "1052200000", "ebitda": "1255354000", "netIncome": "658600000"}], "quarterlyReports": [{"fiscalDateEnding": "2021-09-30", "reportedCurrency": "USD", "grossProfit": "996100000", "totalRevenue": "1462800000", "costOfRevenue": "466700000", "costofGoodsAndServicesSold": "466700000", "operatingIncome": "403500000", "sellingGeneralAndAdministrative": "592600000", "researchAndDevelopment": "None", "operatingExpenses": "592600000", "investmentIncomeNet": "None", "netInterestIncome": "-58200000", "interestIncome": "-58200000", "interestExpense": "58200000", "nonInterestIncome": "1462800000", "otherNonOperatingIncome": "-1700000", "depreciation": "9000000", "depreciationAndAmortization": "145600000", "incomeBeforeTax": "373300000", "incomeTaxExpense": "83800000", "interestAndDebtExpense": "58200000", "netIncomeFromContinuingOperations": "259800000", "comprehensiveIncomeNetOfTax": "254100000", "ebit": "431500000", "ebitda": "577100000", "netIncome": "289500000"}, {"fiscalDateEnding": "2021-06-30", "reportedCurrency": "USD", "grossProfit": "1034100000", "totalRevenue": "1587600000", "costOfRevenue": "553500000", "costofGoodsAndServicesSold": "553500000", "operatingIncome": "418000000", "sellingGeneralAndAdministrative": "616100000", "researchAndDevelopment": "None", "operatingExpenses": "616100000", "investmentIncomeNet": "None", "netInterestIncome": "-59500000", "interestIncome": "-59500000", "interestExpense": "59500000", "nonInterestIncome": "1587600000", "otherNonOperatingIncome": "900000", "depreciation": "14500000", "depreciationAndAmortization": "146600000", "incomeBeforeTax": "359400000", "incomeTaxExpense": "73100000", "interestAndDebtExpense": "59500000", "netIncomeFromContinuingOperations": "286300000", "comprehensiveIncomeNetOfTax": "303600000", "ebit": "418900000", "ebitda": "565500000", "netIncome": "286300000"}, {"fiscalDateEnding": "2021-03-31", "reportedCurrency": "USD", "grossProfit": "993800000", "totalRevenue": "1528600000", "costOfRevenue": "534800000", "costofGoodsAndServicesSold": "534800000", "operatingIncome": "400500000", "sellingGeneralAndAdministrative": "593300000", "researchAndDevelopment": "None", "operatingExpenses": "739900000", "investmentIncomeNet": "None", "netInterestIncome": "-60600000", "interestIncome": "-60600000", "interestExpense": "60600000", "nonInterestIncome": "1528600000", "otherNonOperatingIncome": "27000000", "depreciation": "14700000", "depreciationAndAmortization": "146600000", "incomeBeforeTax": "366900000", "incomeTaxExpense": "77900000", "interestAndDebtExpense": "60600000", "netIncomeFromContinuingOperations": "289000000", "comprehensiveIncomeNetOfTax": "303600000", "ebit": "427500000", "ebitda": "574100000", "netIncome": "289000000"}, {"fiscalDateEnding": "2020-12-31", "reportedCurrency": "USD", "grossProfit": "966600000", "totalRevenue": "1505300000", "costOfRevenue": "538700000", "costofGoodsAndServicesSold": "538700000", "operatingIncome": "380700000", "sellingGeneralAndAdministrative": "585900000", "researchAndDevelopment": "None", "operatingExpenses": "1179600000", "investmentIncomeNet": "None", "netInterestIncome": "-63700000", "interestIncome": "400000", "interestExpense": "63700000", "nonInterestIncome": "1505300000", "otherNonOperatingIncome": "500000", "depreciation": "15100000", "depreciationAndAmortization": "147600000", "incomeBeforeTax": "317500000", "incomeTaxExpense": "61700000", "interestAndDebtExpense": "63700000", "netIncomeFromContinuingOperations": "380700000", "comprehensiveIncomeNetOfTax": "350200000", "ebit": "381200000", "ebitda": "528800000", "netIncome": "255800000"}, {"fiscalDateEnding": "2020-09-30", "reportedCurrency": "USD", "grossProfit": "809900000", "totalRevenue": "1366100000", "costOfRevenue": "388300000", "costofGoodsAndServicesSold": "490200000", "operatingIncome": "330500000", "sellingGeneralAndAdministrative": "479400000", "researchAndDevelopment": "None", "operatingExpenses": "508300000", "investmentIncomeNet": "None", "netInterestIncome": "-62300000", "interestIncome": "-100000", "interestExpense": "62200000", "nonInterestIncome": "1366100000", "otherNonOperatingIncome": "-2200000", "depreciation": "13200000", "depreciationAndAmortization": "116800000", "incomeBeforeTax": "303100000", "incomeTaxExpense": "59200000", "interestAndDebtExpense": "62300000", "netIncomeFromContinuingOperations": "207000000", "comprehensiveIncomeNetOfTax": "277800000", "ebit": "365400000", "ebitda": "482200000", "netIncome": "234400000"}, {"fiscalDateEnding": "2020-06-30", "reportedCurrency": "USD", "grossProfit": "843700000", "totalRevenue": "1305000000", "costOfRevenue": "461300000", "costofGoodsAndServicesSold": "461300000", "operatingIncome": "333600000", "sellingGeneralAndAdministrative": "510100000", "researchAndDevelopment": "None", "operatingExpenses": "510100000", "investmentIncomeNet": "None", "netInterestIncome": "-47500000", "interestIncome": "-47500000", "interestExpense": "47500000", "nonInterestIncome": "1305000000", "otherNonOperatingIncome": "-2000000", "depreciation": "12300000", "depreciationAndAmortization": "101200000", "incomeBeforeTax": "284100000", "incomeTaxExpense": "64900000", "interestAndDebtExpense": "47500000", "netIncomeFromContinuingOperations": "219200000", "comprehensiveIncomeNetOfTax": "275400000", "ebit": "331600000", "ebitda": "432800000", "netIncome": "219200000"}, {"fiscalDateEnding": "2020-03-31", "reportedCurrency": "USD", "grossProfit": "856800000", "totalRevenue": "1350700000", "costOfRevenue": "493900000", "costofGoodsAndServicesSold": "493900000", "operatingIncome": "349200000", "sellingGeneralAndAdministrative": "507600000", "researchAndDevelopment": "None", "operatingExpenses": "609400000", "investmentIncomeNet": "None", "netInterestIncome": "-45400000", "interestIncome": "-45400000", "interestExpense": "45400000", "nonInterestIncome": "1350700000", "otherNonOperatingIncome": "800000", "depreciation": "12800000", "depreciationAndAmortization": "101800000", "incomeBeforeTax": "304600000", "incomeTaxExpense": "64300000", "interestAndDebtExpense": "45400000", "netIncomeFromContinuingOperations": "240300000", "comprehensiveIncomeNetOfTax": "112100000", "ebit": "350000000", "ebitda": "451800000", "netIncome": "240300000"}, {"fiscalDateEnding": "2019-12-31", "reportedCurrency": "USD", "grossProfit": "892900000", "totalRevenue": "1394800000", "costOfRevenue": "501900000", "costofGoodsAndServicesSold": "501900000", "operatingIncome": "398400000", "sellingGeneralAndAdministrative": "494500000", "researchAndDevelopment": "None", "operatingExpenses": "1056800000", "investmentIncomeNet": "None", "netInterestIncome": "-49000000", "interestIncome": "-49000000", "interestExpense": "49000000", "nonInterestIncome": "1394800000", "otherNonOperatingIncome": "798600000", "depreciation": "13300000", "depreciationAndAmortization": "103600000", "incomeBeforeTax": "1148000000", "incomeTaxExpense": "276900000", "interestAndDebtExpense": "49000000", "netIncomeFromContinuingOperations": "398400000", "comprehensiveIncomeNetOfTax": "943400000", "ebit": "1197000000", "ebitda": "1300600000", "netIncome": "871100000"}, {"fiscalDateEnding": "2019-09-30", "reportedCurrency": "USD", "grossProfit": "873600000", "totalRevenue": "1354500000", "costOfRevenue": "480900000", "costofGoodsAndServicesSold": "480900000", "operatingIncome": "385200000", "sellingGeneralAndAdministrative": "488400000", "researchAndDevelopment": "None", "operatingExpenses": "488400000", "investmentIncomeNet": "None", "netInterestIncome": "-48800000", "interestIncome": "-48800000", "interestExpense": "48800000", "nonInterestIncome": "1354500000", "otherNonOperatingIncome": "1500000", "depreciation": "12500000", "depreciationAndAmortization": "93800000", "incomeBeforeTax": "337900000", "incomeTaxExpense": "60400000", "interestAndDebtExpense": "48800000", "netIncomeFromContinuingOperations": "277500000", "comprehensiveIncomeNetOfTax": "235600000", "ebit": "386700000", "ebitda": "480500000", "netIncome": "277500000"}, {"fiscalDateEnding": "2019-06-30", "reportedCurrency": "USD", "grossProfit": "850000000", "totalRevenue": "1330300000", "costOfRevenue": "480300000", "costofGoodsAndServicesSold": "480300000", "operatingIncome": "368400000", "sellingGeneralAndAdministrative": "481600000", "researchAndDevelopment": "None", "operatingExpenses": "481600000", "investmentIncomeNet": "None", "netInterestIncome": "-45100000", "interestIncome": "-45100000", "interestExpense": "45100000", "nonInterestIncome": "1330300000", "otherNonOperatingIncome": "-1000000", "depreciation": "11700000", "depreciationAndAmortization": "86500000", "incomeBeforeTax": "322300000", "incomeTaxExpense": "72600000", "interestAndDebtExpense": "45100000", "netIncomeFromContinuingOperations": "249700000", "comprehensiveIncomeNetOfTax": "221100000", "ebit": "367400000", "ebitda": "453900000", "netIncome": "249700000"}, {"fiscalDateEnding": "2019-03-31", "reportedCurrency": "USD", "grossProfit": "810600000", "totalRevenue": "1287200000", "costOfRevenue": "476600000", "costofGoodsAndServicesSold": "476600000", "operatingIncome": "346400000", "sellingGeneralAndAdministrative": "464200000", "researchAndDevelopment": "None", "operatingExpenses": "427500000", "investmentIncomeNet": "None", "netInterestIncome": "-43700000", "interestIncome": "None", "interestExpense": "43700000", "nonInterestIncome": "1406800000", "otherNonOperatingIncome": "116500000", "depreciation": "11700000", "depreciationAndAmortization": "82900000", "incomeBeforeTax": "419200000", "incomeTaxExpense": "49600000", "interestAndDebtExpense": "43700000", "netIncomeFromContinuingOperations": "369600000", "comprehensiveIncomeNetOfTax": "398300000", "ebit": "462900000", "ebitda": "545800000", "netIncome": "369600000"}, {"fiscalDateEnding": "2018-12-31", "reportedCurrency": "USD", "grossProfit": "873100000", "totalRevenue": "1376300000", "costOfRevenue": "503200000", "costofGoodsAndServicesSold": "503200000", "operatingIncome": "364400000", "sellingGeneralAndAdministrative": "508700000", "researchAndDevelopment": "316800000", "operatingExpenses": "889700000", "investmentIncomeNet": "None", "netInterestIncome": "-47300000", "interestIncome": "None", "interestExpense": "47300000", "nonInterestIncome": "1376300000", "otherNonOperatingIncome": "None", "depreciation": "12200000", "depreciationAndAmortization": "64200000", "incomeBeforeTax": "318100000", "incomeTaxExpense": "61000000", "interestAndDebtExpense": "47300000", "netIncomeFromContinuingOperations": "364400000", "comprehensiveIncomeNetOfTax": "213400000", "ebit": "365400000", "ebitda": "429600000", "netIncome": "257100000"}, {"fiscalDateEnding": "2018-09-30", "reportedCurrency": "USD", "grossProfit": "840000000", "totalRevenue": "1318700000", "costOfRevenue": "478700000", "costofGoodsAndServicesSold": "478700000", "operatingIncome": "377500000", "sellingGeneralAndAdministrative": "462500000", "researchAndDevelopment": "None", "operatingExpenses": "468900000", "investmentIncomeNet": "None", "netInterestIncome": "-48400000", "interestIncome": "None", "interestExpense": "48400000", "nonInterestIncome": "2621500000", "otherNonOperatingIncome": "-17500000", "depreciation": "12100000", "depreciationAndAmortization": "6400000", "incomeBeforeTax": "311600000", "incomeTaxExpense": "64000000", "interestAndDebtExpense": "64300000", "netIncomeFromContinuingOperations": "247600000", "comprehensiveIncomeNetOfTax": "252600000", "ebit": "360000000", "ebitda": "366400000", "netIncome": "247600000"}, {"fiscalDateEnding": "2018-06-30", "reportedCurrency": "USD", "grossProfit": "815900000", "totalRevenue": "1293700000", "costOfRevenue": "477800000", "costofGoodsAndServicesSold": "477800000", "operatingIncome": "354300000", "sellingGeneralAndAdministrative": "461600000", "researchAndDevelopment": "None", "operatingExpenses": "468000000", "investmentIncomeNet": "None", "netInterestIncome": "-43200000", "interestIncome": "None", "interestExpense": "43200000", "nonInterestIncome": "1293700000", "otherNonOperatingIncome": "2300000", "depreciation": "12600000", "depreciationAndAmortization": "6400000", "incomeBeforeTax": "313400000", "incomeTaxExpense": "85000000", "interestAndDebtExpense": "43200000", "netIncomeFromContinuingOperations": "228400000", "comprehensiveIncomeNetOfTax": "152200000", "ebit": "356600000", "ebitda": "363000000", "netIncome": "228400000"}, {"fiscalDateEnding": "2018-03-31", "reportedCurrency": "USD", "grossProfit": "750500000", "totalRevenue": "1202500000", "costOfRevenue": "452000000", "costofGoodsAndServicesSold": "452000000", "operatingIncome": "300200000", "sellingGeneralAndAdministrative": "450300000", "researchAndDevelopment": "None", "operatingExpenses": "530500000", "investmentIncomeNet": "None", "netInterestIncome": "-43200000", "interestIncome": "None", "interestExpense": "43200000", "nonInterestIncome": "1202500000", "otherNonOperatingIncome": "-1700000", "depreciation": "12600000", "depreciationAndAmortization": "80200000", "incomeBeforeTax": "255300000", "incomeTaxExpense": "44000000", "interestAndDebtExpense": "43200000", "netIncomeFromContinuingOperations": "211300000", "comprehensiveIncomeNetOfTax": "269100000", "ebit": "298500000", "ebitda": "378700000", "netIncome": "211300000"}, {"fiscalDateEnding": "2017-12-31", "reportedCurrency": "USD", "grossProfit": "765100000", "totalRevenue": "1226600000", "costOfRevenue": "461500000", "costofGoodsAndServicesSold": "461471000", "operatingIncome": "346900000", "sellingGeneralAndAdministrative": "418200000", "researchAndDevelopment": "281100000", "operatingExpenses": "773163000", "investmentIncomeNet": "None", "netInterestIncome": "-43365000", "interestIncome": "35000", "interestExpense": "43400000", "nonInterestIncome": "1226600000", "otherNonOperatingIncome": "-877000", "depreciation": "12700000", "depreciationAndAmortization": "73934000", "incomeBeforeTax": "303400000", "incomeTaxExpense": "-140500000", "interestAndDebtExpense": "43365000", "netIncomeFromContinuingOperations": "346983000", "comprehensiveIncomeNetOfTax": "434900000", "ebit": "346800000", "ebitda": "420734000", "netIncome": "443900000"}, {"fiscalDateEnding": "2017-09-30", "reportedCurrency": "USD", "grossProfit": "726400000", "totalRevenue": "1159900000", "costOfRevenue": "433500000", "costofGoodsAndServicesSold": "433492000", "operatingIncome": "310800000", "sellingGeneralAndAdministrative": "415600000", "researchAndDevelopment": "None", "operatingExpenses": "415673000", "investmentIncomeNet": "None", "netInterestIncome": "-45523000", "interestIncome": "-23000", "interestExpense": "45500000", "nonInterestIncome": "1159900000", "otherNonOperatingIncome": "None", "depreciation": "12500000", "depreciationAndAmortization": "74332000", "incomeBeforeTax": "264600000", "incomeTaxExpense": "74300000", "interestAndDebtExpense": "45523000", "netIncomeFromContinuingOperations": "190273000", "comprehensiveIncomeNetOfTax": "257800000", "ebit": "310100000", "ebitda": "384432000", "netIncome": "190300000"}, {"fiscalDateEnding": "2017-06-30", "reportedCurrency": "USD", "grossProfit": "705700000", "totalRevenue": "1134700000", "costOfRevenue": "429000000", "costofGoodsAndServicesSold": "429021000", "operatingIncome": "294200000", "sellingGeneralAndAdministrative": "411500000", "researchAndDevelopment": "None", "operatingExpenses": "411392000", "investmentIncomeNet": "None", "netInterestIncome": "-45813000", "interestIncome": "-13000", "interestExpense": "45800000", "nonInterestIncome": "1134700000", "otherNonOperatingIncome": "6969000", "depreciation": "11900000", "depreciationAndAmortization": "74188000", "incomeBeforeTax": "255400000", "incomeTaxExpense": "75900000", "interestAndDebtExpense": "45813000", "netIncomeFromContinuingOperations": "179556000", "comprehensiveIncomeNetOfTax": "229100000", "ebit": "301200000", "ebitda": "375388000", "netIncome": "179500000"}, {"fiscalDateEnding": "2017-03-31", "reportedCurrency": "USD", "grossProfit": "667600000", "totalRevenue": "1086300000", "costOfRevenue": "418700000", "costofGoodsAndServicesSold": "418691000", "operatingIncome": "258300000", "sellingGeneralAndAdministrative": "409300000", "researchAndDevelopment": "None", "operatingExpenses": "482356000", "investmentIncomeNet": "None", "netInterestIncome": "-45865000", "interestIncome": "35000", "interestExpense": "45900000", "nonInterestIncome": "1086300000", "otherNonOperatingIncome": "-1047000", "depreciation": "12400000", "depreciationAndAmortization": "72998000", "incomeBeforeTax": "211300000", "incomeTaxExpense": "53200000", "interestAndDebtExpense": "45865000", "netIncomeFromContinuingOperations": "158071000", "comprehensiveIncomeNetOfTax": "188500000", "ebit": "257200000", "ebitda": "330198000", "netIncome": "158100000"}, {"fiscalDateEnding": "2016-12-31", "reportedCurrency": "USD", "grossProfit": "626878000", "totalRevenue": "1010785000", "costOfRevenue": "383907000", "costofGoodsAndServicesSold": "383922000", "operatingIncome": "289104000", "sellingGeneralAndAdministrative": "337727000", "researchAndDevelopment": "195400000", "operatingExpenses": "587179000", "investmentIncomeNet": "None", "netInterestIncome": "-30483000", "interestIncome": "41000", "interestExpense": "30524000", "nonInterestIncome": "-2900000", "otherNonOperatingIncome": "-355000", "depreciation": "9346000", "depreciationAndAmortization": "54005000", "incomeBeforeTax": "258259000", "incomeTaxExpense": "76178000", "interestAndDebtExpense": "30483000", "netIncomeFromContinuingOperations": "289104000", "comprehensiveIncomeNetOfTax": "105809000", "ebit": "288783000", "ebitda": "342788000", "netIncome": "182081000"}]}