{"symbol": "SBAC", "annualReports": [{"fiscalDateEnding": "2020-12-31", "reportedCurrency": "USD", "grossProfit": "1606610000", "totalRevenue": "2083138000", "costOfRevenue": "476528000", "costofGoodsAndServicesSold": "102750000", "operatingIncome": "633694000", "sellingGeneralAndAdministrative": "194267000", "researchAndDevelopment": "None", "operatingExpenses": "678328000", "investmentIncomeNet": "-364893000", "netInterestIncome": "-20793000", "interestIncome": "2981000", "interestExpense": "20793000", "nonInterestIncome": "-109526000", "otherNonOperatingIncome": "-222159000", "depreciation": "287000000", "depreciationAndAmortization": "435885000", "incomeBeforeTax": "-17692000", "incomeTaxExpense": "-41796000", "interestAndDebtExpense": "38631000", "netIncomeFromContinuingOperations": "24047000", "comprehensiveIncomeNetOfTax": "-214713000", "ebit": "633694000", "ebitda": "438986000", "netIncome": "24104000"}, {"fiscalDateEnding": "2019-12-31", "reportedCurrency": "USD", "grossProfit": "1521614000", "totalRevenue": "2014645000", "costOfRevenue": "493031000", "costofGoodsAndServicesSold": "119080000", "operatingIncome": "583488000", "sellingGeneralAndAdministrative": "192717000", "researchAndDevelopment": "None", "operatingExpenses": "653602000", "investmentIncomeNet": "-384536000", "netInterestIncome": "-23281000", "interestIncome": "5500000", "interestExpense": "23281000", "nonInterestIncome": "166686000", "otherNonOperatingIncome": "14053000", "depreciation": "281600000", "depreciationAndAmortization": "416475000", "incomeBeforeTax": "186596000", "incomeTaxExpense": "39605000", "interestAndDebtExpense": "23516000", "netIncomeFromContinuingOperations": "147284000", "comprehensiveIncomeNetOfTax": "89671000", "ebit": "583488000", "ebitda": "626352000", "netIncome": "146991000"}, {"fiscalDateEnding": "2018-12-31", "reportedCurrency": "USD", "grossProfit": "1396900000", "totalRevenue": "1865695000", "costOfRevenue": "468795000", "costofGoodsAndServicesSold": "96499000", "operatingIncome": "544166000", "sellingGeneralAndAdministrative": "142526000", "researchAndDevelopment": "None", "operatingExpenses": "572777000", "investmentIncomeNet": "-369486000", "netInterestIncome": "-21189000", "interestIncome": "6731000", "interestExpense": "21189000", "nonInterestIncome": "1637246000", "otherNonOperatingIncome": "-85624000", "depreciation": "269200000", "depreciationAndAmortization": "402600000", "incomeBeforeTax": "51684000", "incomeTaxExpense": "4233000", "interestAndDebtExpense": "35276000", "netIncomeFromContinuingOperations": "47451000", "comprehensiveIncomeNetOfTax": "-84994000", "ebit": "544166000", "ebitda": "475473000", "netIncome": "47451000"}, {"fiscalDateEnding": "2017-12-31", "reportedCurrency": "USD", "grossProfit": "1281362000", "totalRevenue": "1727674000", "costOfRevenue": "446312000", "costofGoodsAndServicesSold": "86785000", "operatingIncome": "458501000", "sellingGeneralAndAdministrative": "130697000", "researchAndDevelopment": "None", "operatingExpenses": "555071000", "investmentIncomeNet": "-312412000", "netInterestIncome": "-23040000", "interestIncome": "11337000", "interestExpense": "23040000", "nonInterestIncome": "1612458000", "otherNonOperatingIncome": "-2418000", "depreciation": "258400000", "depreciationAndAmortization": "384100000", "incomeBeforeTax": "116891000", "incomeTaxExpense": "13237000", "interestAndDebtExpense": "25001000", "netIncomeFromContinuingOperations": "103654000", "comprehensiveIncomeNetOfTax": "94378000", "ebit": "458501000", "ebitda": "524031000", "netIncome": "103654000"}, {"fiscalDateEnding": "2016-12-31", "reportedCurrency": "USD", "grossProfit": "1212228000", "totalRevenue": "1633125000", "costOfRevenue": "420897000", "costofGoodsAndServicesSold": "420897000", "operatingIncome": "387308000", "sellingGeneralAndAdministrative": "143349000", "researchAndDevelopment": "None", "operatingExpenses": "557364000", "investmentIncomeNet": "-318243000", "netInterestIncome": "-22136000", "interestIncome": "10928000", "interestExpense": "22136000", "nonInterestIncome": "1584318000", "otherNonOperatingIncome": "94278000", "depreciation": "268100000", "depreciationAndAmortization": "369900000", "incomeBeforeTax": "87303000", "incomeTaxExpense": "11065000", "interestAndDebtExpense": "74837000", "netIncomeFromContinuingOperations": "76238000", "comprehensiveIncomeNetOfTax": "208099000", "ebit": "387308000", "ebitda": "479339000", "netIncome": "76238000"}], "quarterlyReports": [{"fiscalDateEnding": "2021-09-30", "reportedCurrency": "USD", "grossProfit": "449282000", "totalRevenue": "589305000", "costOfRevenue": "140023000", "costofGoodsAndServicesSold": "41357000", "operatingIncome": "211776000", "sellingGeneralAndAdministrative": "51000000", "researchAndDevelopment": "None", "operatingExpenses": "152430000", "investmentIncomeNet": "-88254000", "netInterestIncome": "-4934000", "interestIncome": "945000", "interestExpense": "4934000", "nonInterestIncome": "8813000", "otherNonOperatingIncome": "-69804000", "depreciation": "66200000", "depreciationAndAmortization": "100300000", "incomeBeforeTax": "36964000", "incomeTaxExpense": "-10834000", "interestAndDebtExpense": "4934000", "netIncomeFromContinuingOperations": "47798000", "comprehensiveIncomeNetOfTax": "6281000", "ebit": "211776000", "ebitda": "142198000", "netIncome": "47798000"}, {"fiscalDateEnding": "2021-06-30", "reportedCurrency": "USD", "grossProfit": "439769000", "totalRevenue": "575528000", "costOfRevenue": "135759000", "costofGoodsAndServicesSold": "40409000", "operatingIncome": "199764000", "sellingGeneralAndAdministrative": "53945000", "researchAndDevelopment": "None", "operatingExpenses": "158409000", "investmentIncomeNet": "-89997000", "netInterestIncome": "-4865000", "interestIncome": "547000", "interestExpense": "4865000", "nonInterestIncome": "125033000", "otherNonOperatingIncome": "108849000", "depreciation": "68200000", "depreciationAndAmortization": "103200000", "incomeBeforeTax": "199919000", "incomeTaxExpense": "47250000", "interestAndDebtExpense": "4865000", "netIncomeFromContinuingOperations": "152669000", "comprehensiveIncomeNetOfTax": "222103000", "ebit": "199764000", "ebitda": "307984000", "netIncome": "152669000"}, {"fiscalDateEnding": "2021-03-31", "reportedCurrency": "USD", "grossProfit": "418965000", "totalRevenue": "548739000", "costOfRevenue": "129774000", "costofGoodsAndServicesSold": "34406000", "operatingIncome": "173579000", "sellingGeneralAndAdministrative": "51601000", "researchAndDevelopment": "None", "operatingExpenses": "162728000", "investmentIncomeNet": "-89463000", "netInterestIncome": "-4891000", "interestIncome": "632000", "interestExpense": "4891000", "nonInterestIncome": "-53267000", "otherNonOperatingIncome": "-88436000", "depreciation": "71500000", "depreciationAndAmortization": "109800000", "incomeBeforeTax": "-32667000", "incomeTaxExpense": "-20922000", "interestAndDebtExpense": "15543000", "netIncomeFromContinuingOperations": "-11745000", "comprehensiveIncomeNetOfTax": "-12592000", "ebit": "173579000", "ebitda": "82024000", "netIncome": "-11745000"}, {"fiscalDateEnding": "2020-12-31", "reportedCurrency": "USD", "grossProfit": "407916000", "totalRevenue": "535905000", "costOfRevenue": "127991000", "costofGoodsAndServicesSold": "34333000", "operatingIncome": "165100000", "sellingGeneralAndAdministrative": "47411000", "researchAndDevelopment": "None", "operatingExpenses": "200646000", "investmentIncomeNet": "-85904000", "netInterestIncome": "-5582000", "interestIncome": "641000", "interestExpense": "5582000", "nonInterestIncome": "124142000", "otherNonOperatingIncome": "77985000", "depreciation": "72000000", "depreciationAndAmortization": "109685000", "incomeBeforeTax": "140128000", "incomeTaxExpense": "34347000", "interestAndDebtExpense": "3957000", "netIncomeFromContinuingOperations": "165100000", "comprehensiveIncomeNetOfTax": "171812000", "ebit": "165100000", "ebitda": "255395000", "netIncome": "105781000"}, {"fiscalDateEnding": "2020-09-30", "reportedCurrency": "USD", "grossProfit": "401421000", "totalRevenue": "522940000", "costOfRevenue": "121519000", "costofGoodsAndServicesSold": "28797000", "operatingIncome": "160337000", "sellingGeneralAndAdministrative": "48152000", "researchAndDevelopment": "None", "operatingExpenses": "157539000", "investmentIncomeNet": "-89035000", "netInterestIncome": "-4883000", "interestIncome": "756000", "interestExpense": "4883000", "nonInterestIncome": "10775000", "otherNonOperatingIncome": "-42262000", "depreciation": "71800000", "depreciationAndAmortization": "108200000", "incomeBeforeTax": "13127000", "incomeTaxExpense": "-9441000", "interestAndDebtExpense": "4883000", "netIncomeFromContinuingOperations": "22676000", "comprehensiveIncomeNetOfTax": "16833000", "ebit": "160337000", "ebitda": "126210000", "netIncome": "22568000"}, {"fiscalDateEnding": "2020-06-30", "reportedCurrency": "USD", "grossProfit": "395724000", "totalRevenue": "507226000", "costOfRevenue": "111502000", "costofGoodsAndServicesSold": "19904000", "operatingIncome": "157054000", "sellingGeneralAndAdministrative": "49088000", "researchAndDevelopment": "None", "operatingExpenses": "157227000", "investmentIncomeNet": "-94988000", "netInterestIncome": "-5188000", "interestIncome": "699000", "interestExpense": "5188000", "nonInterestIncome": "4423000", "otherNonOperatingIncome": "-31588000", "depreciation": "71300000", "depreciationAndAmortization": "107400000", "incomeBeforeTax": "22648000", "incomeTaxExpense": "-165000", "interestAndDebtExpense": "5188000", "netIncomeFromContinuingOperations": "23118000", "comprehensiveIncomeNetOfTax": "1783000", "ebit": "157054000", "ebitda": "135236000", "netIncome": "22813000"}, {"fiscalDateEnding": "2020-03-31", "reportedCurrency": "USD", "grossProfit": "401553000", "totalRevenue": "517067000", "costOfRevenue": "115514000", "costofGoodsAndServicesSold": "19715000", "operatingIncome": "151203000", "sellingGeneralAndAdministrative": "49617000", "researchAndDevelopment": "None", "operatingExpenses": "163016000", "investmentIncomeNet": "-94966000", "netInterestIncome": "-5139000", "interestIncome": "885000", "interestExpense": "5139000", "nonInterestIncome": "-205421000", "otherNonOperatingIncome": "-226299000", "depreciation": "71800000", "depreciationAndAmortization": "110700000", "incomeBeforeTax": "-193596000", "incomeTaxExpense": "-66538000", "interestAndDebtExpense": "5139000", "netIncomeFromContinuingOperations": "-127933000", "comprehensiveIncomeNetOfTax": "-403956000", "ebit": "151203000", "ebitda": "-77757000", "netIncome": "-127058000"}, {"fiscalDateEnding": "2019-12-31", "reportedCurrency": "USD", "grossProfit": "392400000", "totalRevenue": "513659000", "costOfRevenue": "121258000", "costofGoodsAndServicesSold": "26474000", "operatingIncome": "153920000", "sellingGeneralAndAdministrative": "43962000", "researchAndDevelopment": "None", "operatingExpenses": "197547000", "investmentIncomeNet": "-96547000", "netInterestIncome": "-7948000", "interestIncome": "808000", "interestExpense": "7948000", "nonInterestIncome": "71337000", "otherNonOperatingIncome": "35349000", "depreciation": "71500000", "depreciationAndAmortization": "109175000", "incomeBeforeTax": "84142000", "incomeTaxExpense": "16792000", "interestAndDebtExpense": "8183000", "netIncomeFromContinuingOperations": "153920000", "comprehensiveIncomeNetOfTax": "118904000", "ebit": "153920000", "ebitda": "201265000", "netIncome": "67350000"}, {"fiscalDateEnding": "2019-09-30", "reportedCurrency": "USD", "grossProfit": "384038000", "totalRevenue": "507547000", "costOfRevenue": "123509000", "costofGoodsAndServicesSold": "30516000", "operatingIncome": "153847000", "sellingGeneralAndAdministrative": "42272000", "researchAndDevelopment": "None", "operatingExpenses": "145772000", "investmentIncomeNet": "-95256000", "netInterestIncome": "-5157000", "interestIncome": "1311000", "interestExpense": "5157000", "nonInterestIncome": "38975000", "otherNonOperatingIncome": "-33551000", "depreciation": "71400000", "depreciationAndAmortization": "103500000", "incomeBeforeTax": "18677000", "incomeTaxExpense": "-3002000", "interestAndDebtExpense": "5157000", "netIncomeFromContinuingOperations": "21766000", "comprehensiveIncomeNetOfTax": "-44179000", "ebit": "153847000", "ebitda": "127334000", "netIncome": "21679000"}, {"fiscalDateEnding": "2019-06-30", "reportedCurrency": "USD", "grossProfit": "375699000", "totalRevenue": "500147000", "costOfRevenue": "124448000", "costofGoodsAndServicesSold": "30988000", "operatingIncome": "136452000", "sellingGeneralAndAdministrative": "55524000", "researchAndDevelopment": "None", "operatingExpenses": "157524000", "investmentIncomeNet": "-95866000", "netInterestIncome": "-5116000", "interestIncome": "1581000", "interestExpense": "5116000", "nonInterestIncome": "41144000", "otherNonOperatingIncome": "12762000", "depreciation": "69500000", "depreciationAndAmortization": "102000000", "incomeBeforeTax": "47581000", "incomeTaxExpense": "15608000", "interestAndDebtExpense": "5116000", "netIncomeFromContinuingOperations": "31973000", "comprehensiveIncomeNetOfTax": "8814000", "ebit": "136452000", "ebitda": "154697000", "netIncome": "31973000"}, {"fiscalDateEnding": "2019-03-31", "reportedCurrency": "USD", "grossProfit": "369478000", "totalRevenue": "493292000", "costOfRevenue": "123815000", "costofGoodsAndServicesSold": "31101000", "operatingIncome": "139269000", "sellingGeneralAndAdministrative": "50959000", "researchAndDevelopment": "None", "operatingExpenses": "152759000", "investmentIncomeNet": "-96867000", "netInterestIncome": "-5061000", "interestIncome": "-102569000", "interestExpense": "5061000", "nonInterestIncome": "39010000", "otherNonOperatingIncome": "-508000", "depreciation": "69200000", "depreciationAndAmortization": "101800000", "incomeBeforeTax": "36196000", "incomeTaxExpense": "10207000", "interestAndDebtExpense": "5061000", "netIncomeFromContinuingOperations": "25989000", "comprehensiveIncomeNetOfTax": "6133000", "ebit": "139269000", "ebitda": "143057000", "netIncome": "25989000"}, {"fiscalDateEnding": "2018-12-31", "reportedCurrency": "USD", "grossProfit": "361547000", "totalRevenue": "483849000", "costOfRevenue": "122302000", "costofGoodsAndServicesSold": "28806000", "operatingIncome": "150321000", "sellingGeneralAndAdministrative": "35625000", "researchAndDevelopment": "None", "operatingExpenses": "164176000", "investmentIncomeNet": "-96180000", "netInterestIncome": "-5924000", "interestIncome": "None", "interestExpense": "5924000", "nonInterestIncome": "468785000", "otherNonOperatingIncome": "24551000", "depreciation": "68600000", "depreciationAndAmortization": "100900000", "incomeBeforeTax": "73030000", "incomeTaxExpense": "15878000", "interestAndDebtExpense": "5924000", "netIncomeFromContinuingOperations": "150321000", "comprehensiveIncomeNetOfTax": "73765000", "ebit": "150321000", "ebitda": "179854000", "netIncome": "57152000"}, {"fiscalDateEnding": "2018-09-30", "reportedCurrency": "USD", "grossProfit": "350480000", "totalRevenue": "467221000", "costOfRevenue": "116741000", "costofGoodsAndServicesSold": "24447000", "operatingIncome": "138006000", "sellingGeneralAndAdministrative": "34908000", "researchAndDevelopment": "None", "operatingExpenses": "135008000", "investmentIncomeNet": "-93711000", "netInterestIncome": "-4980000", "interestIncome": "None", "interestExpense": "4980000", "nonInterestIncome": "409360000", "otherNonOperatingIncome": "-24518000", "depreciation": "67500000", "depreciationAndAmortization": "100100000", "incomeBeforeTax": "14165000", "incomeTaxExpense": "-1979000", "interestAndDebtExpense": "4980000", "netIncomeFromContinuingOperations": "16144000", "comprehensiveIncomeNetOfTax": "-11454000", "ebit": "138006000", "ebitda": "119245000", "netIncome": "16144000"}, {"fiscalDateEnding": "2018-06-30", "reportedCurrency": "USD", "grossProfit": "341909000", "totalRevenue": "456322000", "costOfRevenue": "114414000", "costofGoodsAndServicesSold": "20726000", "operatingIncome": "125870000", "sellingGeneralAndAdministrative": "35943000", "researchAndDevelopment": "None", "operatingExpenses": "137243000", "investmentIncomeNet": "-91968000", "netInterestIncome": "-4897000", "interestIncome": "None", "interestExpense": "4897000", "nonInterestIncome": "340984000", "otherNonOperatingIncome": "-90210000", "depreciation": "68100000", "depreciationAndAmortization": "101300000", "incomeBeforeTax": "-75641000", "incomeTaxExpense": "-18249000", "interestAndDebtExpense": "4897000", "netIncomeFromContinuingOperations": "-57391000", "comprehensiveIncomeNetOfTax": "-179201000", "ebit": "125870000", "ebitda": "30556000", "netIncome": "-57392000"}, {"fiscalDateEnding": "2018-03-31", "reportedCurrency": "USD", "grossProfit": "342965000", "totalRevenue": "458303000", "costOfRevenue": "115337000", "costofGoodsAndServicesSold": "22520000", "operatingIncome": "129969000", "sellingGeneralAndAdministrative": "36049000", "researchAndDevelopment": "None", "operatingExpenses": "136349000", "investmentIncomeNet": "-87628000", "netInterestIncome": "-5388000", "interestIncome": "None", "interestExpense": "5388000", "nonInterestIncome": "431520000", "otherNonOperatingIncome": "4553000", "depreciation": "65000000", "depreciationAndAmortization": "100300000", "incomeBeforeTax": "40129000", "incomeTaxExpense": "8582000", "interestAndDebtExpense": "6033000", "netIncomeFromContinuingOperations": "31545000", "comprehensiveIncomeNetOfTax": "31896000", "ebit": "129969000", "ebitda": "145817000", "netIncome": "31547000"}, {"fiscalDateEnding": "2017-12-31", "reportedCurrency": "USD", "grossProfit": "328543000", "totalRevenue": "443073000", "costOfRevenue": "114529000", "costofGoodsAndServicesSold": "114529000", "operatingIncome": "119081000", "sellingGeneralAndAdministrative": "30520000", "researchAndDevelopment": "None", "operatingExpenses": "166596000", "investmentIncomeNet": "-83645000", "netInterestIncome": "-6437000", "interestIncome": "None", "interestExpense": "6437000", "nonInterestIncome": "393681000", "otherNonOperatingIncome": "-18636000", "depreciation": "65200000", "depreciationAndAmortization": "97300000", "incomeBeforeTax": "10730000", "incomeTaxExpense": "3070000", "interestAndDebtExpense": "6437000", "netIncomeFromContinuingOperations": "119081000", "comprehensiveIncomeNetOfTax": "-29350000", "ebit": "119081000", "ebitda": "114467000", "netIncome": "7660000"}, {"fiscalDateEnding": "2017-09-30", "reportedCurrency": "USD", "grossProfit": "322477000", "totalRevenue": "433945000", "costOfRevenue": "111468000", "costofGoodsAndServicesSold": "111468000", "operatingIncome": "117011000", "sellingGeneralAndAdministrative": "32559000", "researchAndDevelopment": "None", "operatingExpenses": "129359000", "investmentIncomeNet": "-78852000", "netInterestIncome": "-4957000", "interestIncome": "None", "interestExpense": "4957000", "nonInterestIncome": "426938000", "otherNonOperatingIncome": "20062000", "depreciation": "65000000", "depreciationAndAmortization": "96800000", "incomeBeforeTax": "52539000", "incomeTaxExpense": "3378000", "interestAndDebtExpense": "4957000", "netIncomeFromContinuingOperations": "49161000", "comprehensiveIncomeNetOfTax": "85633000", "ebit": "117011000", "ebitda": "154296000", "netIncome": "49161000"}, {"fiscalDateEnding": "2017-06-30", "reportedCurrency": "USD", "grossProfit": "317950000", "totalRevenue": "427294000", "costOfRevenue": "109344000", "costofGoodsAndServicesSold": "109344000", "operatingIncome": "114590000", "sellingGeneralAndAdministrative": "33394000", "researchAndDevelopment": "None", "operatingExpenses": "128494000", "investmentIncomeNet": "-75547000", "netInterestIncome": "-4949000", "interestIncome": "None", "interestExpense": "4949000", "nonInterestIncome": "380640000", "otherNonOperatingIncome": "-18793000", "depreciation": "64200000", "depreciationAndAmortization": "95100000", "incomeBeforeTax": "12623000", "incomeTaxExpense": "3390000", "interestAndDebtExpense": "6910000", "netIncomeFromContinuingOperations": "9233000", "comprehensiveIncomeNetOfTax": "-26790000", "ebit": "114590000", "ebitda": "112672000", "netIncome": "9233000"}, {"fiscalDateEnding": "2017-03-31", "reportedCurrency": "USD", "grossProfit": "312393000", "totalRevenue": "423362000", "costOfRevenue": "110970000", "costofGoodsAndServicesSold": "110970000", "operatingIncome": "107819000", "sellingGeneralAndAdministrative": "34223000", "researchAndDevelopment": "None", "operatingExpenses": "129123000", "investmentIncomeNet": "-74368000", "netInterestIncome": "-6698000", "interestIncome": "None", "interestExpense": "6698000", "nonInterestIncome": "411209000", "otherNonOperatingIncome": "14948000", "depreciation": "64100000", "depreciationAndAmortization": "94900000", "incomeBeforeTax": "40998000", "incomeTaxExpense": "3398000", "interestAndDebtExpense": "6698000", "netIncomeFromContinuingOperations": "37598000", "comprehensiveIncomeNetOfTax": "64883000", "ebit": "107819000", "ebitda": "142596000", "netIncome": "37600000"}, {"fiscalDateEnding": "2016-12-31", "reportedCurrency": "USD", "grossProfit": "310238000", "totalRevenue": "416505000", "costOfRevenue": "106267000", "costofGoodsAndServicesSold": "106267000", "operatingIncome": "107430000", "sellingGeneralAndAdministrative": "33023000", "researchAndDevelopment": "None", "operatingExpenses": "179603000", "investmentIncomeNet": "-75034000", "netInterestIncome": "-6101000", "interestIncome": "None", "interestExpense": "6101000", "nonInterestIncome": "-18189000", "otherNonOperatingIncome": "2141000", "depreciation": "65300000", "depreciationAndAmortization": "93500000", "incomeBeforeTax": "10541000", "incomeTaxExpense": "5285000", "interestAndDebtExpense": "18189000", "netIncomeFromContinuingOperations": "107430000", "comprehensiveIncomeNetOfTax": "5464000", "ebit": "107430000", "ebitda": "110142000", "netIncome": "5256000"}]}