{"symbol": "SEE", "annualReports": [{"fiscalDateEnding": "2020-12-31", "reportedCurrency": "USD", "grossProfit": "1609300000", "totalRevenue": "4903200000", "costOfRevenue": "3293900000", "costofGoodsAndServicesSold": "9000000", "operatingIncome": "788100000", "sellingGeneralAndAdministrative": "772700000", "researchAndDevelopment": "95900000", "operatingExpenses": "905100000", "investmentIncomeNet": "None", "netInterestIncome": "-174400000", "interestIncome": "10200000", "interestExpense": "174400000", "nonInterestIncome": "4895300000", "otherNonOperatingIncome": "5800000", "depreciation": "136600000", "depreciationAndAmortization": "48400000", "incomeBeforeTax": "645000000", "incomeTaxExpense": "142100000", "interestAndDebtExpense": "174400000", "netIncomeFromContinuingOperations": "484100000", "comprehensiveIncomeNetOfTax": "448400000", "ebit": "819400000", "ebitda": "867800000", "netIncome": "502900000"}, {"fiscalDateEnding": "2019-12-31", "reportedCurrency": "USD", "grossProfit": "1564800000", "totalRevenue": "4791100000", "costOfRevenue": "3226300000", "costofGoodsAndServicesSold": "7200000", "operatingIncome": "578500000", "sellingGeneralAndAdministrative": "915500000", "researchAndDevelopment": "77300000", "operatingExpenses": "1166500000", "investmentIncomeNet": "None", "netInterestIncome": "-184100000", "interestIncome": "-203000000", "interestExpense": "184100000", "nonInterestIncome": "4707300000", "otherNonOperatingIncome": "8300000", "depreciation": "122000000", "depreciationAndAmortization": "38000000", "incomeBeforeTax": "339600000", "incomeTaxExpense": "76600000", "interestAndDebtExpense": "200200000", "netIncomeFromContinuingOperations": "293700000", "comprehensiveIncomeNetOfTax": "274400000", "ebit": "523700000", "ebitda": "561700000", "netIncome": "263000000"}, {"fiscalDateEnding": "2018-12-31", "reportedCurrency": "USD", "grossProfit": "1502100000", "totalRevenue": "4732700000", "costOfRevenue": "3230600000", "costofGoodsAndServicesSold": "4800000", "operatingIncome": "656300000", "sellingGeneralAndAdministrative": "782300000", "researchAndDevelopment": "80800000", "operatingExpenses": "872400000", "investmentIncomeNet": "None", "netInterestIncome": "-177900000", "interestIncome": "15100000", "interestExpense": "177900000", "nonInterestIncome": "4761500000", "otherNonOperatingIncome": "1000000", "depreciation": "115900000", "depreciationAndAmortization": "2400000", "incomeBeforeTax": "500600000", "incomeTaxExpense": "307500000", "interestAndDebtExpense": "177900000", "netIncomeFromContinuingOperations": "150300000", "comprehensiveIncomeNetOfTax": "131000000", "ebit": "678500000", "ebitda": "680900000", "netIncome": "193100000"}, {"fiscalDateEnding": "2017-12-31", "reportedCurrency": "USD", "grossProfit": "1412100000", "totalRevenue": "4461600000", "costOfRevenue": "3049500000", "costofGoodsAndServicesSold": "3600000", "operatingIncome": "571300000", "sellingGeneralAndAdministrative": "815600000", "researchAndDevelopment": "91800000", "operatingExpenses": "935300000", "investmentIncomeNet": "17600000", "netInterestIncome": "-201800000", "interestIncome": "-17600000", "interestExpense": "184200000", "nonInterestIncome": "-29900000", "otherNonOperatingIncome": "1200000", "depreciation": "107000000", "depreciationAndAmortization": "0", "incomeBeforeTax": "1145400000", "incomeTaxExpense": "330500000", "interestAndDebtExpense": "201800000", "netIncomeFromContinuingOperations": "62800000", "comprehensiveIncomeNetOfTax": "919100000", "ebit": "1329600000", "ebitda": "1329600000", "netIncome": "814900000"}, {"fiscalDateEnding": "2016-12-31", "reportedCurrency": "USD", "grossProfit": "1401000000", "totalRevenue": "4211300000", "costOfRevenue": "2810300000", "costofGoodsAndServicesSold": "6400000", "operatingIncome": "628900000", "sellingGeneralAndAdministrative": "754300000", "researchAndDevelopment": "88000000", "operatingExpenses": "1996700000", "investmentIncomeNet": "13000000", "netInterestIncome": "-213100000", "interestIncome": "-21200000", "interestExpense": "191900000", "nonInterestIncome": "6400000", "otherNonOperatingIncome": "800000", "depreciation": "88200000", "depreciationAndAmortization": "1700000", "incomeBeforeTax": "582000000", "incomeTaxExpense": "95600000", "interestAndDebtExpense": "213200000", "netIncomeFromContinuingOperations": "292300000", "comprehensiveIncomeNetOfTax": "357300000", "ebit": "773900000", "ebitda": "775600000", "netIncome": "486400000"}], "quarterlyReports": [{"fiscalDateEnding": "2021-09-30", "reportedCurrency": "USD", "grossProfit": "403700000", "totalRevenue": "1406700000", "costOfRevenue": "1003000000", "costofGoodsAndServicesSold": "1300000", "operatingIncome": "201300000", "sellingGeneralAndAdministrative": "190300000", "researchAndDevelopment": "None", "operatingExpenses": "201900000", "investmentIncomeNet": "None", "netInterestIncome": "-42400000", "interestIncome": "2000000", "interestExpense": "42400000", "nonInterestIncome": "1381000000", "otherNonOperatingIncome": "5300000", "depreciation": "34900000", "depreciationAndAmortization": "12400000", "incomeBeforeTax": "154300000", "incomeTaxExpense": "46600000", "interestAndDebtExpense": "57100000", "netIncomeFromContinuingOperations": "107800000", "comprehensiveIncomeNetOfTax": "84900000", "ebit": "196700000", "ebitda": "209100000", "netIncome": "107700000"}, {"fiscalDateEnding": "2021-06-30", "reportedCurrency": "USD", "grossProfit": "400700000", "totalRevenue": "1328500000", "costOfRevenue": "927800000", "costofGoodsAndServicesSold": "3400000", "operatingIncome": "196900000", "sellingGeneralAndAdministrative": "192000000", "researchAndDevelopment": "None", "operatingExpenses": "203000000", "investmentIncomeNet": "None", "netInterestIncome": "-42100000", "interestIncome": "2000000", "interestExpense": "42100000", "nonInterestIncome": "1317300000", "otherNonOperatingIncome": "900000", "depreciation": "36000000", "depreciationAndAmortization": "12300000", "incomeBeforeTax": "153900000", "incomeTaxExpense": "45800000", "interestAndDebtExpense": "42100000", "netIncomeFromContinuingOperations": "108600000", "comprehensiveIncomeNetOfTax": "132900000", "ebit": "196000000", "ebitda": "208300000", "netIncome": "108100000"}, {"fiscalDateEnding": "2021-03-31", "reportedCurrency": "USD", "grossProfit": "401100000", "totalRevenue": "1267100000", "costOfRevenue": "866000000", "costofGoodsAndServicesSold": "3200000", "operatingIncome": "202500000", "sellingGeneralAndAdministrative": "188900000", "researchAndDevelopment": "None", "operatingExpenses": "200100000", "investmentIncomeNet": "None", "netInterestIncome": "-43100000", "interestIncome": "2000000", "interestExpense": "43100000", "nonInterestIncome": "1263200000", "otherNonOperatingIncome": "1500000", "depreciation": "35900000", "depreciationAndAmortization": "12300000", "incomeBeforeTax": "164700000", "incomeTaxExpense": "54600000", "interestAndDebtExpense": "43100000", "netIncomeFromContinuingOperations": "105800000", "comprehensiveIncomeNetOfTax": "104000000", "ebit": "207800000", "ebitda": "220100000", "netIncome": "110100000"}, {"fiscalDateEnding": "2020-12-31", "reportedCurrency": "USD", "grossProfit": "424400000", "totalRevenue": "1340900000", "costOfRevenue": "916500000", "costofGoodsAndServicesSold": "2800000", "operatingIncome": "220800000", "sellingGeneralAndAdministrative": "194800000", "researchAndDevelopment": "None", "operatingExpenses": "293400000", "investmentIncomeNet": "None", "netInterestIncome": "-43700000", "interestIncome": "2400000", "interestExpense": "43700000", "nonInterestIncome": "1333100000", "otherNonOperatingIncome": "800000", "depreciation": "34800000", "depreciationAndAmortization": "12300000", "incomeBeforeTax": "189600000", "incomeTaxExpense": "47400000", "interestAndDebtExpense": "43700000", "netIncomeFromContinuingOperations": "137500000", "comprehensiveIncomeNetOfTax": "177600000", "ebit": "233300000", "ebitda": "245600000", "netIncome": "142200000"}, {"fiscalDateEnding": "2020-09-30", "reportedCurrency": "USD", "grossProfit": "404500000", "totalRevenue": "1237200000", "costOfRevenue": "832700000", "costofGoodsAndServicesSold": "3000000", "operatingIncome": "194500000", "sellingGeneralAndAdministrative": "199300000", "researchAndDevelopment": "None", "operatingExpenses": "215800000", "investmentIncomeNet": "None", "netInterestIncome": "-43000000", "interestIncome": "-45500000", "interestExpense": "43000000", "nonInterestIncome": "1229300000", "otherNonOperatingIncome": "1400000", "depreciation": "34200000", "depreciationAndAmortization": "12300000", "incomeBeforeTax": "151400000", "incomeTaxExpense": "17400000", "interestAndDebtExpense": "43000000", "netIncomeFromContinuingOperations": "131800000", "comprehensiveIncomeNetOfTax": "128100000", "ebit": "194400000", "ebitda": "206700000", "netIncome": "134000000"}, {"fiscalDateEnding": "2020-06-30", "reportedCurrency": "USD", "grossProfit": "389900000", "totalRevenue": "1151200000", "costOfRevenue": "761300000", "costofGoodsAndServicesSold": "1400000", "operatingIncome": "186000000", "sellingGeneralAndAdministrative": "184500000", "researchAndDevelopment": "None", "operatingExpenses": "204400000", "investmentIncomeNet": "None", "netInterestIncome": "-43300000", "interestIncome": "-43900000", "interestExpense": "43300000", "nonInterestIncome": "1144200000", "otherNonOperatingIncome": "3600000", "depreciation": "33600000", "depreciationAndAmortization": "12100000", "incomeBeforeTax": "144700000", "incomeTaxExpense": "44600000", "interestAndDebtExpense": "43300000", "netIncomeFromContinuingOperations": "100300000", "comprehensiveIncomeNetOfTax": "125400000", "ebit": "188000000", "ebitda": "200100000", "netIncome": "100100000"}, {"fiscalDateEnding": "2020-03-31", "reportedCurrency": "USD", "grossProfit": "390500000", "totalRevenue": "1173900000", "costOfRevenue": "783400000", "costofGoodsAndServicesSold": "1800000", "operatingIncome": "186800000", "sellingGeneralAndAdministrative": "194100000", "researchAndDevelopment": "None", "operatingExpenses": "193700000", "investmentIncomeNet": "None", "netInterestIncome": "-44400000", "interestIncome": "3400000", "interestExpense": "44400000", "nonInterestIncome": "1186500000", "otherNonOperatingIncome": "0", "depreciation": "34000000", "depreciationAndAmortization": "11700000", "incomeBeforeTax": "159300000", "incomeTaxExpense": "32700000", "interestAndDebtExpense": "44400000", "netIncomeFromContinuingOperations": "114500000", "comprehensiveIncomeNetOfTax": "17300000", "ebit": "203700000", "ebitda": "215400000", "netIncome": "126600000"}, {"fiscalDateEnding": "2019-12-31", "reportedCurrency": "USD", "grossProfit": "429300000", "totalRevenue": "1298900000", "costOfRevenue": "869600000", "costofGoodsAndServicesSold": "400000", "operatingIncome": "205000000", "sellingGeneralAndAdministrative": "215600000", "researchAndDevelopment": "None", "operatingExpenses": "295300000", "investmentIncomeNet": "None", "netInterestIncome": "-47500000", "interestIncome": "-51100000", "interestExpense": "47500000", "nonInterestIncome": "1238100000", "otherNonOperatingIncome": "400000", "depreciation": "33300000", "depreciationAndAmortization": "13000000", "incomeBeforeTax": "115400000", "incomeTaxExpense": "11100000", "interestAndDebtExpense": "63600000", "netIncomeFromContinuingOperations": "124400000", "comprehensiveIncomeNetOfTax": "124100000", "ebit": "162900000", "ebitda": "175900000", "netIncome": "104300000"}, {"fiscalDateEnding": "2019-09-30", "reportedCurrency": "USD", "grossProfit": "392000000", "totalRevenue": "1218500000", "costOfRevenue": "826500000", "costofGoodsAndServicesSold": "2700000", "operatingIncome": "154000000", "sellingGeneralAndAdministrative": "221600000", "researchAndDevelopment": "None", "operatingExpenses": "252400000", "investmentIncomeNet": "None", "netInterestIncome": "-48500000", "interestIncome": "-54800000", "interestExpense": "48500000", "nonInterestIncome": "1210200000", "otherNonOperatingIncome": "500000", "depreciation": "31700000", "depreciationAndAmortization": "11900000", "incomeBeforeTax": "90800000", "incomeTaxExpense": "22800000", "interestAndDebtExpense": "48500000", "netIncomeFromContinuingOperations": "79500000", "comprehensiveIncomeNetOfTax": "50600000", "ebit": "139300000", "ebitda": "151200000", "netIncome": "68000000"}, {"fiscalDateEnding": "2019-06-30", "reportedCurrency": "USD", "grossProfit": "378300000", "totalRevenue": "1161000000", "costOfRevenue": "782700000", "costofGoodsAndServicesSold": "2000000", "operatingIncome": "78400000", "sellingGeneralAndAdministrative": "266200000", "researchAndDevelopment": "None", "operatingExpenses": "375600000", "investmentIncomeNet": "None", "netInterestIncome": "-43200000", "interestIncome": "4100000", "interestExpense": "43200000", "nonInterestIncome": "1152400000", "otherNonOperatingIncome": "6200000", "depreciation": "28800000", "depreciationAndAmortization": "6400000", "incomeBeforeTax": "45500000", "incomeTaxExpense": "12300000", "interestAndDebtExpense": "43200000", "netIncomeFromContinuingOperations": "25500000", "comprehensiveIncomeNetOfTax": "20400000", "ebit": "88700000", "ebitda": "95100000", "netIncome": "33200000"}, {"fiscalDateEnding": "2019-03-31", "reportedCurrency": "USD", "grossProfit": "365200000", "totalRevenue": "1112700000", "costOfRevenue": "747500000", "costofGoodsAndServicesSold": "2100000", "operatingIncome": "141100000", "sellingGeneralAndAdministrative": "212100000", "researchAndDevelopment": "None", "operatingExpenses": "232400000", "investmentIncomeNet": "None", "netInterestIncome": "-44900000", "interestIncome": "-49500000", "interestExpense": "44900000", "nonInterestIncome": "1106600000", "otherNonOperatingIncome": "1200000", "depreciation": "28300000", "depreciationAndAmortization": "-900000", "incomeBeforeTax": "87900000", "incomeTaxExpense": "30400000", "interestAndDebtExpense": "44900000", "netIncomeFromContinuingOperations": "64300000", "comprehensiveIncomeNetOfTax": "79300000", "ebit": "132800000", "ebitda": "131900000", "netIncome": "57500000"}, {"fiscalDateEnding": "2018-12-31", "reportedCurrency": "USD", "grossProfit": "399100000", "totalRevenue": "1260300000", "costOfRevenue": "861200000", "costofGoodsAndServicesSold": "861200000", "operatingIncome": "165400000", "sellingGeneralAndAdministrative": "203400000", "researchAndDevelopment": "80800000", "operatingExpenses": "255400000", "investmentIncomeNet": "None", "netInterestIncome": "-46600000", "interestIncome": "None", "interestExpense": "46600000", "nonInterestIncome": "1308900000", "otherNonOperatingIncome": "5500000", "depreciation": "28300000", "depreciationAndAmortization": "2000000", "incomeBeforeTax": "119400000", "incomeTaxExpense": "-80900000", "interestAndDebtExpense": "44700000", "netIncomeFromContinuingOperations": "199400000", "comprehensiveIncomeNetOfTax": "164000000", "ebit": "166000000", "ebitda": "168000000", "netIncome": "200300000"}, {"fiscalDateEnding": "2018-09-30", "reportedCurrency": "USD", "grossProfit": "365500000", "totalRevenue": "1186200000", "costOfRevenue": "820700000", "costofGoodsAndServicesSold": "820700000", "operatingIncome": "163200000", "sellingGeneralAndAdministrative": "192100000", "researchAndDevelopment": "None", "operatingExpenses": "204500000", "investmentIncomeNet": "None", "netInterestIncome": "-44800000", "interestIncome": "None", "interestExpense": "44800000", "nonInterestIncome": "1180500000", "otherNonOperatingIncome": "-4500000", "depreciation": "29000000", "depreciationAndAmortization": "100000", "incomeBeforeTax": "112400000", "incomeTaxExpense": "33400000", "interestAndDebtExpense": "46300000", "netIncomeFromContinuingOperations": "75600000", "comprehensiveIncomeNetOfTax": "67100000", "ebit": "157200000", "ebitda": "157300000", "netIncome": "79000000"}, {"fiscalDateEnding": "2018-06-30", "reportedCurrency": "USD", "grossProfit": "363500000", "totalRevenue": "1155200000", "costOfRevenue": "791700000", "costofGoodsAndServicesSold": "791700000", "operatingIncome": "160200000", "sellingGeneralAndAdministrative": "192800000", "researchAndDevelopment": "None", "operatingExpenses": "201600000", "investmentIncomeNet": "None", "netInterestIncome": "-44500000", "interestIncome": "None", "interestExpense": "44500000", "nonInterestIncome": "1145400000", "otherNonOperatingIncome": "1800000", "depreciation": "29700000", "depreciationAndAmortization": "100000", "incomeBeforeTax": "147900000", "incomeTaxExpense": "33500000", "interestAndDebtExpense": "44900000", "netIncomeFromContinuingOperations": "83300000", "comprehensiveIncomeNetOfTax": "81400000", "ebit": "192400000", "ebitda": "192500000", "netIncome": "114400000"}, {"fiscalDateEnding": "2018-03-31", "reportedCurrency": "USD", "grossProfit": "374000000", "totalRevenue": "1131000000", "costOfRevenue": "757000000", "costofGoodsAndServicesSold": "757000000", "operatingIncome": "167500000", "sellingGeneralAndAdministrative": "194000000", "researchAndDevelopment": "None", "operatingExpenses": "209300000", "investmentIncomeNet": "None", "netInterestIncome": "-42000000", "interestIncome": "None", "interestExpense": "42000000", "nonInterestIncome": "1112400000", "otherNonOperatingIncome": "-1800000", "depreciation": "28900000", "depreciationAndAmortization": "-200000", "incomeBeforeTax": "120900000", "incomeTaxExpense": "321500000", "interestAndDebtExpense": "42000000", "netIncomeFromContinuingOperations": "-208000000", "comprehensiveIncomeNetOfTax": "-181500000", "ebit": "162900000", "ebitda": "162700000", "netIncome": "-200600000"}, {"fiscalDateEnding": "2017-12-31", "reportedCurrency": "USD", "grossProfit": "372500000", "totalRevenue": "1227800000", "costOfRevenue": "855300000", "costofGoodsAndServicesSold": "-2300000", "operatingIncome": "158300000", "sellingGeneralAndAdministrative": "207400000", "researchAndDevelopment": "91800000", "operatingExpenses": "326200000", "investmentIncomeNet": "7300000", "netInterestIncome": "-48100000", "interestIncome": "-7300000", "interestExpense": "40800000", "nonInterestIncome": "-10900000", "otherNonOperatingIncome": "1300000", "depreciation": "31100000", "depreciationAndAmortization": "0", "incomeBeforeTax": "60500000", "incomeTaxExpense": "94000000", "interestAndDebtExpense": "48100000", "netIncomeFromContinuingOperations": "25000000", "comprehensiveIncomeNetOfTax": "-42500000", "ebit": "101300000", "ebitda": "101300000", "netIncome": "-33500000"}, {"fiscalDateEnding": "2017-09-30", "reportedCurrency": "USD", "grossProfit": "360700000", "totalRevenue": "1131300000", "costOfRevenue": "770600000", "costofGoodsAndServicesSold": "2200000", "operatingIncome": "143500000", "sellingGeneralAndAdministrative": "207900000", "researchAndDevelopment": "None", "operatingExpenses": "205800000", "investmentIncomeNet": "4900000", "netInterestIncome": "-1800000", "interestIncome": "47300000", "interestExpense": "49100000", "nonInterestIncome": "-300000", "otherNonOperatingIncome": "-100000", "depreciation": "27300000", "depreciationAndAmortization": "0", "incomeBeforeTax": "831200000", "incomeTaxExpense": "43700000", "interestAndDebtExpense": "1800000", "netIncomeFromContinuingOperations": "62500000", "comprehensiveIncomeNetOfTax": "872200000", "ebit": "880300000", "ebitda": "880300000", "netIncome": "787500000"}, {"fiscalDateEnding": "2017-06-30", "reportedCurrency": "USD", "grossProfit": "343500000", "totalRevenue": "1070300000", "costOfRevenue": "726800000", "costofGoodsAndServicesSold": "1300000", "operatingIncome": "138400000", "sellingGeneralAndAdministrative": "202900000", "researchAndDevelopment": "None", "operatingExpenses": "214200000", "investmentIncomeNet": "3200000", "netInterestIncome": "-50900000", "interestIncome": "-3200000", "interestExpense": "47700000", "nonInterestIncome": "-3500000", "otherNonOperatingIncome": "-900000", "depreciation": "24500000", "depreciationAndAmortization": "0", "incomeBeforeTax": "160500000", "incomeTaxExpense": "56400000", "interestAndDebtExpense": "50900000", "netIncomeFromContinuingOperations": "29000000", "comprehensiveIncomeNetOfTax": "82500000", "ebit": "208200000", "ebitda": "208200000", "netIncome": "104100000"}, {"fiscalDateEnding": "2017-03-31", "reportedCurrency": "USD", "grossProfit": "335400000", "totalRevenue": "1032200000", "costOfRevenue": "696800000", "costofGoodsAndServicesSold": "2400000", "operatingIncome": "131100000", "sellingGeneralAndAdministrative": "197400000", "researchAndDevelopment": "None", "operatingExpenses": "254500000", "investmentIncomeNet": "2200000", "netInterestIncome": "-48800000", "interestIncome": "-2200000", "interestExpense": "46600000", "nonInterestIncome": "-4000000", "otherNonOperatingIncome": "900000", "depreciation": "24100000", "depreciationAndAmortization": "0", "incomeBeforeTax": "93200000", "incomeTaxExpense": "136400000", "interestAndDebtExpense": "48800000", "netIncomeFromContinuingOperations": "-53700000", "comprehensiveIncomeNetOfTax": "6900000", "ebit": "139800000", "ebitda": "139800000", "netIncome": "-43200000"}, {"fiscalDateEnding": "2016-12-31", "reportedCurrency": "USD", "grossProfit": "362900000", "totalRevenue": "1105200000", "costOfRevenue": "742300000", "costofGoodsAndServicesSold": "-600000", "operatingIncome": "165500000", "sellingGeneralAndAdministrative": "187600000", "researchAndDevelopment": "88000000", "operatingExpenses": "609700000", "investmentIncomeNet": "3400000", "netInterestIncome": "-51300000", "interestIncome": "-21200000", "interestExpense": "30100000", "nonInterestIncome": "3400000", "otherNonOperatingIncome": "3600000", "depreciation": "23300000", "depreciationAndAmortization": "900000", "incomeBeforeTax": "173900000", "incomeTaxExpense": "2800000", "interestAndDebtExpense": "51300000", "netIncomeFromContinuingOperations": "151300000", "comprehensiveIncomeNetOfTax": "80900000", "ebit": "204000000", "ebitda": "204900000", "netIncome": "171100000"}]}