{"symbol": "SHW", "annualReports": [{"fiscalDateEnding": "2020-12-31", "reportedCurrency": "USD", "grossProfit": "8682600000", "totalRevenue": "18002200000", "costOfRevenue": "15514700000", "costofGoodsAndServicesSold": "9679100000", "operatingIncome": "3373800000", "sellingGeneralAndAdministrative": "5477900000", "researchAndDevelopment": "None", "operatingExpenses": "5878100000", "investmentIncomeNet": "3600000", "netInterestIncome": "-340400000", "interestIncome": "-1200000", "interestExpense": "340400000", "nonInterestIncome": "18342600000", "otherNonOperatingIncome": "-5300000", "depreciation": "268000000", "depreciationAndAmortization": "313400000", "incomeBeforeTax": "2519200000", "incomeTaxExpense": "488800000", "interestAndDebtExpense": "361700000", "netIncomeFromContinuingOperations": "2030400000", "comprehensiveIncomeNetOfTax": "1991600000", "ebit": "2859600000", "ebitda": "3173000000", "netIncome": "2030400000"}, {"fiscalDateEnding": "2019-12-31", "reportedCurrency": "USD", "grossProfit": "8036100000", "totalRevenue": "17900800000", "costOfRevenue": "9864700000", "costofGoodsAndServicesSold": "9864700000", "operatingIncome": "2808800000", "sellingGeneralAndAdministrative": "5274900000", "researchAndDevelopment": "None", "operatingExpenses": "5723000000", "investmentIncomeNet": "25900000", "netInterestIncome": "-349300000", "interestIncome": "25900000", "interestExpense": "349300000", "nonInterestIncome": "17850200000", "otherNonOperatingIncome": "-16700000", "depreciation": "262100000", "depreciationAndAmortization": "312800000", "incomeBeforeTax": "1981800000", "incomeTaxExpense": "440500000", "interestAndDebtExpense": "364100000", "netIncomeFromContinuingOperations": "1541300000", "comprehensiveIncomeNetOfTax": "1500000000", "ebit": "2331100000", "ebitda": "2643900000", "netIncome": "1541300000"}, {"fiscalDateEnding": "2018-12-31", "reportedCurrency": "USD", "grossProfit": "7418600000", "totalRevenue": "17534500000", "costOfRevenue": "10115931000", "costofGoodsAndServicesSold": "10115900000", "operatingIncome": "2611600000", "sellingGeneralAndAdministrative": "5033800000", "researchAndDevelopment": "51922000", "operatingExpenses": "5744192000", "investmentIncomeNet": "5286000", "netInterestIncome": "-367000000", "interestIncome": "-300000", "interestExpense": "366700000", "nonInterestIncome": "-20357000", "otherNonOperatingIncome": "-20100000", "depreciation": "278200000", "depreciationAndAmortization": "318112000", "incomeBeforeTax": "1359700000", "incomeTaxExpense": "251000000", "interestAndDebtExpense": "367000000", "netIncomeFromContinuingOperations": "1108700000", "comprehensiveIncomeNetOfTax": "866000000", "ebit": "1726400000", "ebitda": "2044512000", "netIncome": "1108700000"}, {"fiscalDateEnding": "2017-12-31", "reportedCurrency": "USD", "grossProfit": "6718800000", "totalRevenue": "14983800000", "costOfRevenue": "8264988000", "costofGoodsAndServicesSold": "8265000000", "operatingIncome": "2235100000", "sellingGeneralAndAdministrative": "4797600000", "researchAndDevelopment": "58474000", "operatingExpenses": "5124043000", "investmentIncomeNet": "8571000", "netInterestIncome": "-263000000", "interestIncome": "500000", "interestExpense": "263500000", "nonInterestIncome": "-5872000", "otherNonOperatingIncome": "32700000", "depreciation": "285000000", "depreciationAndAmortization": "206764000", "incomeBeforeTax": "1427700000", "incomeTaxExpense": "-300200000", "interestAndDebtExpense": "263000000", "netIncomeFromContinuingOperations": "1769500000", "comprehensiveIncomeNetOfTax": "1883400000", "ebit": "1691200000", "ebitda": "1897964000", "netIncome": "1727900000"}, {"fiscalDateEnding": "2016-12-31", "reportedCurrency": "USD", "grossProfit": "5921258000", "totalRevenue": "11855602000", "costOfRevenue": "5934300000", "costofGoodsAndServicesSold": "5933337000", "operatingIncome": "2164000000", "sellingGeneralAndAdministrative": "4140260000", "researchAndDevelopment": "58041000", "operatingExpenses": "4269207000", "investmentIncomeNet": "4960000", "netInterestIncome": "-154088000", "interestIncome": "4960000", "interestExpense": "154088000", "nonInterestIncome": "23229000", "otherNonOperatingIncome": "11823000", "depreciation": "172074000", "depreciationAndAmortization": "25637000", "incomeBeforeTax": "1595203000", "incomeTaxExpense": "462500000", "interestAndDebtExpense": "154088000", "netIncomeFromContinuingOperations": "1132700000", "comprehensiveIncomeNetOfTax": "1179447000", "ebit": "1749291000", "ebitda": "1774928000", "netIncome": "1132703000"}], "quarterlyReports": [{"fiscalDateEnding": "2021-09-30", "reportedCurrency": "USD", "grossProfit": "2139600000", "totalRevenue": "5066400000", "costOfRevenue": "4453800000", "costofGoodsAndServicesSold": "3007100000", "operatingIncome": "817700000", "sellingGeneralAndAdministrative": "1368900000", "researchAndDevelopment": "None", "operatingExpenses": "1444000000", "investmentIncomeNet": "700000", "netInterestIncome": "-83100000", "interestIncome": "700000", "interestExpense": "83100000", "nonInterestIncome": "5149500000", "otherNonOperatingIncome": "-1700000", "depreciation": "63400000", "depreciationAndAmortization": "76200000", "incomeBeforeTax": "611500000", "incomeTaxExpense": "109300000", "interestAndDebtExpense": "83100000", "netIncomeFromContinuingOperations": "502200000", "comprehensiveIncomeNetOfTax": "416700000", "ebit": "694600000", "ebitda": "770800000", "netIncome": "502200000"}, {"fiscalDateEnding": "2021-06-30", "reportedCurrency": "USD", "grossProfit": "2411400000", "totalRevenue": "5294900000", "costOfRevenue": "4487600000", "costofGoodsAndServicesSold": "2968400000", "operatingIncome": "994900000", "sellingGeneralAndAdministrative": "1437800000", "researchAndDevelopment": "None", "operatingExpenses": "1510400000", "investmentIncomeNet": "600000", "netInterestIncome": "-83500000", "interestIncome": "11600000", "interestExpense": "83500000", "nonInterestIncome": "5378400000", "otherNonOperatingIncome": "1100000", "depreciation": "71000000", "depreciationAndAmortization": "77800000", "incomeBeforeTax": "819200000", "incomeTaxExpense": "170600000", "interestAndDebtExpense": "83500000", "netIncomeFromContinuingOperations": "648600000", "comprehensiveIncomeNetOfTax": "711200000", "ebit": "902700000", "ebitda": "980500000", "netIncome": "648600000"}, {"fiscalDateEnding": "2021-03-31", "reportedCurrency": "USD", "grossProfit": "2112000000", "totalRevenue": "4455300000", "costOfRevenue": "3952500000", "costofGoodsAndServicesSold": "2544000000", "operatingIncome": "767500000", "sellingGeneralAndAdministrative": "1325900000", "researchAndDevelopment": "None", "operatingExpenses": "1529000000", "investmentIncomeNet": "600000", "netInterestIncome": "-83200000", "interestIncome": "600000", "interestExpense": "83200000", "nonInterestIncome": "4538500000", "otherNonOperatingIncome": "2200000", "depreciation": "65400000", "depreciationAndAmortization": "79200000", "incomeBeforeTax": "509000000", "incomeTaxExpense": "99400000", "interestAndDebtExpense": "83200000", "netIncomeFromContinuingOperations": "409600000", "comprehensiveIncomeNetOfTax": "364100000", "ebit": "592200000", "ebitda": "671400000", "netIncome": "409600000"}, {"fiscalDateEnding": "2020-12-31", "reportedCurrency": "USD", "grossProfit": "2128700000", "totalRevenue": "4488800000", "costOfRevenue": "3931400000", "costofGoodsAndServicesSold": "2360100000", "operatingIncome": "752800000", "sellingGeneralAndAdministrative": "1472200000", "researchAndDevelopment": "None", "operatingExpenses": "1561500000", "investmentIncomeNet": "1000000", "netInterestIncome": "-82800000", "interestIncome": "11200000", "interestExpense": "82800000", "nonInterestIncome": "4488800000", "otherNonOperatingIncome": "25300000", "depreciation": "68000000", "depreciationAndAmortization": "79200000", "incomeBeforeTax": "503900000", "incomeTaxExpense": "96900000", "interestAndDebtExpense": "82800000", "netIncomeFromContinuingOperations": "2128700000", "comprehensiveIncomeNetOfTax": "481000000", "ebit": "586700000", "ebitda": "665900000", "netIncome": "407000000"}, {"fiscalDateEnding": "2020-09-30", "reportedCurrency": "USD", "grossProfit": "2455300000", "totalRevenue": "5038600000", "costOfRevenue": "4163800000", "costofGoodsAndServicesSold": "2666900000", "operatingIncome": "1101000000", "sellingGeneralAndAdministrative": "1406800000", "researchAndDevelopment": "None", "operatingExpenses": "1496000000", "investmentIncomeNet": "1400000", "netInterestIncome": "-83300000", "interestIncome": "600000", "interestExpense": "83300000", "nonInterestIncome": "5121900000", "otherNonOperatingIncome": "-1800000", "depreciation": "67400000", "depreciationAndAmortization": "78700000", "incomeBeforeTax": "875600000", "incomeTaxExpense": "169800000", "interestAndDebtExpense": "83300000", "netIncomeFromContinuingOperations": "705800000", "comprehensiveIncomeNetOfTax": "780700000", "ebit": "958900000", "ebitda": "1037600000", "netIncome": "705800000"}, {"fiscalDateEnding": "2020-06-30", "reportedCurrency": "USD", "grossProfit": "2208900000", "totalRevenue": "4519000000", "costOfRevenue": "3773400000", "costofGoodsAndServicesSold": "2395100000", "operatingIncome": "934500000", "sellingGeneralAndAdministrative": "1291300000", "researchAndDevelopment": "None", "operatingExpenses": "1367600000", "investmentIncomeNet": "600000", "netInterestIncome": "-88100000", "interestIncome": "-4000000", "interestExpense": "88100000", "nonInterestIncome": "4607100000", "otherNonOperatingIncome": "-6400000", "depreciation": "66100000", "depreciationAndAmortization": "77400000", "incomeBeforeTax": "747400000", "incomeTaxExpense": "151500000", "interestAndDebtExpense": "88100000", "netIncomeFromContinuingOperations": "595900000", "comprehensiveIncomeNetOfTax": "629800000", "ebit": "835500000", "ebitda": "912900000", "netIncome": "595900000"}, {"fiscalDateEnding": "2020-03-31", "reportedCurrency": "USD", "grossProfit": "1889700000", "totalRevenue": "4033800000", "costOfRevenue": "3646100000", "costofGoodsAndServicesSold": "2257000000", "operatingIncome": "585500000", "sellingGeneralAndAdministrative": "1307600000", "researchAndDevelopment": "None", "operatingExpenses": "1419600000", "investmentIncomeNet": "600000", "netInterestIncome": "-86200000", "interestIncome": "600000", "interestExpense": "86200000", "nonInterestIncome": "4120000000", "otherNonOperatingIncome": "-22400000", "depreciation": "66500000", "depreciationAndAmortization": "78100000", "incomeBeforeTax": "392300000", "incomeTaxExpense": "70600000", "interestAndDebtExpense": "107500000", "netIncomeFromContinuingOperations": "321700000", "comprehensiveIncomeNetOfTax": "100100000", "ebit": "478500000", "ebitda": "556600000", "netIncome": "321700000"}, {"fiscalDateEnding": "2019-12-31", "reportedCurrency": "USD", "grossProfit": "1894000000", "totalRevenue": "4114400000", "costOfRevenue": "2220400000", "costofGoodsAndServicesSold": "2220400000", "operatingIncome": "471700000", "sellingGeneralAndAdministrative": "1354400000", "researchAndDevelopment": "None", "operatingExpenses": "1545628000", "investmentIncomeNet": "24300000", "netInterestIncome": "-83826000", "interestIncome": "-26000", "interestExpense": "83800000", "nonInterestIncome": "4114400000", "otherNonOperatingIncome": "38200000", "depreciation": "67100000", "depreciationAndAmortization": "78400000", "incomeBeforeTax": "297400000", "incomeTaxExpense": "48800000", "interestAndDebtExpense": "83872000", "netIncomeFromContinuingOperations": "248622000", "comprehensiveIncomeNetOfTax": "336200000", "ebit": "381200000", "ebitda": "459600000", "netIncome": "248600000"}, {"fiscalDateEnding": "2019-09-30", "reportedCurrency": "USD", "grossProfit": "2225600000", "totalRevenue": "4867700000", "costOfRevenue": "2642096000", "costofGoodsAndServicesSold": "2642100000", "operatingIncome": "916000000", "sellingGeneralAndAdministrative": "1345200000", "researchAndDevelopment": "None", "operatingExpenses": "1400084000", "investmentIncomeNet": "600000", "netInterestIncome": "-85282000", "interestIncome": "18000", "interestExpense": "85300000", "nonInterestIncome": "-32578000", "otherNonOperatingIncome": "-31100000", "depreciation": "65300000", "depreciationAndAmortization": "77548000", "incomeBeforeTax": "709800000", "incomeTaxExpense": "133300000", "interestAndDebtExpense": "100036000", "netIncomeFromContinuingOperations": "576438000", "comprehensiveIncomeNetOfTax": "440200000", "ebit": "795100000", "ebitda": "872648000", "netIncome": "576500000"}, {"fiscalDateEnding": "2019-06-30", "reportedCurrency": "USD", "grossProfit": "2181400000", "totalRevenue": "4877800000", "costOfRevenue": "2696425000", "costofGoodsAndServicesSold": "2696400000", "operatingIncome": "903400000", "sellingGeneralAndAdministrative": "1331300000", "researchAndDevelopment": "None", "operatingExpenses": "1416491000", "investmentIncomeNet": "600000", "netInterestIncome": "-89198000", "interestIncome": "2000", "interestExpense": "89200000", "nonInterestIncome": "1388000", "otherNonOperatingIncome": "-500000", "depreciation": "65000000", "depreciationAndAmortization": "78081000", "incomeBeforeTax": "675700000", "incomeTaxExpense": "204700000", "interestAndDebtExpense": "89198000", "netIncomeFromContinuingOperations": "471003000", "comprehensiveIncomeNetOfTax": "472400000", "ebit": "764900000", "ebitda": "842981000", "netIncome": "471000000"}, {"fiscalDateEnding": "2019-03-31", "reportedCurrency": "USD", "grossProfit": "1735100000", "totalRevenue": "4040900000", "costOfRevenue": "2305784000", "costofGoodsAndServicesSold": "2305800000", "operatingIncome": "517700000", "sellingGeneralAndAdministrative": "1244000000", "researchAndDevelopment": "None", "operatingExpenses": "1355689000", "investmentIncomeNet": "400000", "netInterestIncome": "-90994000", "interestIncome": "6000", "interestExpense": "91000000", "nonInterestIncome": "3156000", "otherNonOperatingIncome": "-23300000", "depreciation": "64700000", "depreciationAndAmortization": "78771000", "incomeBeforeTax": "298900000", "incomeTaxExpense": "53700000", "interestAndDebtExpense": "90994000", "netIncomeFromContinuingOperations": "245237000", "comprehensiveIncomeNetOfTax": "251200000", "ebit": "389900000", "ebitda": "468671000", "netIncome": "245200000"}, {"fiscalDateEnding": "2018-12-31", "reportedCurrency": "USD", "grossProfit": "1682700000", "totalRevenue": "4064200000", "costOfRevenue": "2381538000", "costofGoodsAndServicesSold": "2381538000", "operatingIncome": "537673000", "sellingGeneralAndAdministrative": "1238308000", "researchAndDevelopment": "51922000", "operatingExpenses": "135904000", "investmentIncomeNet": "2554000", "netInterestIncome": "-89665000", "interestIncome": "-300000", "interestExpense": "89365000", "nonInterestIncome": "-3858000", "otherNonOperatingIncome": "-28788000", "depreciation": "66686000", "depreciationAndAmortization": "79093000", "incomeBeforeTax": "102133000", "incomeTaxExpense": "1133000", "interestAndDebtExpense": "89665000", "netIncomeFromContinuingOperations": "100942000", "comprehensiveIncomeNetOfTax": "81648000", "ebit": "191498000", "ebitda": "270591000", "netIncome": "101000000"}, {"fiscalDateEnding": "2018-09-30", "reportedCurrency": "USD", "grossProfit": "2010400000", "totalRevenue": "4731500000", "costOfRevenue": "2721066000", "costofGoodsAndServicesSold": "2721066000", "operatingIncome": "766547000", "sellingGeneralAndAdministrative": "1273066000", "researchAndDevelopment": "None", "operatingExpenses": "1501002000", "investmentIncomeNet": "555000", "netInterestIncome": "-92281000", "interestIncome": "None", "interestExpense": "92281000", "nonInterestIncome": "-15384000", "otherNonOperatingIncome": "-1723000", "depreciation": "67381000", "depreciationAndAmortization": "80077000", "incomeBeforeTax": "415926000", "incomeTaxExpense": "61926000", "interestAndDebtExpense": "92281000", "netIncomeFromContinuingOperations": "354027000", "comprehensiveIncomeNetOfTax": "285880000", "ebit": "508207000", "ebitda": "588284000", "netIncome": "354000000"}, {"fiscalDateEnding": "2018-06-30", "reportedCurrency": "USD", "grossProfit": "2038600000", "totalRevenue": "4773800000", "costOfRevenue": "2735168000", "costofGoodsAndServicesSold": "2735168000", "operatingIncome": "804994000", "sellingGeneralAndAdministrative": "1307861000", "researchAndDevelopment": "None", "operatingExpenses": "1408733000", "investmentIncomeNet": "559000", "netInterestIncome": "-93507000", "interestIncome": "None", "interestExpense": "93507000", "nonInterestIncome": "-1352000", "otherNonOperatingIncome": "1139000", "depreciation": "72542000", "depreciationAndAmortization": "73893000", "incomeBeforeTax": "538082000", "incomeTaxExpense": "134482000", "interestAndDebtExpense": "93507000", "netIncomeFromContinuingOperations": "403604000", "comprehensiveIncomeNetOfTax": "196810000", "ebit": "631589000", "ebitda": "705482000", "netIncome": "403600000"}, {"fiscalDateEnding": "2018-03-31", "reportedCurrency": "USD", "grossProfit": "1686900000", "totalRevenue": "3965000000", "costOfRevenue": "2278159000", "costofGoodsAndServicesSold": "2278159000", "operatingIncome": "502386000", "sellingGeneralAndAdministrative": "1214565000", "researchAndDevelopment": "None", "operatingExpenses": "1306403000", "investmentIncomeNet": "1618000", "netInterestIncome": "-91547000", "interestIncome": "None", "interestExpense": "91547000", "nonInterestIncome": "237000", "otherNonOperatingIncome": "9272000", "depreciation": "71591000", "depreciationAndAmortization": "85049000", "incomeBeforeTax": "303559000", "incomeTaxExpense": "53459000", "interestAndDebtExpense": "91547000", "netIncomeFromContinuingOperations": "250127000", "comprehensiveIncomeNetOfTax": "301662000", "ebit": "395106000", "ebitda": "480155000", "netIncome": "250100000"}, {"fiscalDateEnding": "2017-12-31", "reportedCurrency": "USD", "grossProfit": "1739303000", "totalRevenue": "3979564000", "costOfRevenue": "2240261000", "costofGoodsAndServicesSold": "2180825000", "operatingIncome": "490135000", "sellingGeneralAndAdministrative": "1325398000", "researchAndDevelopment": "58474000", "operatingExpenses": "1504880000", "investmentIncomeNet": "1752000", "netInterestIncome": "-88983000", "interestIncome": "500000", "interestExpense": "89483000", "nonInterestIncome": "-7563000", "otherNonOperatingIncome": "4508000", "depreciation": "122786000", "depreciationAndAmortization": "87965000", "incomeBeforeTax": "184300000", "incomeTaxExpense": "-668779000", "interestAndDebtExpense": "88983000", "netIncomeFromContinuingOperations": "853091000", "comprehensiveIncomeNetOfTax": "920481000", "ebit": "273783000", "ebitda": "361748000", "netIncome": "853079000"}, {"fiscalDateEnding": "2017-09-30", "reportedCurrency": "USD", "grossProfit": "1901827000", "totalRevenue": "4507020000", "costOfRevenue": "2605193000", "costofGoodsAndServicesSold": "2604878000", "operatingIncome": "655619000", "sellingGeneralAndAdministrative": "1307402000", "researchAndDevelopment": "None", "operatingExpenses": "1393941000", "investmentIncomeNet": "2448000", "netInterestIncome": "-91593000", "interestIncome": "None", "interestExpense": "91593000", "nonInterestIncome": "-497000", "otherNonOperatingIncome": "10262000", "depreciation": "67249000", "depreciationAndAmortization": "83711000", "incomeBeforeTax": "427722000", "incomeTaxExpense": "111116000", "interestAndDebtExpense": "91593000", "netIncomeFromContinuingOperations": "316606000", "comprehensiveIncomeNetOfTax": "383541000", "ebit": "519315000", "ebitda": "603026000", "netIncome": "316606000"}, {"fiscalDateEnding": "2017-06-30", "reportedCurrency": "USD", "grossProfit": "1734617000", "totalRevenue": "3735817000", "costOfRevenue": "2001200000", "costofGoodsAndServicesSold": "1998761000", "operatingIncome": "671096000", "sellingGeneralAndAdministrative": "1153779000", "researchAndDevelopment": "None", "operatingExpenses": "1176185000", "investmentIncomeNet": "3091000", "netInterestIncome": "-56729000", "interestIncome": "None", "interestExpense": "56729000", "nonInterestIncome": "-1641000", "otherNonOperatingIncome": "12496000", "depreciation": "50370000", "depreciationAndAmortization": "28918000", "incomeBeforeTax": "467463000", "incomeTaxExpense": "148352000", "interestAndDebtExpense": "56729000", "netIncomeFromContinuingOperations": "360651000", "comprehensiveIncomeNetOfTax": "349288000", "ebit": "524192000", "ebitda": "553110000", "netIncome": "319111000"}, {"fiscalDateEnding": "2017-03-31", "reportedCurrency": "USD", "grossProfit": "1343053000", "totalRevenue": "2761387000", "costOfRevenue": "1418334000", "costofGoodsAndServicesSold": "1418247000", "operatingIncome": "418250000", "sellingGeneralAndAdministrative": "1011021000", "researchAndDevelopment": "None", "operatingExpenses": "1025525000", "investmentIncomeNet": "1280000", "netInterestIncome": "-25695000", "interestIncome": "None", "interestExpense": "25695000", "nonInterestIncome": "3829000", "otherNonOperatingIncome": "5434000", "depreciation": "44595000", "depreciationAndAmortization": "6182000", "incomeBeforeTax": "306605000", "incomeTaxExpense": "67453000", "interestAndDebtExpense": "25695000", "netIncomeFromContinuingOperations": "239152000", "comprehensiveIncomeNetOfTax": "230090000", "ebit": "332300000", "ebitda": "338482000", "netIncome": "239152000"}, {"fiscalDateEnding": "2016-12-31", "reportedCurrency": "USD", "grossProfit": "1388580000", "totalRevenue": "2782591000", "costOfRevenue": "1395460000", "costofGoodsAndServicesSold": "1394153000", "operatingIncome": "451468000", "sellingGeneralAndAdministrative": "1045010000", "researchAndDevelopment": "58041000", "operatingExpenses": "50934000", "investmentIncomeNet": "1874000", "netInterestIncome": "-43378000", "interestIncome": "None", "interestExpense": "43378000", "nonInterestIncome": "-30916000", "otherNonOperatingIncome": "11272000", "depreciation": "43761000", "depreciationAndAmortization": "5465000", "incomeBeforeTax": "304004000", "incomeTaxExpense": "100974000", "interestAndDebtExpense": "43378000", "netIncomeFromContinuingOperations": "203027000", "comprehensiveIncomeNetOfTax": "320900000", "ebit": "347382000", "ebitda": "352847000", "netIncome": "203030000"}]}