{"symbol": "SJM", "annualReports": [{"fiscalDateEnding": "2021-04-30", "reportedCurrency": "USD", "grossProfit": "3138700000", "totalRevenue": "8091800000", "costOfRevenue": "6690900000", "costofGoodsAndServicesSold": "4864000000", "operatingIncome": "1386800000", "sellingGeneralAndAdministrative": "1523100000", "researchAndDevelopment": "None", "operatingExpenses": "1834000000", "investmentIncomeNet": "None", "netInterestIncome": "-100000", "interestIncome": "-177100000", "interestExpense": "100000", "nonInterestIncome": "8088200000", "otherNonOperatingIncome": "-37800000", "depreciation": "219500000", "depreciationAndAmortization": "243800000", "incomeBeforeTax": "1171900000", "incomeTaxExpense": "295600000", "interestAndDebtExpense": "100000", "netIncomeFromContinuingOperations": "876300000", "comprehensiveIncomeNetOfTax": "977900000", "ebit": "1386800000", "ebitda": "1415800000", "netIncome": "876300000"}, {"fiscalDateEnding": "2020-04-30", "reportedCurrency": "USD", "grossProfit": "3002000000", "totalRevenue": "7763000000", "costOfRevenue": "6589400000", "costofGoodsAndServicesSold": "4799000000", "operatingIncome": "1223100000", "sellingGeneralAndAdministrative": "1474300000", "researchAndDevelopment": "None", "operatingExpenses": "1803400000", "investmentIncomeNet": "None", "netInterestIncome": "-200000", "interestIncome": "-189200000", "interestExpense": "200000", "nonInterestIncome": "7758900000", "otherNonOperatingIncome": "-7200000", "depreciation": "210200000", "depreciationAndAmortization": "247200000", "incomeBeforeTax": "1026700000", "incomeTaxExpense": "247200000", "interestAndDebtExpense": "200000", "netIncomeFromContinuingOperations": "779500000", "comprehensiveIncomeNetOfTax": "582300000", "ebit": "1223100000", "ebitda": "1274100000", "netIncome": "779500000"}, {"fiscalDateEnding": "2019-04-30", "reportedCurrency": "USD", "grossProfit": "2915700000", "totalRevenue": "7557700000", "costOfRevenue": "6884300000", "costofGoodsAndServicesSold": "4922300000", "operatingIncome": "928600000", "sellingGeneralAndAdministrative": "1508600000", "researchAndDevelopment": "None", "operatingExpenses": "1938800000", "investmentIncomeNet": "None", "netInterestIncome": "-207900000", "interestIncome": "-207900000", "interestExpense": "207900000", "nonInterestIncome": "7765600000", "otherNonOperatingIncome": "-19100000", "depreciation": "206000000", "depreciationAndAmortization": "248300000", "incomeBeforeTax": "701600000", "incomeTaxExpense": "187200000", "interestAndDebtExpense": "None", "netIncomeFromContinuingOperations": "514400000", "comprehensiveIncomeNetOfTax": "449300000", "ebit": "928600000", "ebitda": "1176900000", "netIncome": "514400000"}, {"fiscalDateEnding": "2018-04-30", "reportedCurrency": "USD", "grossProfit": "2836100000", "totalRevenue": "7175300000", "costOfRevenue": "6283300000", "costofGoodsAndServicesSold": "4521000000", "operatingIncome": "1044000000", "sellingGeneralAndAdministrative": "1362900000", "researchAndDevelopment": "56000000", "operatingExpenses": "1768900000", "investmentIncomeNet": "None", "netInterestIncome": "-174100000", "interestIncome": "-174100000", "interestExpense": "174100000", "nonInterestIncome": "-7700000", "otherNonOperatingIncome": "-8900000", "depreciation": "206300000", "depreciationAndAmortization": "214600000", "incomeBeforeTax": "861000000", "incomeTaxExpense": "-477600000", "interestAndDebtExpense": "1700000", "netIncomeFromContinuingOperations": "1338600000", "comprehensiveIncomeNetOfTax": "1380300000", "ebit": "1044000000", "ebitda": "1258600000", "netIncome": "1338600000"}, {"fiscalDateEnding": "2017-04-30", "reportedCurrency": "USD", "grossProfit": "2835300000", "totalRevenue": "7197600000", "costOfRevenue": "6295800000", "costofGoodsAndServicesSold": "4557000000", "operatingIncome": "1042600000", "sellingGeneralAndAdministrative": "1379600000", "researchAndDevelopment": "58100000", "operatingExpenses": "1796900000", "investmentIncomeNet": "None", "netInterestIncome": "-163100000", "interestIncome": "-163100000", "interestExpense": "163100000", "nonInterestIncome": "-31600000", "otherNonOperatingIncome": "-1100000", "depreciation": "211700000", "depreciationAndAmortization": "214900000", "incomeBeforeTax": "878400000", "incomeTaxExpense": "286100000", "interestAndDebtExpense": "None", "netIncomeFromContinuingOperations": "592300000", "comprehensiveIncomeNetOfTax": "597300000", "ebit": "1042600000", "ebitda": "1257500000", "netIncome": "592300000"}], "quarterlyReports": [{"fiscalDateEnding": "2021-10-31", "reportedCurrency": "USD", "grossProfit": "711500000", "totalRevenue": "2060900000", "costOfRevenue": "1743500000", "costofGoodsAndServicesSold": "1338500000", "operatingIncome": "311800000", "sellingGeneralAndAdministrative": "347700000", "researchAndDevelopment": "None", "operatingExpenses": "405000000", "investmentIncomeNet": "None", "netInterestIncome": "-100000", "interestIncome": "None", "interestExpense": "100000", "nonInterestIncome": "2060700000", "otherNonOperatingIncome": "-2700000", "depreciation": "60500000", "depreciationAndAmortization": "56000000", "incomeBeforeTax": "268800000", "incomeTaxExpense": "62800000", "interestAndDebtExpense": "100000", "netIncomeFromContinuingOperations": "206000000", "comprehensiveIncomeNetOfTax": "217100000", "ebit": "311800000", "ebitda": "324900000", "netIncome": "206000000"}, {"fiscalDateEnding": "2021-07-31", "reportedCurrency": "USD", "grossProfit": "639400000", "totalRevenue": "1868600000", "costOfRevenue": "1604000000", "costofGoodsAndServicesSold": "1218600000", "operatingIncome": "259400000", "sellingGeneralAndAdministrative": "324000000", "researchAndDevelopment": "None", "operatingExpenses": "385400000", "investmentIncomeNet": "None", "netInterestIncome": "-43100000", "interestIncome": "-43100000", "interestExpense": "0", "nonInterestIncome": "1868300000", "otherNonOperatingIncome": "-11100000", "depreciation": "58500000", "depreciationAndAmortization": "55900000", "incomeBeforeTax": "205200000", "incomeTaxExpense": "51300000", "interestAndDebtExpense": "7000000", "netIncomeFromContinuingOperations": "153900000", "comprehensiveIncomeNetOfTax": "149700000", "ebit": "259400000", "ebitda": "261100000", "netIncome": "153900000"}, {"fiscalDateEnding": "2021-04-30", "reportedCurrency": "USD", "grossProfit": "735700000", "totalRevenue": "1948500000", "costOfRevenue": "1689000000", "costofGoodsAndServicesSold": "1184500000", "operatingIncome": "238700000", "sellingGeneralAndAdministrative": "411100000", "researchAndDevelopment": "None", "operatingExpenses": "511600000", "investmentIncomeNet": "None", "netInterestIncome": "0", "interestIncome": "-42400000", "interestExpense": "0", "nonInterestIncome": "1948200000", "otherNonOperatingIncome": "-3000000", "depreciation": "57800000", "depreciationAndAmortization": "65900000", "incomeBeforeTax": "193300000", "incomeTaxExpense": "46300000", "interestAndDebtExpense": "0", "netIncomeFromContinuingOperations": "147000000", "comprehensiveIncomeNetOfTax": "173100000", "ebit": "238700000", "ebitda": "259200000", "netIncome": "147000000"}, {"fiscalDateEnding": "2021-01-31", "reportedCurrency": "USD", "grossProfit": "809400000", "totalRevenue": "2113000000", "costOfRevenue": "1698300000", "costofGoodsAndServicesSold": "1267300000", "operatingIncome": "406200000", "sellingGeneralAndAdministrative": "371700000", "researchAndDevelopment": "None", "operatingExpenses": "431000000", "investmentIncomeNet": "None", "netInterestIncome": "0", "interestIncome": "-43500000", "interestExpense": "0", "nonInterestIncome": "2112100000", "otherNonOperatingIncome": "-1200000", "depreciation": "53500000", "depreciationAndAmortization": "57600000", "incomeBeforeTax": "361500000", "incomeTaxExpense": "100000000", "interestAndDebtExpense": "0", "netIncomeFromContinuingOperations": "261500000", "comprehensiveIncomeNetOfTax": "285500000", "ebit": "406200000", "ebitda": "419100000", "netIncome": "261500000"}, {"fiscalDateEnding": "2020-10-31", "reportedCurrency": "USD", "grossProfit": "818200000", "totalRevenue": "2048000000", "costOfRevenue": "1660700000", "costofGoodsAndServicesSold": "1215800000", "operatingIncome": "380800000", "sellingGeneralAndAdministrative": "382800000", "researchAndDevelopment": "None", "operatingExpenses": "444900000", "investmentIncomeNet": "None", "netInterestIncome": "0", "interestIncome": "-45100000", "interestExpense": "0", "nonInterestIncome": "2047000000", "otherNonOperatingIncome": "-32200000", "depreciation": "54100000", "depreciationAndAmortization": "62100000", "incomeBeforeTax": "303500000", "incomeTaxExpense": "72700000", "interestAndDebtExpense": "0", "netIncomeFromContinuingOperations": "230800000", "comprehensiveIncomeNetOfTax": "264200000", "ebit": "380800000", "ebitda": "365600000", "netIncome": "230800000"}, {"fiscalDateEnding": "2020-07-31", "reportedCurrency": "USD", "grossProfit": "775400000", "totalRevenue": "1982300000", "costOfRevenue": "1616300000", "costofGoodsAndServicesSold": "1196400000", "operatingIncome": "361100000", "sellingGeneralAndAdministrative": "357500000", "researchAndDevelopment": "None", "operatingExpenses": "419900000", "investmentIncomeNet": "None", "netInterestIncome": "-100000", "interestIncome": "-46100000", "interestExpense": "100000", "nonInterestIncome": "1980900000", "otherNonOperatingIncome": "-1400000", "depreciation": "54100000", "depreciationAndAmortization": "62400000", "incomeBeforeTax": "313600000", "incomeTaxExpense": "76600000", "interestAndDebtExpense": "100000", "netIncomeFromContinuingOperations": "237000000", "comprehensiveIncomeNetOfTax": "255100000", "ebit": "361100000", "ebitda": "376100000", "netIncome": "237000000"}, {"fiscalDateEnding": "2020-04-30", "reportedCurrency": "USD", "grossProfit": "788400000", "totalRevenue": "2092000000", "costOfRevenue": "1748200000", "costofGoodsAndServicesSold": "1303600000", "operatingIncome": "346700000", "sellingGeneralAndAdministrative": "373400000", "researchAndDevelopment": "None", "operatingExpenses": "457600000", "investmentIncomeNet": "None", "netInterestIncome": "0", "interestIncome": "-45600000", "interestExpense": "0", "nonInterestIncome": "2092000000", "otherNonOperatingIncome": "-2700000", "depreciation": "53500000", "depreciationAndAmortization": "64600000", "incomeBeforeTax": "298400000", "incomeTaxExpense": "72100000", "interestAndDebtExpense": "0", "netIncomeFromContinuingOperations": "788400000", "comprehensiveIncomeNetOfTax": "113600000", "ebit": "346700000", "ebitda": "363000000", "netIncome": "226300000"}, {"fiscalDateEnding": "2020-01-31", "reportedCurrency": "USD", "grossProfit": "760000000", "totalRevenue": "1965300000", "costOfRevenue": "1687800000", "costofGoodsAndServicesSold": "1212300000", "operatingIncome": "289000000", "sellingGeneralAndAdministrative": "358900000", "researchAndDevelopment": "None", "operatingExpenses": "475500000", "investmentIncomeNet": "None", "netInterestIncome": "-100000", "interestIncome": "-45100000", "interestExpense": "100000", "nonInterestIncome": "1965300000", "otherNonOperatingIncome": "-1400000", "depreciation": "53300000", "depreciationAndAmortization": "60900000", "incomeBeforeTax": "242500000", "incomeTaxExpense": "55100000", "interestAndDebtExpense": "100000", "netIncomeFromContinuingOperations": "187400000", "comprehensiveIncomeNetOfTax": "169500000", "ebit": "289000000", "ebitda": "303500000", "netIncome": "187400000"}, {"fiscalDateEnding": "2019-10-31", "reportedCurrency": "USD", "grossProfit": "754000000", "totalRevenue": "1947600000", "costOfRevenue": "1629500000", "costofGoodsAndServicesSold": "1203800000", "operatingIncome": "329800000", "sellingGeneralAndAdministrative": "361500000", "researchAndDevelopment": "None", "operatingExpenses": "425700000", "investmentIncomeNet": "None", "netInterestIncome": "49300000", "interestIncome": "49300000", "interestExpense": "0", "nonInterestIncome": "1947600000", "otherNonOperatingIncome": "-1600000", "depreciation": "52600000", "depreciationAndAmortization": "60900000", "incomeBeforeTax": "279100000", "incomeTaxExpense": "67900000", "interestAndDebtExpense": "0", "netIncomeFromContinuingOperations": "211200000", "comprehensiveIncomeNetOfTax": "179500000", "ebit": "329800000", "ebitda": "340000000", "netIncome": "211200000"}, {"fiscalDateEnding": "2019-07-31", "reportedCurrency": "USD", "grossProfit": "699600000", "totalRevenue": "1741100000", "costOfRevenue": "1520600000", "costofGoodsAndServicesSold": "1079300000", "operatingIncome": "257600000", "sellingGeneralAndAdministrative": "380500000", "researchAndDevelopment": "None", "operatingExpenses": "441300000", "investmentIncomeNet": "None", "netInterestIncome": "-49400000", "interestIncome": "-49300000", "interestExpense": "100000", "nonInterestIncome": "1790500000", "otherNonOperatingIncome": "-1500000", "depreciation": "50800000", "depreciationAndAmortization": "60800000", "incomeBeforeTax": "206700000", "incomeTaxExpense": "52100000", "interestAndDebtExpense": "100000", "netIncomeFromContinuingOperations": "154600000", "comprehensiveIncomeNetOfTax": "119700000", "ebit": "257600000", "ebitda": "267600000", "netIncome": "154600000"}, {"fiscalDateEnding": "2019-04-30", "reportedCurrency": "USD", "grossProfit": "692400000", "totalRevenue": "1902100000", "costOfRevenue": "1739800000", "costofGoodsAndServicesSold": "1209700000", "operatingIncome": "153600000", "sellingGeneralAndAdministrative": "369800000", "researchAndDevelopment": "None", "operatingExpenses": "503200000", "investmentIncomeNet": "None", "netInterestIncome": "-49100000", "interestIncome": "-49100000", "interestExpense": "49100000", "nonInterestIncome": "1902100000", "otherNonOperatingIncome": "-2600000", "depreciation": "51900000", "depreciationAndAmortization": "62400000", "incomeBeforeTax": "101900000", "incomeTaxExpense": "30400000", "interestAndDebtExpense": "None", "netIncomeFromContinuingOperations": "692400000", "comprehensiveIncomeNetOfTax": "43000000", "ebit": "153600000", "ebitda": "216000000", "netIncome": "71500000"}, {"fiscalDateEnding": "2019-01-31", "reportedCurrency": "USD", "grossProfit": "773800000", "totalRevenue": "1934700000", "costOfRevenue": "1780100000", "costofGoodsAndServicesSold": "1238100000", "operatingIncome": "217600000", "sellingGeneralAndAdministrative": "373100000", "researchAndDevelopment": "None", "operatingExpenses": "542000000", "investmentIncomeNet": "None", "netInterestIncome": "-51600000", "interestIncome": "None", "interestExpense": "51600000", "nonInterestIncome": "-25600000", "otherNonOperatingIncome": "-8800000", "depreciation": "51200000", "depreciationAndAmortization": "61700000", "incomeBeforeTax": "157200000", "incomeTaxExpense": "35800000", "interestAndDebtExpense": "None", "netIncomeFromContinuingOperations": "121400000", "comprehensiveIncomeNetOfTax": "84500000", "ebit": "217600000", "ebitda": "279300000", "netIncome": "121400000"}, {"fiscalDateEnding": "2018-10-31", "reportedCurrency": "USD", "grossProfit": "771300000", "totalRevenue": "1965500000", "costOfRevenue": "1694300000", "costofGoodsAndServicesSold": "1250200000", "operatingIncome": "330500000", "sellingGeneralAndAdministrative": "382400000", "researchAndDevelopment": "None", "operatingExpenses": "444100000", "investmentIncomeNet": "None", "netInterestIncome": "-53600000", "interestIncome": "None", "interestExpense": "53600000", "nonInterestIncome": "-2400000", "otherNonOperatingIncome": "-7500000", "depreciation": "51500000", "depreciationAndAmortization": "61700000", "incomeBeforeTax": "269400000", "incomeTaxExpense": "80900000", "interestAndDebtExpense": "None", "netIncomeFromContinuingOperations": "188500000", "comprehensiveIncomeNetOfTax": "190900000", "ebit": "330500000", "ebitda": "392200000", "netIncome": "188500000"}, {"fiscalDateEnding": "2018-07-31", "reportedCurrency": "USD", "grossProfit": "678200000", "totalRevenue": "1822700000", "costOfRevenue": "1670100000", "costofGoodsAndServicesSold": "1224300000", "operatingIncome": "226900000", "sellingGeneralAndAdministrative": "383300000", "researchAndDevelopment": "None", "operatingExpenses": "445800000", "investmentIncomeNet": "None", "netInterestIncome": "-53600000", "interestIncome": "None", "interestExpense": "53600000", "nonInterestIncome": "-26200000", "otherNonOperatingIncome": "-200000", "depreciation": "51400000", "depreciationAndAmortization": "62500000", "incomeBeforeTax": "173100000", "incomeTaxExpense": "40100000", "interestAndDebtExpense": "None", "netIncomeFromContinuingOperations": "133000000", "comprehensiveIncomeNetOfTax": "130900000", "ebit": "226900000", "ebitda": "289400000", "netIncome": "133000000"}, {"fiscalDateEnding": "2018-04-30", "reportedCurrency": "USD", "grossProfit": "690500000", "totalRevenue": "1781300000", "costOfRevenue": "1472600000", "costofGoodsAndServicesSold": "1090800000", "operatingIncome": "312700000", "sellingGeneralAndAdministrative": "324000000", "researchAndDevelopment": "56000000", "operatingExpenses": "383100000", "investmentIncomeNet": "None", "netInterestIncome": "-47400000", "interestIncome": "None", "interestExpense": "47400000", "nonInterestIncome": "1781300000", "otherNonOperatingIncome": "-1100000", "depreciation": "49100000", "depreciationAndAmortization": "54000000", "incomeBeforeTax": "264200000", "incomeTaxExpense": "78300000", "interestAndDebtExpense": "0", "netIncomeFromContinuingOperations": "690500000", "comprehensiveIncomeNetOfTax": "175300000", "ebit": "312700000", "ebitda": "366700000", "netIncome": "185900000"}, {"fiscalDateEnding": "2018-01-31", "reportedCurrency": "USD", "grossProfit": "728500000", "totalRevenue": "1851800000", "costOfRevenue": "1737200000", "costofGoodsAndServicesSold": "1174800000", "operatingIncome": "164000000", "sellingGeneralAndAdministrative": "330600000", "researchAndDevelopment": "None", "operatingExpenses": "562400000", "investmentIncomeNet": "None", "netInterestIncome": "-43100000", "interestIncome": "None", "interestExpense": "43100000", "nonInterestIncome": "-8400000", "otherNonOperatingIncome": "-4900000", "depreciation": "52100000", "depreciationAndAmortization": "53600000", "incomeBeforeTax": "116000000", "incomeTaxExpense": "-715300000", "interestAndDebtExpense": "1700000", "netIncomeFromContinuingOperations": "831300000", "comprehensiveIncomeNetOfTax": "853900000", "ebit": "164000000", "ebitda": "217600000", "netIncome": "831300000"}, {"fiscalDateEnding": "2017-10-31", "reportedCurrency": "USD", "grossProfit": "755000000", "totalRevenue": "1872400000", "costOfRevenue": "1583100000", "costofGoodsAndServicesSold": "1168600000", "operatingIncome": "332100000", "sellingGeneralAndAdministrative": "359500000", "researchAndDevelopment": "None", "operatingExpenses": "414500000", "investmentIncomeNet": "None", "netInterestIncome": "-41600000", "interestIncome": "None", "interestExpense": "41600000", "nonInterestIncome": "-9600000", "otherNonOperatingIncome": "1300000", "depreciation": "50600000", "depreciationAndAmortization": "53600000", "incomeBeforeTax": "291800000", "incomeTaxExpense": "97200000", "interestAndDebtExpense": "None", "netIncomeFromContinuingOperations": "194600000", "comprehensiveIncomeNetOfTax": "187600000", "ebit": "332100000", "ebitda": "385700000", "netIncome": "194600000"}, {"fiscalDateEnding": "2017-07-31", "reportedCurrency": "USD", "grossProfit": "662100000", "totalRevenue": "1713800000", "costOfRevenue": "1490400000", "costofGoodsAndServicesSold": "1086800000", "operatingIncome": "235200000", "sellingGeneralAndAdministrative": "348800000", "researchAndDevelopment": "None", "operatingExpenses": "403600000", "investmentIncomeNet": "None", "netInterestIncome": "-42000000", "interestIncome": "None", "interestExpense": "42000000", "nonInterestIncome": "6900000", "otherNonOperatingIncome": "-4200000", "depreciation": "54500000", "depreciationAndAmortization": "53400000", "incomeBeforeTax": "189000000", "incomeTaxExpense": "62200000", "interestAndDebtExpense": "None", "netIncomeFromContinuingOperations": "126800000", "comprehensiveIncomeNetOfTax": "163500000", "ebit": "235200000", "ebitda": "288600000", "netIncome": "126800000"}, {"fiscalDateEnding": "2017-04-30", "reportedCurrency": "USD", "grossProfit": "646800000", "totalRevenue": "1725400000", "costOfRevenue": "1582800000", "costofGoodsAndServicesSold": "1137000000", "operatingIncome": "207800000", "sellingGeneralAndAdministrative": "323300000", "researchAndDevelopment": "58100000", "operatingExpenses": "500000000", "investmentIncomeNet": "None", "netInterestIncome": "-40300000", "interestIncome": "None", "interestExpense": "40300000", "nonInterestIncome": "-18100000", "otherNonOperatingIncome": "-5600000", "depreciation": "52100000", "depreciationAndAmortization": "53900000", "incomeBeforeTax": "161900000", "incomeTaxExpense": "51500000", "interestAndDebtExpense": "None", "netIncomeFromContinuingOperations": "110400000", "comprehensiveIncomeNetOfTax": "113400000", "ebit": "207800000", "ebitda": "261700000", "netIncome": "110400000"}, {"fiscalDateEnding": "2017-01-31", "reportedCurrency": "USD", "grossProfit": "722900000", "totalRevenue": "1841100000", "costOfRevenue": "1622500000", "costofGoodsAndServicesSold": "1155900000", "operatingIncome": "237700000", "sellingGeneralAndAdministrative": "337200000", "researchAndDevelopment": "None", "operatingExpenses": "466600000", "investmentIncomeNet": "None", "netInterestIncome": "-40300000", "interestIncome": "None", "interestExpense": "40300000", "nonInterestIncome": "2600000", "otherNonOperatingIncome": "200000", "depreciation": "52600000", "depreciationAndAmortization": "53700000", "incomeBeforeTax": "197600000", "incomeTaxExpense": "63000000", "interestAndDebtExpense": "None", "netIncomeFromContinuingOperations": "134600000", "comprehensiveIncomeNetOfTax": "144300000", "ebit": "237700000", "ebitda": "291400000", "netIncome": "134600000"}]}