{"symbol": "SLB", "annualReports": [{"fiscalDateEnding": "2020-12-31", "reportedCurrency": "USD", "grossProfit": "22406000000", "totalRevenue": "23142000000", "costOfRevenue": "736000000", "costofGoodsAndServicesSold": "21000000000", "operatingIncome": "2401000000", "sellingGeneralAndAdministrative": "365000000", "researchAndDevelopment": "580000000", "operatingExpenses": "1270000000", "investmentIncomeNet": "33000000", "netInterestIncome": "-563000000", "interestIncome": "163000000", "interestExpense": "563000000", "nonInterestIncome": "23705000000", "otherNonOperatingIncome": "267000000", "depreciation": "1600000000", "depreciationAndAmortization": "371000000", "incomeBeforeTax": "-11330000000", "incomeTaxExpense": "-812000000", "interestAndDebtExpense": "563000000", "netIncomeFromContinuingOperations": "-10486000000", "comprehensiveIncomeNetOfTax": "-10964000000", "ebit": "-10767000000", "ebitda": "-10396000000", "netIncome": "-10518000000"}, {"fiscalDateEnding": "2019-12-31", "reportedCurrency": "USD", "grossProfit": "21978000000", "totalRevenue": "32308000000", "costOfRevenue": "10330000000", "costofGoodsAndServicesSold": "28720000000", "operatingIncome": "3978000000", "sellingGeneralAndAdministrative": "474000000", "researchAndDevelopment": "717000000", "operatingExpenses": "10642000000", "investmentIncomeNet": "41000000", "netInterestIncome": "-609000000", "interestIncome": "41000000", "interestExpense": "609000000", "nonInterestIncome": "32917000000", "otherNonOperatingIncome": "86000000", "depreciation": "2000000000", "depreciationAndAmortization": "618000000", "incomeBeforeTax": "-10448000000", "incomeTaxExpense": "-311000000", "interestAndDebtExpense": "609000000", "netIncomeFromContinuingOperations": "-10107000000", "comprehensiveIncomeNetOfTax": "-9953000000", "ebit": "-9839000000", "ebitda": "-9221000000", "netIncome": "-10137000000"}, {"fiscalDateEnding": "2018-12-31", "reportedCurrency": "USD", "grossProfit": "30903000000", "totalRevenue": "32455000000", "costOfRevenue": "1552000000", "costofGoodsAndServicesSold": "28478000000", "operatingIncome": "4187000000", "sellingGeneralAndAdministrative": "444000000", "researchAndDevelopment": "702000000", "operatingExpenses": "1619000000", "investmentIncomeNet": "60000000", "netInterestIncome": "-575000000", "interestIncome": "60000000", "interestExpense": "575000000", "nonInterestIncome": "33030000000", "otherNonOperatingIncome": "364000000", "depreciation": "2100000000", "depreciationAndAmortization": "673000000", "incomeBeforeTax": "2585000000", "incomeTaxExpense": "447000000", "interestAndDebtExpense": "575000000", "netIncomeFromContinuingOperations": "2177000000", "comprehensiveIncomeNetOfTax": "1899000000", "ebit": "3160000000", "ebitda": "3833000000", "netIncome": "2138000000"}, {"fiscalDateEnding": "2017-12-31", "reportedCurrency": "USD", "grossProfit": "2494000000", "totalRevenue": "30440000000", "costOfRevenue": "27946000000", "costofGoodsAndServicesSold": "26543000000", "operatingIncome": "3921000000", "sellingGeneralAndAdministrative": "432000000", "researchAndDevelopment": "787000000", "operatingExpenses": "2197000000", "investmentIncomeNet": "128000000", "netInterestIncome": "-566000000", "interestIncome": "128000000", "interestExpense": "566000000", "nonInterestIncome": "30440000000", "otherNonOperatingIncome": "224000000", "depreciation": "2300000000", "depreciationAndAmortization": "663000000", "incomeBeforeTax": "-1175000000", "incomeTaxExpense": "330000000", "interestAndDebtExpense": "566000000", "netIncomeFromContinuingOperations": "-1513000000", "comprehensiveIncomeNetOfTax": "-1136000000", "ebit": "-609000000", "ebitda": "54000000", "netIncome": "-1505000000"}, {"fiscalDateEnding": "2016-12-31", "reportedCurrency": "USD", "grossProfit": "2082000000", "totalRevenue": "27810000000", "costOfRevenue": "25728000000", "costofGoodsAndServicesSold": "24110000000", "operatingIncome": "3273000000", "sellingGeneralAndAdministrative": "403000000", "researchAndDevelopment": "1012000000", "operatingExpenses": "2753000000", "investmentIncomeNet": "110000000", "netInterestIncome": "-570000000", "interestIncome": "110000000", "interestExpense": "570000000", "nonInterestIncome": "27810000000", "otherNonOperatingIncome": "200000000", "depreciation": "2700000000", "depreciationAndAmortization": "567000000", "incomeBeforeTax": "-1965000000", "incomeTaxExpense": "-278000000", "interestAndDebtExpense": "570000000", "netIncomeFromContinuingOperations": "-1687000000", "comprehensiveIncomeNetOfTax": "-1772000000", "ebit": "-1395000000", "ebitda": "-828000000", "netIncome": "-1687000000"}], "quarterlyReports": [{"fiscalDateEnding": "2021-09-30", "reportedCurrency": "USD", "grossProfit": "5562000000", "totalRevenue": "5717000000", "costOfRevenue": "155000000", "costofGoodsAndServicesSold": "4862000000", "operatingIncome": "908000000", "sellingGeneralAndAdministrative": "80000000", "researchAndDevelopment": "140000000", "operatingExpenses": "295000000", "investmentIncomeNet": "None", "netInterestIncome": "-130000000", "interestIncome": "-74000000", "interestExpense": "130000000", "nonInterestIncome": "5847000000", "otherNonOperatingIncome": "56000000", "depreciation": "350000000", "depreciationAndAmortization": "75000000", "incomeBeforeTax": "679000000", "incomeTaxExpense": "129000000", "interestAndDebtExpense": "130000000", "netIncomeFromContinuingOperations": "562000000", "comprehensiveIncomeNetOfTax": "629000000", "ebit": "809000000", "ebitda": "884000000", "netIncome": "550000000"}, {"fiscalDateEnding": "2021-06-30", "reportedCurrency": "USD", "grossProfit": "5353000000", "totalRevenue": "5498000000", "costOfRevenue": "145000000", "costofGoodsAndServicesSold": "4768000000", "operatingIncome": "807000000", "sellingGeneralAndAdministrative": "70000000", "researchAndDevelopment": "134000000", "operatingExpenses": "279000000", "investmentIncomeNet": "None", "netInterestIncome": "-136000000", "interestIncome": "16000000", "interestExpense": "136000000", "nonInterestIncome": "5634000000", "otherNonOperatingIncome": "16000000", "depreciation": "352000000", "depreciationAndAmortization": "75000000", "incomeBeforeTax": "530000000", "incomeTaxExpense": "99000000", "interestAndDebtExpense": "136000000", "netIncomeFromContinuingOperations": "443000000", "comprehensiveIncomeNetOfTax": "319000000", "ebit": "666000000", "ebitda": "741000000", "netIncome": "431000000"}, {"fiscalDateEnding": "2021-03-31", "reportedCurrency": "USD", "grossProfit": "4930000000", "totalRevenue": "5087000000", "costOfRevenue": "157000000", "costofGoodsAndServicesSold": "4504000000", "operatingIncome": "664000000", "sellingGeneralAndAdministrative": "81000000", "researchAndDevelopment": "135000000", "operatingExpenses": "292000000", "investmentIncomeNet": "None", "netInterestIncome": "-136000000", "interestIncome": "5000000", "interestExpense": "136000000", "nonInterestIncome": "5223000000", "otherNonOperatingIncome": "19000000", "depreciation": "355000000", "depreciationAndAmortization": "76000000", "incomeBeforeTax": "373000000", "incomeTaxExpense": "74000000", "interestAndDebtExpense": "136000000", "netIncomeFromContinuingOperations": "312000000", "comprehensiveIncomeNetOfTax": "519000000", "ebit": "509000000", "ebitda": "585000000", "netIncome": "299000000"}, {"fiscalDateEnding": "2020-12-31", "reportedCurrency": "USD", "grossProfit": "8411000000", "totalRevenue": "5492000000", "costOfRevenue": "-2919000000", "costofGoodsAndServicesSold": "4828000000", "operatingIncome": "654000000", "sellingGeneralAndAdministrative": "72000000", "researchAndDevelopment": "128000000", "operatingExpenses": "-2837000000", "investmentIncomeNet": "None", "netInterestIncome": "-144000000", "interestIncome": "135000000", "interestExpense": "144000000", "nonInterestIncome": "5636000000", "otherNonOperatingIncome": "173000000", "depreciation": "349000000", "depreciationAndAmortization": "79000000", "incomeBeforeTax": "463000000", "incomeTaxExpense": "89000000", "interestAndDebtExpense": "144000000", "netIncomeFromContinuingOperations": "382000000", "comprehensiveIncomeNetOfTax": "233000000", "ebit": "607000000", "ebitda": "686000000", "netIncome": "374000000"}, {"fiscalDateEnding": "2020-09-30", "reportedCurrency": "USD", "grossProfit": "4956000000", "totalRevenue": "5120000000", "costOfRevenue": "164000000", "costofGoodsAndServicesSold": "4624000000", "operatingIncome": "575000000", "sellingGeneralAndAdministrative": "85000000", "researchAndDevelopment": "137000000", "operatingExpenses": "301000000", "investmentIncomeNet": "None", "netInterestIncome": "-138000000", "interestIncome": "-116000000", "interestExpense": "138000000", "nonInterestIncome": "5258000000", "otherNonOperatingIncome": "22000000", "depreciation": "385000000", "depreciationAndAmortization": "79000000", "incomeBeforeTax": "-63000000", "incomeTaxExpense": "19000000", "interestAndDebtExpense": "138000000", "netIncomeFromContinuingOperations": "-73000000", "comprehensiveIncomeNetOfTax": "-87000000", "ebit": "75000000", "ebitda": "154000000", "netIncome": "-82000000"}, {"fiscalDateEnding": "2020-06-30", "reportedCurrency": "USD", "grossProfit": "5051000000", "totalRevenue": "5212000000", "costOfRevenue": "161000000", "costofGoodsAndServicesSold": "4925000000", "operatingIncome": "396000000", "sellingGeneralAndAdministrative": "81000000", "researchAndDevelopment": "142000000", "operatingExpenses": "303000000", "investmentIncomeNet": "None", "netInterestIncome": "-144000000", "interestIncome": "7000000", "interestExpense": "144000000", "nonInterestIncome": "5356000000", "otherNonOperatingIncome": "33000000", "depreciation": "417000000", "depreciationAndAmortization": "80000000", "incomeBeforeTax": "-3633000000", "incomeTaxExpense": "-199000000", "interestAndDebtExpense": "144000000", "netIncomeFromContinuingOperations": "-3428000000", "comprehensiveIncomeNetOfTax": "-3449000000", "ebit": "-3489000000", "ebitda": "-3409000000", "netIncome": "-3434000000"}, {"fiscalDateEnding": "2020-03-31", "reportedCurrency": "USD", "grossProfit": "3959000000", "totalRevenue": "7319000000", "costOfRevenue": "3360000000", "costofGoodsAndServicesSold": "6624000000", "operatingIncome": "776000000", "sellingGeneralAndAdministrative": "127000000", "researchAndDevelopment": "173000000", "operatingExpenses": "3533000000", "investmentIncomeNet": "None", "netInterestIncome": "-136000000", "interestIncome": "15000000", "interestExpense": "136000000", "nonInterestIncome": "7455000000", "otherNonOperatingIncome": "39000000", "depreciation": "449000000", "depreciationAndAmortization": "133000000", "incomeBeforeTax": "-8097000000", "incomeTaxExpense": "-721000000", "interestAndDebtExpense": "136000000", "netIncomeFromContinuingOperations": "-7368000000", "comprehensiveIncomeNetOfTax": "-7661000000", "ebit": "-7961000000", "ebitda": "-7828000000", "netIncome": "-7376000000"}, {"fiscalDateEnding": "2019-12-31", "reportedCurrency": "USD", "grossProfit": "-104000000", "totalRevenue": "8081000000", "costOfRevenue": "104000000", "costofGoodsAndServicesSold": "7126000000", "operatingIncome": "1006000000", "sellingGeneralAndAdministrative": "129000000", "researchAndDevelopment": "190000000", "operatingExpenses": "104000000", "investmentIncomeNet": "None", "netInterestIncome": "-147000000", "interestIncome": "10000000", "interestExpense": "147000000", "nonInterestIncome": "8228000000", "otherNonOperatingIncome": "26000000", "depreciation": "475000000", "depreciationAndAmortization": "138000000", "incomeBeforeTax": "442000000", "incomeTaxExpense": "109000000", "interestAndDebtExpense": "147000000", "netIncomeFromContinuingOperations": "-208000000", "comprehensiveIncomeNetOfTax": "464000000", "ebit": "589000000", "ebitda": "727000000", "netIncome": "333000000"}, {"fiscalDateEnding": "2019-09-30", "reportedCurrency": "USD", "grossProfit": "8105000000", "totalRevenue": "8381000000", "costOfRevenue": "276000000", "costofGoodsAndServicesSold": "7385000000", "operatingIncome": "1096000000", "sellingGeneralAndAdministrative": "120000000", "researchAndDevelopment": "176000000", "operatingExpenses": "452000000", "investmentIncomeNet": "None", "netInterestIncome": "-160000000", "interestIncome": "8000000", "interestExpense": "160000000", "nonInterestIncome": "8541000000", "otherNonOperatingIncome": "21000000", "depreciation": "499000000", "depreciationAndAmortization": "156000000", "incomeBeforeTax": "-11981000000", "incomeTaxExpense": "-598000000", "interestAndDebtExpense": "160000000", "netIncomeFromContinuingOperations": "-11373000000", "comprehensiveIncomeNetOfTax": "-11408000000", "ebit": "-11821000000", "ebitda": "-11665000000", "netIncome": "-11383000000"}, {"fiscalDateEnding": "2019-06-30", "reportedCurrency": "USD", "grossProfit": "7835000000", "totalRevenue": "8113000000", "costOfRevenue": "278000000", "costofGoodsAndServicesSold": "7252000000", "operatingIncome": "968000000", "sellingGeneralAndAdministrative": "114000000", "researchAndDevelopment": "179000000", "operatingExpenses": "457000000", "investmentIncomeNet": "None", "netInterestIncome": "-156000000", "interestIncome": "11000000", "interestExpense": "156000000", "nonInterestIncome": "8269000000", "otherNonOperatingIncome": "25000000", "depreciation": "514000000", "depreciationAndAmortization": "164000000", "incomeBeforeTax": "591000000", "incomeTaxExpense": "99000000", "interestAndDebtExpense": "156000000", "netIncomeFromContinuingOperations": "494000000", "comprehensiveIncomeNetOfTax": "475000000", "ebit": "747000000", "ebitda": "911000000", "netIncome": "492000000"}, {"fiscalDateEnding": "2019-03-31", "reportedCurrency": "USD", "grossProfit": "7460000000", "totalRevenue": "7732000000", "costOfRevenue": "272000000", "costofGoodsAndServicesSold": "6952000000", "operatingIncome": "908000000", "sellingGeneralAndAdministrative": "112000000", "researchAndDevelopment": "173000000", "operatingExpenses": "445000000", "investmentIncomeNet": "None", "netInterestIncome": "-147000000", "interestIncome": "11000000", "interestExpense": "147000000", "nonInterestIncome": "7879000000", "otherNonOperatingIncome": "14000000", "depreciation": "512000000", "depreciationAndAmortization": "160000000", "incomeBeforeTax": "500000000", "incomeTaxExpense": "79000000", "interestAndDebtExpense": "147000000", "netIncomeFromContinuingOperations": "430000000", "comprehensiveIncomeNetOfTax": "516000000", "ebit": "647000000", "ebitda": "807000000", "netIncome": "421000000"}, {"fiscalDateEnding": "2018-12-31", "reportedCurrency": "USD", "grossProfit": "7537000000", "totalRevenue": "8253000000", "costOfRevenue": "716000000", "costofGoodsAndServicesSold": "7172000000", "operatingIncome": "967000000", "sellingGeneralAndAdministrative": "114000000", "researchAndDevelopment": "178000000", "operatingExpenses": "259000000", "investmentIncomeNet": "None", "netInterestIncome": "-141000000", "interestIncome": "None", "interestExpense": "141000000", "nonInterestIncome": "8394000000", "otherNonOperatingIncome": "246000000", "depreciation": "536000000", "depreciationAndAmortization": "167000000", "incomeBeforeTax": "638000000", "incomeTaxExpense": "99000000", "interestAndDebtExpense": "141000000", "netIncomeFromContinuingOperations": "549000000", "comprehensiveIncomeNetOfTax": "339000000", "ebit": "779000000", "ebitda": "946000000", "netIncome": "539000000"}, {"fiscalDateEnding": "2018-09-30", "reportedCurrency": "USD", "grossProfit": "8085000000", "totalRevenue": "8357000000", "costOfRevenue": "272000000", "costofGoodsAndServicesSold": "7324000000", "operatingIncome": "1152000000", "sellingGeneralAndAdministrative": "105000000", "researchAndDevelopment": "177000000", "operatingExpenses": "449000000", "investmentIncomeNet": "None", "netInterestIncome": "-147000000", "interestIncome": "None", "interestExpense": "147000000", "nonInterestIncome": "8504000000", "otherNonOperatingIncome": "36000000", "depreciation": "516000000", "depreciationAndAmortization": "167000000", "incomeBeforeTax": "773000000", "incomeTaxExpense": "129000000", "interestAndDebtExpense": "147000000", "netIncomeFromContinuingOperations": "658000000", "comprehensiveIncomeNetOfTax": "635000000", "ebit": "920000000", "ebitda": "1087000000", "netIncome": "644000000"}, {"fiscalDateEnding": "2018-06-30", "reportedCurrency": "USD", "grossProfit": "7871000000", "totalRevenue": "8159000000", "costOfRevenue": "288000000", "costofGoodsAndServicesSold": "7179000000", "operatingIncome": "1094000000", "sellingGeneralAndAdministrative": "114000000", "researchAndDevelopment": "175000000", "operatingExpenses": "463000000", "investmentIncomeNet": "None", "netInterestIncome": "-144000000", "interestIncome": "None", "interestExpense": "144000000", "nonInterestIncome": "8303000000", "otherNonOperatingIncome": "40000000", "depreciation": "525000000", "depreciationAndAmortization": "174000000", "incomeBeforeTax": "536000000", "incomeTaxExpense": "106000000", "interestAndDebtExpense": "144000000", "netIncomeFromContinuingOperations": "441000000", "comprehensiveIncomeNetOfTax": "284000000", "ebit": "680000000", "ebitda": "854000000", "netIncome": "430000000"}, {"fiscalDateEnding": "2018-03-31", "reportedCurrency": "USD", "grossProfit": "751000000", "totalRevenue": "7829000000", "costOfRevenue": "7078000000", "costofGoodsAndServicesSold": "6802000000", "operatingIncome": "974000000", "sellingGeneralAndAdministrative": "111000000", "researchAndDevelopment": "172000000", "operatingExpenses": "448000000", "investmentIncomeNet": "None", "netInterestIncome": "-143000000", "interestIncome": "None", "interestExpense": "143000000", "nonInterestIncome": "7829000000", "otherNonOperatingIncome": "42000000", "depreciation": "523000000", "depreciationAndAmortization": "165000000", "incomeBeforeTax": "638000000", "incomeTaxExpense": "113000000", "interestAndDebtExpense": "143000000", "netIncomeFromContinuingOperations": "530000000", "comprehensiveIncomeNetOfTax": "640000000", "ebit": "781000000", "ebitda": "946000000", "netIncome": "525000000"}, {"fiscalDateEnding": "2017-12-31", "reportedCurrency": "USD", "grossProfit": "613000000", "totalRevenue": "8179000000", "costOfRevenue": "7566000000", "costofGoodsAndServicesSold": "7200000000", "operatingIncome": "1155000000", "sellingGeneralAndAdministrative": "109000000", "researchAndDevelopment": "192000000", "operatingExpenses": "565000000", "investmentIncomeNet": "None", "netInterestIncome": "-144000000", "interestIncome": "None", "interestExpense": "144000000", "nonInterestIncome": "8179000000", "otherNonOperatingIncome": "52000000", "depreciation": "504000000", "depreciationAndAmortization": "162000000", "incomeBeforeTax": "-2193000000", "incomeTaxExpense": "61000000", "interestAndDebtExpense": "144000000", "netIncomeFromContinuingOperations": "-2271000000", "comprehensiveIncomeNetOfTax": "-2068000000", "ebit": "-2049000000", "ebitda": "-1887000000", "netIncome": "-2254000000"}, {"fiscalDateEnding": "2017-09-30", "reportedCurrency": "USD", "grossProfit": "779000000", "totalRevenue": "7905000000", "costOfRevenue": "7126000000", "costofGoodsAndServicesSold": "6797000000", "operatingIncome": "1059000000", "sellingGeneralAndAdministrative": "115000000", "researchAndDevelopment": "189000000", "operatingExpenses": "518000000", "investmentIncomeNet": "None", "netInterestIncome": "-142000000", "interestIncome": "None", "interestExpense": "142000000", "nonInterestIncome": "7905000000", "otherNonOperatingIncome": "64000000", "depreciation": "591000000", "depreciationAndAmortization": "165000000", "incomeBeforeTax": "666000000", "incomeTaxExpense": "121000000", "interestAndDebtExpense": "142000000", "netIncomeFromContinuingOperations": "556000000", "comprehensiveIncomeNetOfTax": "643000000", "ebit": "808000000", "ebitda": "973000000", "netIncome": "545000000"}, {"fiscalDateEnding": "2017-06-30", "reportedCurrency": "USD", "grossProfit": "636000000", "totalRevenue": "7462000000", "costOfRevenue": "6826000000", "costofGoodsAndServicesSold": "6468000000", "operatingIncome": "950000000", "sellingGeneralAndAdministrative": "110000000", "researchAndDevelopment": "196000000", "operatingExpenses": "554000000", "investmentIncomeNet": "None", "netInterestIncome": "-142000000", "interestIncome": "None", "interestExpense": "142000000", "nonInterestIncome": "7462000000", "otherNonOperatingIncome": "62000000", "depreciation": "592000000", "depreciationAndAmortization": "167000000", "incomeBeforeTax": "24000000", "incomeTaxExpense": "98000000", "interestAndDebtExpense": "142000000", "netIncomeFromContinuingOperations": "-81000000", "comprehensiveIncomeNetOfTax": "-103000000", "ebit": "166000000", "ebitda": "333000000", "netIncome": "-74000000"}, {"fiscalDateEnding": "2017-03-31", "reportedCurrency": "USD", "grossProfit": "469000000", "totalRevenue": "6894000000", "costOfRevenue": "6425000000", "costofGoodsAndServicesSold": "6076000000", "operatingIncome": "757000000", "sellingGeneralAndAdministrative": "98000000", "researchAndDevelopment": "211000000", "operatingExpenses": "560000000", "investmentIncomeNet": "None", "netInterestIncome": "-139000000", "interestIncome": "None", "interestExpense": "139000000", "nonInterestIncome": "6894000000", "otherNonOperatingIncome": "46000000", "depreciation": "613000000", "depreciationAndAmortization": "169000000", "incomeBeforeTax": "329000000", "incomeTaxExpense": "50000000", "interestAndDebtExpense": "139000000", "netIncomeFromContinuingOperations": "284000000", "comprehensiveIncomeNetOfTax": "393000000", "ebit": "468000000", "ebitda": "637000000", "netIncome": "279000000"}, {"fiscalDateEnding": "2016-12-31", "reportedCurrency": "USD", "grossProfit": "577000000", "totalRevenue": "7107000000", "costOfRevenue": "6530000000", "costofGoodsAndServicesSold": "6193000000", "operatingIncome": "811000000", "sellingGeneralAndAdministrative": "98000000", "researchAndDevelopment": "262000000", "operatingExpenses": "722000000", "investmentIncomeNet": "None", "netInterestIncome": "-139000000", "interestIncome": "None", "interestExpense": "139000000", "nonInterestIncome": "None", "otherNonOperatingIncome": "47000000", "depreciation": "647000000", "depreciationAndAmortization": "162000000", "incomeBeforeTax": "-224000000", "incomeTaxExpense": "-19000000", "interestAndDebtExpense": "139000000", "netIncomeFromContinuingOperations": "-255000000", "comprehensiveIncomeNetOfTax": "-460000000", "ebit": "-85000000", "ebitda": "77000000", "netIncome": "-205000000"}]}