{"symbol": "SPG", "annualReports": [{"fiscalDateEnding": "2020-12-31", "reportedCurrency": "USD", "grossProfit": "2738298000", "totalRevenue": "4607503000", "costOfRevenue": "1869205000", "costofGoodsAndServicesSold": "430012000", "operatingIncome": "1971809000", "sellingGeneralAndAdministrative": "121185000", "researchAndDevelopment": "None", "operatingExpenses": "1576872000", "investmentIncomeNet": "None", "netInterestIncome": "-784400000", "interestIncome": "-584162000", "interestExpense": "784400000", "nonInterestIncome": "None", "otherNonOperatingIncome": "219870000", "depreciation": "None", "depreciationAndAmortization": "1318008000", "incomeBeforeTax": "1272687000", "incomeTaxExpense": "-4637000", "interestAndDebtExpense": "784400000", "netIncomeFromContinuingOperations": "2172047000", "comprehensiveIncomeNetOfTax": "1042492000", "ebit": "1971809000", "ebitda": "3289817000", "netIncome": "1112564000"}, {"fiscalDateEnding": "2019-12-31", "reportedCurrency": "USD", "grossProfit": "4128987000", "totalRevenue": "5755189000", "costOfRevenue": "1626202000", "costofGoodsAndServicesSold": "100495000", "operatingIncome": "2907831000", "sellingGeneralAndAdministrative": "185204000", "researchAndDevelopment": "None", "operatingExpenses": "1635605000", "investmentIncomeNet": "None", "netInterestIncome": "-789353000", "interestIncome": "-353216000", "interestExpense": "789353000", "nonInterestIncome": "-116256000", "otherNonOperatingIncome": "328093000", "depreciation": "None", "depreciationAndAmortization": "1340503000", "incomeBeforeTax": "2453242000", "incomeTaxExpense": "30054000", "interestAndDebtExpense": "905609000", "netIncomeFromContinuingOperations": "3343968000", "comprehensiveIncomeNetOfTax": "2108997000", "ebit": "2907831000", "ebitda": "4248334000", "netIncome": "2101584000"}, {"fiscalDateEnding": "2018-12-31", "reportedCurrency": "USD", "grossProfit": "4065462000", "totalRevenue": "5645288000", "costOfRevenue": "1592457000", "costofGoodsAndServicesSold": "99588000", "operatingIncome": "2926299000", "sellingGeneralAndAdministrative": "197784000", "researchAndDevelopment": "None", "operatingExpenses": "1589560000", "investmentIncomeNet": "None", "netInterestIncome": "-815923000", "interestIncome": "-355885000", "interestExpense": "815923000", "nonInterestIncome": "3650711000", "otherNonOperatingIncome": "475250000", "depreciation": "None", "depreciationAndAmortization": "1282454000", "incomeBeforeTax": "2859241000", "incomeTaxExpense": "36898000", "interestAndDebtExpense": "815923000", "netIncomeFromContinuingOperations": "3386337000", "comprehensiveIncomeNetOfTax": "2424494000", "ebit": "2926299000", "ebitda": "4208753000", "netIncome": "2440058000"}, {"fiscalDateEnding": "2017-12-31", "reportedCurrency": "USD", "grossProfit": "3508970000", "totalRevenue": "5527336000", "costOfRevenue": "2029670000", "costofGoodsAndServicesSold": "540077000", "operatingIncome": "2802340000", "sellingGeneralAndAdministrative": "202837000", "researchAndDevelopment": "None", "operatingExpenses": "1609766000", "investmentIncomeNet": "None", "netInterestIncome": "-809393000", "interestIncome": "-409123000", "interestExpense": "809393000", "nonInterestIncome": "3458862000", "otherNonOperatingIncome": "275299000", "depreciation": "None", "depreciationAndAmortization": "1275452000", "incomeBeforeTax": "2268246000", "incomeTaxExpense": "23343000", "interestAndDebtExpense": "938011000", "netIncomeFromContinuingOperations": "3202610000", "comprehensiveIncomeNetOfTax": "1951634000", "ebit": "2802340000", "ebitda": "4077792000", "netIncome": "1947962000"}, {"fiscalDateEnding": "2016-12-31", "reportedCurrency": "USD", "grossProfit": "3435237000", "totalRevenue": "5435229000", "costOfRevenue": "1999992000", "costofGoodsAndServicesSold": "532117000", "operatingIncome": "2720828000", "sellingGeneralAndAdministrative": "207883000", "researchAndDevelopment": "None", "operatingExpenses": "1577529000", "investmentIncomeNet": "None", "netInterestIncome": "-857554000", "interestIncome": "-504220000", "interestExpense": "857554000", "nonInterestIncome": "3383229000", "otherNonOperatingIncome": "301110000", "depreciation": "None", "depreciationAndAmortization": "1252673000", "incomeBeforeTax": "2164384000", "incomeTaxExpense": "29678000", "interestAndDebtExpense": "994331000", "netIncomeFromContinuingOperations": "2134706000", "comprehensiveIncomeNetOfTax": "1977456000", "ebit": "2720828000", "ebitda": "3973501000", "netIncome": "1838896000"}], "quarterlyReports": [{"fiscalDateEnding": "2021-09-30", "reportedCurrency": "USD", "grossProfit": "809338000", "totalRevenue": "1296554000", "costOfRevenue": "487216000", "costofGoodsAndServicesSold": "130291000", "operatingIncome": "612324000", "sellingGeneralAndAdministrative": "45544000", "researchAndDevelopment": "None", "operatingExpenses": "388178000", "investmentIncomeNet": "None", "netInterestIncome": "-199772000", "interestIncome": "153636000", "interestExpense": "199772000", "nonInterestIncome": "-28593000", "otherNonOperatingIncome": "169931000", "depreciation": "None", "depreciationAndAmortization": "311381000", "incomeBeforeTax": "845910000", "incomeTaxExpense": "67262000", "interestAndDebtExpense": "228365000", "netIncomeFromContinuingOperations": "805904000", "comprehensiveIncomeNetOfTax": "677803000", "ebit": "612324000", "ebitda": "923705000", "netIncome": "680770000"}, {"fiscalDateEnding": "2021-06-30", "reportedCurrency": "USD", "grossProfit": "796486000", "totalRevenue": "1254146000", "costOfRevenue": "457660000", "costofGoodsAndServicesSold": "115109000", "operatingIncome": "604723000", "sellingGeneralAndAdministrative": "26819000", "researchAndDevelopment": "None", "operatingExpenses": "371920000", "investmentIncomeNet": "None", "netInterestIncome": "-200419000", "interestIncome": "148149000", "interestExpense": "200419000", "nonInterestIncome": "0", "otherNonOperatingIncome": "348545000", "depreciation": "None", "depreciationAndAmortization": "315732000", "incomeBeforeTax": "752872000", "incomeTaxExpense": "47003000", "interestAndDebtExpense": "200419000", "netIncomeFromContinuingOperations": "953291000", "comprehensiveIncomeNetOfTax": "613651000", "ebit": "604723000", "ebitda": "920455000", "netIncome": "618091000"}, {"fiscalDateEnding": "2021-03-31", "reportedCurrency": "USD", "grossProfit": "780177000", "totalRevenue": "1239951000", "costOfRevenue": "459774000", "costofGoodsAndServicesSold": "107974000", "operatingIncome": "604612000", "sellingGeneralAndAdministrative": "36062000", "researchAndDevelopment": "None", "operatingExpenses": "375354000", "investmentIncomeNet": "None", "netInterestIncome": "-202016000", "interestIncome": "-190148000", "interestExpense": "202016000", "nonInterestIncome": "-2959000", "otherNonOperatingIncome": "12110000", "depreciation": "None", "depreciationAndAmortization": "315738000", "incomeBeforeTax": "504562000", "incomeTaxExpense": "-5898000", "interestAndDebtExpense": "204975000", "netIncomeFromContinuingOperations": "616480000", "comprehensiveIncomeNetOfTax": "451503000", "ebit": "604612000", "ebitda": "920350000", "netIncome": "446694000"}, {"fiscalDateEnding": "2020-12-31", "reportedCurrency": "USD", "grossProfit": "1131429000", "totalRevenue": "1131429000", "costOfRevenue": "479914000", "costofGoodsAndServicesSold": "105051000", "operatingIncome": "462047000", "sellingGeneralAndAdministrative": "43012000", "researchAndDevelopment": "None", "operatingExpenses": "413015000", "investmentIncomeNet": "None", "netInterestIncome": "-197855000", "interestIncome": "-134101000", "interestExpense": "197855000", "nonInterestIncome": "None", "otherNonOperatingIncome": "63260000", "depreciation": "None", "depreciationAndAmortization": "331851000", "incomeBeforeTax": "311154000", "incomeTaxExpense": "-1572000", "interestAndDebtExpense": "197855000", "netIncomeFromContinuingOperations": "462047000", "comprehensiveIncomeNetOfTax": "264109000", "ebit": "462047000", "ebitda": "793898000", "netIncome": "312726000"}, {"fiscalDateEnding": "2020-09-30", "reportedCurrency": "USD", "grossProfit": "543745000", "totalRevenue": "1060674000", "costOfRevenue": "516929000", "costofGoodsAndServicesSold": "110207000", "operatingIncome": "404024000", "sellingGeneralAndAdministrative": "17767000", "researchAndDevelopment": "None", "operatingExpenses": "449372000", "investmentIncomeNet": "None", "netInterestIncome": "-201858000", "interestIncome": "-141314000", "interestExpense": "201858000", "nonInterestIncome": "None", "otherNonOperatingIncome": "61823000", "depreciation": "None", "depreciationAndAmortization": "333755000", "incomeBeforeTax": "171425000", "incomeTaxExpense": "2779000", "interestAndDebtExpense": "201858000", "netIncomeFromContinuingOperations": "464568000", "comprehensiveIncomeNetOfTax": "121418000", "ebit": "404024000", "ebitda": "737779000", "netIncome": "146760000"}, {"fiscalDateEnding": "2020-06-30", "reportedCurrency": "USD", "grossProfit": "633216000", "totalRevenue": "1062041000", "costOfRevenue": "428825000", "costofGoodsAndServicesSold": "84700000", "operatingIncome": "450868000", "sellingGeneralAndAdministrative": "19985000", "researchAndDevelopment": "None", "operatingExpenses": "373162000", "investmentIncomeNet": "None", "netInterestIncome": "-197061000", "interestIncome": "-152537000", "interestExpense": "197061000", "nonInterestIncome": "None", "otherNonOperatingIncome": "44322000", "depreciation": "None", "depreciationAndAmortization": "324140000", "incomeBeforeTax": "290486000", "incomeTaxExpense": "-62000", "interestAndDebtExpense": "197061000", "netIncomeFromContinuingOperations": "495392000", "comprehensiveIncomeNetOfTax": "219222000", "ebit": "450868000", "ebitda": "775008000", "netIncome": "255047000"}, {"fiscalDateEnding": "2020-03-31", "reportedCurrency": "USD", "grossProfit": "960246000", "totalRevenue": "1353360000", "costOfRevenue": "393114000", "costofGoodsAndServicesSold": "24431000", "operatingIncome": "654869000", "sellingGeneralAndAdministrative": "40421000", "researchAndDevelopment": "None", "operatingExpenses": "396523000", "investmentIncomeNet": "None", "netInterestIncome": "-187627000", "interestIncome": "-156210000", "interestExpense": "187627000", "nonInterestIncome": "None", "otherNonOperatingIncome": "50465000", "depreciation": "None", "depreciationAndAmortization": "328262000", "incomeBeforeTax": "499621000", "incomeTaxExpense": "-5783000", "interestAndDebtExpense": "187627000", "netIncomeFromContinuingOperations": "686286000", "comprehensiveIncomeNetOfTax": "437743000", "ebit": "654869000", "ebitda": "983131000", "netIncome": "438439000"}, {"fiscalDateEnding": "2019-12-31", "reportedCurrency": "USD", "grossProfit": "1488615000", "totalRevenue": "1488615000", "costOfRevenue": "399601000", "costofGoodsAndServicesSold": "26743000", "operatingIncome": "776876000", "sellingGeneralAndAdministrative": "48548000", "researchAndDevelopment": "None", "operatingExpenses": "407438000", "investmentIncomeNet": "None", "netInterestIncome": "-189812000", "interestIncome": "-65520000", "interestExpense": "189812000", "nonInterestIncome": "None", "otherNonOperatingIncome": "11401000", "depreciation": "None", "depreciationAndAmortization": "324310000", "incomeBeforeTax": "597161000", "incomeTaxExpense": "6745000", "interestAndDebtExpense": "306068000", "netIncomeFromContinuingOperations": "776876000", "comprehensiveIncomeNetOfTax": "514020000", "ebit": "776876000", "ebitda": "1101186000", "netIncome": "590416000"}, {"fiscalDateEnding": "2019-09-30", "reportedCurrency": "USD", "grossProfit": "1013016000", "totalRevenue": "1416554000", "costOfRevenue": "403538000", "costofGoodsAndServicesSold": "23979000", "operatingIncome": "705302000", "sellingGeneralAndAdministrative": "44615000", "researchAndDevelopment": "None", "operatingExpenses": "401642000", "investmentIncomeNet": "None", "netInterestIncome": "-202382000", "interestIncome": "-80522000", "interestExpense": "202382000", "nonInterestIncome": "None", "otherNonOperatingIncome": "119706000", "depreciation": "None", "depreciationAndAmortization": "334944000", "incomeBeforeTax": "634921000", "incomeTaxExpense": "6197000", "interestAndDebtExpense": "202382000", "netIncomeFromContinuingOperations": "827162000", "comprehensiveIncomeNetOfTax": "552236000", "ebit": "705302000", "ebitda": "1040246000", "netIncome": "545088000"}, {"fiscalDateEnding": "2019-06-30", "reportedCurrency": "USD", "grossProfit": "976951000", "totalRevenue": "1397186000", "costOfRevenue": "420235000", "costofGoodsAndServicesSold": "21850000", "operatingIncome": "680631000", "sellingGeneralAndAdministrative": "45779000", "researchAndDevelopment": "None", "operatingExpenses": "426205000", "investmentIncomeNet": "None", "netInterestIncome": "-198425000", "interestIncome": "-104200000", "interestExpense": "198425000", "nonInterestIncome": "None", "otherNonOperatingIncome": "106542000", "depreciation": "None", "depreciationAndAmortization": "352606000", "incomeBeforeTax": "579112000", "incomeTaxExpense": "7010000", "interestAndDebtExpense": "198425000", "netIncomeFromContinuingOperations": "774856000", "comprehensiveIncomeNetOfTax": "488378000", "ebit": "680631000", "ebitda": "1033237000", "netIncome": "496158000"}, {"fiscalDateEnding": "2019-03-31", "reportedCurrency": "USD", "grossProfit": "1050008000", "totalRevenue": "1452834000", "costOfRevenue": "402826000", "costofGoodsAndServicesSold": "27922000", "operatingIncome": "745021000", "sellingGeneralAndAdministrative": "46261000", "researchAndDevelopment": "None", "operatingExpenses": "395006000", "investmentIncomeNet": "None", "netInterestIncome": "-198733000", "interestIncome": "-108289000", "interestExpense": "198733000", "nonInterestIncome": "None", "otherNonOperatingIncome": "90444000", "depreciation": "None", "depreciationAndAmortization": "328643000", "incomeBeforeTax": "642049000", "incomeTaxExpense": "10102000", "interestAndDebtExpense": "198733000", "netIncomeFromContinuingOperations": "840782000", "comprehensiveIncomeNetOfTax": "554366000", "ebit": "745021000", "ebitda": "1073664000", "netIncome": "549309000"}, {"fiscalDateEnding": "2018-12-31", "reportedCurrency": "USD", "grossProfit": "1460743000", "totalRevenue": "1462027000", "costOfRevenue": "408034000", "costofGoodsAndServicesSold": "26081000", "operatingIncome": "770512000", "sellingGeneralAndAdministrative": "54092000", "researchAndDevelopment": "None", "operatingExpenses": "423266000", "investmentIncomeNet": "None", "netInterestIncome": "-204338000", "interestIncome": "None", "interestExpense": "204338000", "nonInterestIncome": "964386000", "otherNonOperatingIncome": "149988000", "depreciation": "None", "depreciationAndAmortization": "329145000", "incomeBeforeTax": "843616000", "incomeTaxExpense": "10423000", "interestAndDebtExpense": "204338000", "netIncomeFromContinuingOperations": "754089000", "comprehensiveIncomeNetOfTax": "706205000", "ebit": "770512000", "ebitda": "1099657000", "netIncome": "833192000"}, {"fiscalDateEnding": "2018-09-30", "reportedCurrency": "USD", "grossProfit": "1015354000", "totalRevenue": "1404021000", "costOfRevenue": "393651000", "costofGoodsAndServicesSold": "23632000", "operatingIncome": "722843000", "sellingGeneralAndAdministrative": "48860000", "researchAndDevelopment": "None", "operatingExpenses": "391948000", "investmentIncomeNet": "None", "netInterestIncome": "-199469000", "interestIncome": "None", "interestExpense": "199469000", "nonInterestIncome": "904115000", "otherNonOperatingIncome": "134408000", "depreciation": "None", "depreciationAndAmortization": "316175000", "incomeBeforeTax": "652330000", "incomeTaxExpense": "10118000", "interestAndDebtExpense": "199469000", "netIncomeFromContinuingOperations": "851799000", "comprehensiveIncomeNetOfTax": "553793000", "ebit": "722843000", "ebitda": "1039018000", "netIncome": "557101000"}, {"fiscalDateEnding": "2018-06-30", "reportedCurrency": "USD", "grossProfit": "892315000", "totalRevenue": "1385059000", "costOfRevenue": "496043000", "costofGoodsAndServicesSold": "125142000", "operatingIncome": "727983000", "sellingGeneralAndAdministrative": "47404000", "researchAndDevelopment": "None", "operatingExpenses": "378477000", "investmentIncomeNet": "None", "netInterestIncome": "-206624000", "interestIncome": "None", "interestExpense": "206624000", "nonInterestIncome": "889048000", "otherNonOperatingIncome": "100828000", "depreciation": "None", "depreciationAndAmortization": "320198000", "incomeBeforeTax": "641551000", "incomeTaxExpense": "10137000", "interestAndDebtExpense": "206624000", "netIncomeFromContinuingOperations": "838503000", "comprehensiveIncomeNetOfTax": "535301000", "ebit": "727983000", "ebitda": "1048181000", "netIncome": "547838000"}, {"fiscalDateEnding": "2018-03-31", "reportedCurrency": "USD", "grossProfit": "888686000", "totalRevenue": "1394182000", "costOfRevenue": "511128000", "costofGoodsAndServicesSold": "141132000", "operatingIncome": "704962000", "sellingGeneralAndAdministrative": "47428000", "researchAndDevelopment": "None", "operatingExpenses": "395866000", "investmentIncomeNet": "None", "netInterestIncome": "-205492000", "interestIncome": "None", "interestExpense": "205492000", "nonInterestIncome": "893162000", "otherNonOperatingIncome": "90026000", "depreciation": "None", "depreciationAndAmortization": "316936000", "incomeBeforeTax": "721744000", "incomeTaxExpense": "6220000", "interestAndDebtExpense": "205492000", "netIncomeFromContinuingOperations": "791959000", "comprehensiveIncomeNetOfTax": "629194000", "ebit": "704962000", "ebitda": "1021898000", "netIncome": "621488000"}, {"fiscalDateEnding": "2017-12-31", "reportedCurrency": "USD", "grossProfit": "1427692000", "totalRevenue": "1427692000", "costOfRevenue": "517221000", "costofGoodsAndServicesSold": "137197000", "operatingIncome": "749452000", "sellingGeneralAndAdministrative": "54298000", "researchAndDevelopment": "None", "operatingExpenses": "408284000", "investmentIncomeNet": "None", "netInterestIncome": "-204985000", "interestIncome": "None", "interestExpense": "204985000", "nonInterestIncome": "933344000", "otherNonOperatingIncome": "121716000", "depreciation": "None", "depreciationAndAmortization": "325187000", "incomeBeforeTax": "666183000", "incomeTaxExpense": "6362000", "interestAndDebtExpense": "204985000", "netIncomeFromContinuingOperations": "749452000", "comprehensiveIncomeNetOfTax": "572536000", "ebit": "749452000", "ebitda": "1074639000", "netIncome": "659821000"}, {"fiscalDateEnding": "2017-09-30", "reportedCurrency": "USD", "grossProfit": "890527000", "totalRevenue": "1403638000", "costOfRevenue": "513111000", "costofGoodsAndServicesSold": "144159000", "operatingIncome": "690068000", "sellingGeneralAndAdministrative": "49020000", "researchAndDevelopment": "None", "operatingExpenses": "423112000", "investmentIncomeNet": "None", "netInterestIncome": "-199032000", "interestIncome": "None", "interestExpense": "199032000", "nonInterestIncome": "897818000", "otherNonOperatingIncome": "116110000", "depreciation": "None", "depreciationAndAmortization": "317037000", "incomeBeforeTax": "607146000", "incomeTaxExpense": "14511000", "interestAndDebtExpense": "199032000", "netIncomeFromContinuingOperations": "806178000", "comprehensiveIncomeNetOfTax": "507449000", "ebit": "690068000", "ebitda": "1007105000", "netIncome": "514617000"}, {"fiscalDateEnding": "2017-06-30", "reportedCurrency": "USD", "grossProfit": "857852000", "totalRevenue": "1361548000", "costOfRevenue": "503696000", "costofGoodsAndServicesSold": "129071000", "operatingIncome": "686149000", "sellingGeneralAndAdministrative": "49570000", "researchAndDevelopment": "None", "operatingExpenses": "393778000", "investmentIncomeNet": "None", "netInterestIncome": "-207174000", "interestIncome": "None", "interestExpense": "207174000", "nonInterestIncome": "752698000", "otherNonOperatingIncome": "-31612000", "depreciation": "None", "depreciationAndAmortization": "322396000", "incomeBeforeTax": "447363000", "incomeTaxExpense": "5990000", "interestAndDebtExpense": "335792000", "netIncomeFromContinuingOperations": "778166000", "comprehensiveIncomeNetOfTax": "379795000", "ebit": "686149000", "ebitda": "1008545000", "netIncome": "382824000"}, {"fiscalDateEnding": "2017-03-31", "reportedCurrency": "USD", "grossProfit": "850123000", "totalRevenue": "1345763000", "costOfRevenue": "495640000", "costofGoodsAndServicesSold": "129649000", "operatingIncome": "676671000", "sellingGeneralAndAdministrative": "49949000", "researchAndDevelopment": "None", "operatingExpenses": "384595000", "investmentIncomeNet": "None", "netInterestIncome": "-198202000", "interestIncome": "None", "interestExpense": "198202000", "nonInterestIncome": "875002000", "otherNonOperatingIncome": "69085000", "depreciation": "None", "depreciationAndAmortization": "310832000", "incomeBeforeTax": "547554000", "incomeTaxExpense": "-3521000", "interestAndDebtExpense": "198202000", "netIncomeFromContinuingOperations": "745756000", "comprehensiveIncomeNetOfTax": "491854000", "ebit": "676671000", "ebitda": "987503000", "netIncome": "478570000"}, {"fiscalDateEnding": "2016-12-31", "reportedCurrency": "USD", "grossProfit": "1425966000", "totalRevenue": "1425966000", "costOfRevenue": "527127000", "costofGoodsAndServicesSold": "132117000", "operatingIncome": "700501000", "sellingGeneralAndAdministrative": "58835000", "researchAndDevelopment": "None", "operatingExpenses": "445650000", "investmentIncomeNet": "None", "netInterestIncome": "-209506000", "interestIncome": "None", "interestExpense": "209506000", "nonInterestIncome": "799413000", "otherNonOperatingIncome": "None", "depreciation": "None", "depreciationAndAmortization": "336717000", "incomeBeforeTax": "456655000", "incomeTaxExpense": "1052000", "interestAndDebtExpense": "346283000", "netIncomeFromContinuingOperations": "700501000", "comprehensiveIncomeNetOfTax": "396971000", "ebit": "700501000", "ebitda": "1037218000", "netIncome": "455602000"}]}