{"symbol": "SPGI", "annualReports": [{"fiscalDateEnding": "2020-12-31", "reportedCurrency": "USD", "grossProfit": "4952000000", "totalRevenue": "7044000000", "costOfRevenue": "2092000000", "costofGoodsAndServicesSold": "2092000000", "operatingIncome": "3617000000", "sellingGeneralAndAdministrative": "1543000000", "researchAndDevelopment": "None", "operatingExpenses": "1787000000", "investmentIncomeNet": "None", "netInterestIncome": "-141000000", "interestIncome": "None", "interestExpense": "141000000", "nonInterestIncome": "7179000000", "otherNonOperatingIncome": "31000000", "depreciation": "83000000", "depreciationAndAmortization": "123000000", "incomeBeforeTax": "3033000000", "incomeTaxExpense": "694000000", "interestAndDebtExpense": "420000000", "netIncomeFromContinuingOperations": "2339000000", "comprehensiveIncomeNetOfTax": "2326000000", "ebit": "3174000000", "ebitda": "3297000000", "netIncome": "2339000000"}, {"fiscalDateEnding": "2019-12-31", "reportedCurrency": "USD", "grossProfit": "4767000000", "totalRevenue": "6568000000", "costOfRevenue": "1976000000", "costofGoodsAndServicesSold": "1801000000", "operatingIncome": "3226000000", "sellingGeneralAndAdministrative": "1342000000", "researchAndDevelopment": "None", "operatingExpenses": "3522000000", "investmentIncomeNet": "None", "netInterestIncome": "-198000000", "interestIncome": "-57000000", "interestExpense": "141000000", "nonInterestIncome": "6748000000", "otherNonOperatingIncome": "-98000000", "depreciation": "82000000", "depreciationAndAmortization": "122000000", "incomeBeforeTax": "2750000000", "incomeTaxExpense": "627000000", "interestAndDebtExpense": "198000000", "netIncomeFromContinuingOperations": "2123000000", "comprehensiveIncomeNetOfTax": "2241000000", "ebit": "2891000000", "ebitda": "3013000000", "netIncome": "2123000000"}, {"fiscalDateEnding": "2018-12-31", "reportedCurrency": "USD", "grossProfit": "4440000000", "totalRevenue": "6141000000", "costOfRevenue": "1838000000", "costofGoodsAndServicesSold": "1701000000", "operatingIncome": "2790000000", "sellingGeneralAndAdministrative": "1424000000", "researchAndDevelopment": "None", "operatingExpenses": "3468000000", "investmentIncomeNet": "None", "netInterestIncome": "-134000000", "interestIncome": "-139000000", "interestExpense": "134000000", "nonInterestIncome": "6275000000", "otherNonOperatingIncome": "25000000", "depreciation": "84000000", "depreciationAndAmortization": "122000000", "incomeBeforeTax": "2518000000", "incomeTaxExpense": "560000000", "interestAndDebtExpense": "134000000", "netIncomeFromContinuingOperations": "1958000000", "comprehensiveIncomeNetOfTax": "1855000000", "ebit": "2652000000", "ebitda": "2774000000", "netIncome": "1958000000"}, {"fiscalDateEnding": "2017-12-31", "reportedCurrency": "USD", "grossProfit": "4369000000", "totalRevenue": "6063000000", "costOfRevenue": "1694000000", "costofGoodsAndServicesSold": "1713000000", "operatingIncome": "2583000000", "sellingGeneralAndAdministrative": "1606000000", "researchAndDevelopment": "None", "operatingExpenses": "3480000000", "investmentIncomeNet": "None", "netInterestIncome": "-149000000", "interestIncome": "-149000000", "interestExpense": "149000000", "nonInterestIncome": "17000000", "otherNonOperatingIncome": "27000000", "depreciation": "82000000", "depreciationAndAmortization": "98000000", "incomeBeforeTax": "2319000000", "incomeTaxExpense": "823000000", "interestAndDebtExpense": "149000000", "netIncomeFromContinuingOperations": "1496000000", "comprehensiveIncomeNetOfTax": "1620000000", "ebit": "2468000000", "ebitda": "2566000000", "netIncome": "1496000000"}, {"fiscalDateEnding": "2016-12-31", "reportedCurrency": "USD", "grossProfit": "3888000000", "totalRevenue": "5661000000", "costOfRevenue": "1773000000", "costofGoodsAndServicesSold": "1769000000", "operatingIncome": "3341000000", "sellingGeneralAndAdministrative": "1467000000", "researchAndDevelopment": "None", "operatingExpenses": "3421000000", "investmentIncomeNet": "None", "netInterestIncome": "-181000000", "interestIncome": "-181000000", "interestExpense": "181000000", "nonInterestIncome": "1117000000", "otherNonOperatingIncome": "28000000", "depreciation": "85000000", "depreciationAndAmortization": "96000000", "incomeBeforeTax": "3066000000", "incomeTaxExpense": "960000000", "interestAndDebtExpense": "181000000", "netIncomeFromContinuingOperations": "2106000000", "comprehensiveIncomeNetOfTax": "1933000000", "ebit": "3247000000", "ebitda": "3343000000", "netIncome": "2106000000"}], "quarterlyReports": [{"fiscalDateEnding": "2021-09-30", "reportedCurrency": "USD", "grossProfit": "1516000000", "totalRevenue": "2059000000", "costOfRevenue": "543000000", "costofGoodsAndServicesSold": "543000000", "operatingIncome": "1083000000", "sellingGeneralAndAdministrative": "423000000", "researchAndDevelopment": "None", "operatingExpenses": "441000000", "investmentIncomeNet": "None", "netInterestIncome": "-31000000", "interestIncome": "None", "interestExpense": "31000000", "nonInterestIncome": "2090000000", "otherNonOperatingIncome": "22000000", "depreciation": "20000000", "depreciationAndAmortization": "21000000", "incomeBeforeTax": "1009000000", "incomeTaxExpense": "213000000", "interestAndDebtExpense": "0", "netIncomeFromContinuingOperations": "861000000", "comprehensiveIncomeNetOfTax": "811000000", "ebit": "1083000000", "ebitda": "1104000000", "netIncome": "796000000"}, {"fiscalDateEnding": "2021-06-30", "reportedCurrency": "USD", "grossProfit": "1542000000", "totalRevenue": "2075000000", "costOfRevenue": "533000000", "costofGoodsAndServicesSold": "533000000", "operatingIncome": "1154000000", "sellingGeneralAndAdministrative": "374000000", "researchAndDevelopment": "None", "operatingExpenses": "399000000", "investmentIncomeNet": "None", "netInterestIncome": "-32000000", "interestIncome": "None", "interestExpense": "32000000", "nonInterestIncome": "2106000000", "otherNonOperatingIncome": "22000000", "depreciation": "23000000", "depreciationAndAmortization": "22000000", "incomeBeforeTax": "1085000000", "incomeTaxExpense": "287000000", "interestAndDebtExpense": "None", "netIncomeFromContinuingOperations": "857000000", "comprehensiveIncomeNetOfTax": "682000000", "ebit": "1154000000", "ebitda": "1176000000", "netIncome": "798000000"}, {"fiscalDateEnding": "2021-03-31", "reportedCurrency": "USD", "grossProfit": "1460000000", "totalRevenue": "1987000000", "costOfRevenue": "527000000", "costofGoodsAndServicesSold": "527000000", "operatingIncome": "1081000000", "sellingGeneralAndAdministrative": "360000000", "researchAndDevelopment": "None", "operatingExpenses": "399000000", "investmentIncomeNet": "None", "netInterestIncome": "-32000000", "interestIncome": "None", "interestExpense": "32000000", "nonInterestIncome": "2018000000", "otherNonOperatingIncome": "7000000", "depreciation": "19000000", "depreciationAndAmortization": "31000000", "incomeBeforeTax": "1003000000", "incomeTaxExpense": "248000000", "interestAndDebtExpense": "None", "netIncomeFromContinuingOperations": "808000000", "comprehensiveIncomeNetOfTax": "744000000", "ebit": "1081000000", "ebitda": "1112000000", "netIncome": "755000000"}, {"fiscalDateEnding": "2020-12-31", "reportedCurrency": "USD", "grossProfit": "1867000000", "totalRevenue": "1867000000", "costOfRevenue": "559000000", "costofGoodsAndServicesSold": "559000000", "operatingIncome": "656000000", "sellingGeneralAndAdministrative": "599000000", "researchAndDevelopment": "None", "operatingExpenses": "749000000", "investmentIncomeNet": "None", "netInterestIncome": "-32000000", "interestIncome": "None", "interestExpense": "32000000", "nonInterestIncome": "1867000000", "otherNonOperatingIncome": "15000000", "depreciation": "23000000", "depreciationAndAmortization": "29000000", "incomeBeforeTax": "589000000", "incomeTaxExpense": "135000000", "interestAndDebtExpense": "141000000", "netIncomeFromContinuingOperations": "656000000", "comprehensiveIncomeNetOfTax": "494000000", "ebit": "656000000", "ebitda": "685000000", "netIncome": "454000000"}, {"fiscalDateEnding": "2020-09-30", "reportedCurrency": "USD", "grossProfit": "1021000000", "totalRevenue": "1540000000", "costOfRevenue": "517000000", "costofGoodsAndServicesSold": "519000000", "operatingIncome": "944000000", "sellingGeneralAndAdministrative": "341000000", "researchAndDevelopment": "None", "operatingExpenses": "363000000", "investmentIncomeNet": "None", "netInterestIncome": "-35000000", "interestIncome": "None", "interestExpense": "35000000", "nonInterestIncome": "1575000000", "otherNonOperatingIncome": "6000000", "depreciation": "20000000", "depreciationAndAmortization": "32000000", "incomeBeforeTax": "593000000", "incomeTaxExpense": "138000000", "interestAndDebtExpense": "279000000", "netIncomeFromContinuingOperations": "498000000", "comprehensiveIncomeNetOfTax": "482000000", "ebit": "944000000", "ebitda": "976000000", "netIncome": "455000000"}, {"fiscalDateEnding": "2020-06-30", "reportedCurrency": "USD", "grossProfit": "1412000000", "totalRevenue": "1905000000", "costOfRevenue": "493000000", "costofGoodsAndServicesSold": "493000000", "operatingIncome": "1105000000", "sellingGeneralAndAdministrative": "295000000", "researchAndDevelopment": "None", "operatingExpenses": "326000000", "investmentIncomeNet": "None", "netInterestIncome": "-40000000", "interestIncome": "None", "interestExpense": "40000000", "nonInterestIncome": "1944000000", "otherNonOperatingIncome": "10000000", "depreciation": "19000000", "depreciationAndAmortization": "32000000", "incomeBeforeTax": "1025000000", "incomeTaxExpense": "233000000", "interestAndDebtExpense": "None", "netIncomeFromContinuingOperations": "842000000", "comprehensiveIncomeNetOfTax": "748000000", "ebit": "1105000000", "ebitda": "1137000000", "netIncome": "792000000"}, {"fiscalDateEnding": "2020-03-31", "reportedCurrency": "USD", "grossProfit": "1242000000", "totalRevenue": "1763000000", "costOfRevenue": "518000000", "costofGoodsAndServicesSold": "521000000", "operatingIncome": "912000000", "sellingGeneralAndAdministrative": "314000000", "researchAndDevelopment": "None", "operatingExpenses": "343000000", "investmentIncomeNet": "None", "netInterestIncome": "-34000000", "interestIncome": "-44000000", "interestExpense": "34000000", "nonInterestIncome": "1793000000", "otherNonOperatingIncome": "-1000000", "depreciation": "20000000", "depreciationAndAmortization": "29000000", "incomeBeforeTax": "827000000", "incomeTaxExpense": "188000000", "interestAndDebtExpense": "None", "netIncomeFromContinuingOperations": "689000000", "comprehensiveIncomeNetOfTax": "603000000", "ebit": "912000000", "ebitda": "941000000", "netIncome": "639000000"}, {"fiscalDateEnding": "2019-12-31", "reportedCurrency": "USD", "grossProfit": "1735000000", "totalRevenue": "1735000000", "costOfRevenue": "516000000", "costofGoodsAndServicesSold": "464000000", "operatingIncome": "818000000", "sellingGeneralAndAdministrative": "350000000", "researchAndDevelopment": "None", "operatingExpenses": "2347000000", "investmentIncomeNet": "None", "netInterestIncome": "-93000000", "interestIncome": "-96000000", "interestExpense": "93000000", "nonInterestIncome": "1735000000", "otherNonOperatingIncome": "6000000", "depreciation": "21000000", "depreciationAndAmortization": "30000000", "incomeBeforeTax": "686000000", "incomeTaxExpense": "145000000", "interestAndDebtExpense": "198000000", "netIncomeFromContinuingOperations": "818000000", "comprehensiveIncomeNetOfTax": "601000000", "ebit": "818000000", "ebitda": "848000000", "netIncome": "541000000"}, {"fiscalDateEnding": "2019-09-30", "reportedCurrency": "USD", "grossProfit": "1272000000", "totalRevenue": "1710000000", "costOfRevenue": "480000000", "costofGoodsAndServicesSold": "438000000", "operatingIncome": "891000000", "sellingGeneralAndAdministrative": "318000000", "researchAndDevelopment": "None", "operatingExpenses": "340000000", "investmentIncomeNet": "None", "netInterestIncome": "-32000000", "interestIncome": "-48000000", "interestExpense": "32000000", "nonInterestIncome": "1738000000", "otherNonOperatingIncome": "-8000000", "depreciation": "20000000", "depreciationAndAmortization": "29000000", "incomeBeforeTax": "806000000", "incomeTaxExpense": "189000000", "interestAndDebtExpense": "0", "netIncomeFromContinuingOperations": "662000000", "comprehensiveIncomeNetOfTax": "583000000", "ebit": "891000000", "ebitda": "920000000", "netIncome": "617000000"}, {"fiscalDateEnding": "2019-06-30", "reportedCurrency": "USD", "grossProfit": "1219000000", "totalRevenue": "1671000000", "costOfRevenue": "471000000", "costofGoodsAndServicesSold": "452000000", "operatingIncome": "813000000", "sellingGeneralAndAdministrative": "368000000", "researchAndDevelopment": "None", "operatingExpenses": "418000000", "investmentIncomeNet": "None", "netInterestIncome": "-37000000", "interestIncome": "-38000000", "interestExpense": "37000000", "nonInterestIncome": "1704000000", "otherNonOperatingIncome": "6000000", "depreciation": "21000000", "depreciationAndAmortization": "31000000", "incomeBeforeTax": "735000000", "incomeTaxExpense": "180000000", "interestAndDebtExpense": "None", "netIncomeFromContinuingOperations": "602000000", "comprehensiveIncomeNetOfTax": "537000000", "ebit": "813000000", "ebitda": "844000000", "netIncome": "555000000"}, {"fiscalDateEnding": "2019-03-31", "reportedCurrency": "USD", "grossProfit": "1096000000", "totalRevenue": "1535000000", "costOfRevenue": "473000000", "costofGoodsAndServicesSold": "439000000", "operatingIncome": "705000000", "sellingGeneralAndAdministrative": "341000000", "researchAndDevelopment": "None", "operatingExpenses": "414000000", "investmentIncomeNet": "None", "netInterestIncome": "-36000000", "interestIncome": "None", "interestExpense": "36000000", "nonInterestIncome": "1571000000", "otherNonOperatingIncome": "-103000000", "depreciation": "20000000", "depreciationAndAmortization": "32000000", "incomeBeforeTax": "523000000", "incomeTaxExpense": "113000000", "interestAndDebtExpense": "None", "netIncomeFromContinuingOperations": "453000000", "comprehensiveIncomeNetOfTax": "519000000", "ebit": "705000000", "ebitda": "737000000", "netIncome": "410000000"}, {"fiscalDateEnding": "2018-12-31", "reportedCurrency": "USD", "grossProfit": "1536000000", "totalRevenue": "1536000000", "costOfRevenue": "551000000", "costofGoodsAndServicesSold": "411000000", "operatingIncome": "704000000", "sellingGeneralAndAdministrative": "227000000", "researchAndDevelopment": "None", "operatingExpenses": "2107000000", "investmentIncomeNet": "None", "netInterestIncome": "-36000000", "interestIncome": "None", "interestExpense": "36000000", "nonInterestIncome": "1536000000", "otherNonOperatingIncome": "3000000", "depreciation": "24000000", "depreciationAndAmortization": "-29000000", "incomeBeforeTax": "632000000", "incomeTaxExpense": "120000000", "interestAndDebtExpense": "None", "netIncomeFromContinuingOperations": "704000000", "comprehensiveIncomeNetOfTax": "472000000", "ebit": "704000000", "ebitda": "675000000", "netIncome": "512000000"}, {"fiscalDateEnding": "2018-09-30", "reportedCurrency": "USD", "grossProfit": "2648000000", "totalRevenue": "3054000000", "costOfRevenue": "410000000", "costofGoodsAndServicesSold": "406000000", "operatingIncome": "704000000", "sellingGeneralAndAdministrative": "379000000", "researchAndDevelopment": "None", "operatingExpenses": "436000000", "investmentIncomeNet": "None", "netInterestIncome": "-38000000", "interestIncome": "None", "interestExpense": "38000000", "nonInterestIncome": "3092000000", "otherNonOperatingIncome": "6000000", "depreciation": "20000000", "depreciationAndAmortization": "53000000", "incomeBeforeTax": "632000000", "incomeTaxExpense": "137000000", "interestAndDebtExpense": "None", "netIncomeFromContinuingOperations": "535000000", "comprehensiveIncomeNetOfTax": "497000000", "ebit": "704000000", "ebitda": "757000000", "netIncome": "495000000"}, {"fiscalDateEnding": "2018-06-30", "reportedCurrency": "USD", "grossProfit": "2746000000", "totalRevenue": "3192000000", "costOfRevenue": "441000000", "costofGoodsAndServicesSold": "446000000", "operatingIncome": "672000000", "sellingGeneralAndAdministrative": "444000000", "researchAndDevelopment": "None", "operatingExpenses": "491000000", "investmentIncomeNet": "None", "netInterestIncome": "-26000000", "interestIncome": "None", "interestExpense": "26000000", "nonInterestIncome": "3218000000", "otherNonOperatingIncome": "11000000", "depreciation": "19000000", "depreciationAndAmortization": "52000000", "incomeBeforeTax": "617000000", "incomeTaxExpense": "156000000", "interestAndDebtExpense": "None", "netIncomeFromContinuingOperations": "501000000", "comprehensiveIncomeNetOfTax": "385000000", "ebit": "672000000", "ebitda": "724000000", "netIncome": "461000000"}, {"fiscalDateEnding": "2018-03-31", "reportedCurrency": "USD", "grossProfit": "1137000000", "totalRevenue": "1567000000", "costOfRevenue": "430000000", "costofGoodsAndServicesSold": "439000000", "operatingIncome": "711000000", "sellingGeneralAndAdministrative": "381000000", "researchAndDevelopment": "None", "operatingExpenses": "425000000", "investmentIncomeNet": "None", "netInterestIncome": "-34000000", "interestIncome": "None", "interestExpense": "34000000", "nonInterestIncome": "1567000000", "otherNonOperatingIncome": "4000000", "depreciation": "21000000", "depreciationAndAmortization": "45000000", "incomeBeforeTax": "638000000", "incomeTaxExpense": "147000000", "interestAndDebtExpense": "34000000", "netIncomeFromContinuingOperations": "534000000", "comprehensiveIncomeNetOfTax": "500000000", "ebit": "672000000", "ebitda": "717000000", "netIncome": "491000000"}, {"fiscalDateEnding": "2017-12-31", "reportedCurrency": "USD", "grossProfit": "1157000000", "totalRevenue": "1589000000", "costOfRevenue": "432000000", "costofGoodsAndServicesSold": "431000000", "operatingIncome": "627000000", "sellingGeneralAndAdministrative": "483000000", "researchAndDevelopment": "None", "operatingExpenses": "2313000000", "investmentIncomeNet": "None", "netInterestIncome": "-39000000", "interestIncome": "None", "interestExpense": "39000000", "nonInterestIncome": "1589000000", "otherNonOperatingIncome": "1000000", "depreciation": "21000000", "depreciationAndAmortization": "25000000", "incomeBeforeTax": "553000000", "incomeTaxExpense": "290000000", "interestAndDebtExpense": "39000000", "netIncomeFromContinuingOperations": "1007000000", "comprehensiveIncomeNetOfTax": "291000000", "ebit": "592000000", "ebitda": "617000000", "netIncome": "263000000"}, {"fiscalDateEnding": "2017-09-30", "reportedCurrency": "USD", "grossProfit": "1094000000", "totalRevenue": "1513000000", "costOfRevenue": "419000000", "costofGoodsAndServicesSold": "421000000", "operatingIncome": "649000000", "sellingGeneralAndAdministrative": "399000000", "researchAndDevelopment": "None", "operatingExpenses": "412000000", "investmentIncomeNet": "None", "netInterestIncome": "-37000000", "interestIncome": "None", "interestExpense": "37000000", "nonInterestIncome": "0", "otherNonOperatingIncome": "9000000", "depreciation": "22000000", "depreciationAndAmortization": "24000000", "incomeBeforeTax": "583000000", "incomeTaxExpense": "169000000", "interestAndDebtExpense": "37000000", "netIncomeFromContinuingOperations": "452000000", "comprehensiveIncomeNetOfTax": "435000000", "ebit": "620000000", "ebitda": "644000000", "netIncome": "414000000"}, {"fiscalDateEnding": "2017-06-30", "reportedCurrency": "USD", "grossProfit": "1077000000", "totalRevenue": "1509000000", "costOfRevenue": "432000000", "costofGoodsAndServicesSold": "449000000", "operatingIncome": "668000000", "sellingGeneralAndAdministrative": "364000000", "researchAndDevelopment": "None", "operatingExpenses": "363000000", "investmentIncomeNet": "None", "netInterestIncome": "-37000000", "interestIncome": "None", "interestExpense": "37000000", "nonInterestIncome": "3018000000", "otherNonOperatingIncome": "9000000", "depreciation": "20000000", "depreciationAndAmortization": "25000000", "incomeBeforeTax": "604000000", "incomeTaxExpense": "183000000", "interestAndDebtExpense": "37000000", "netIncomeFromContinuingOperations": "457000000", "comprehensiveIncomeNetOfTax": "457000000", "ebit": "641000000", "ebitda": "666000000", "netIncome": "421000000"}, {"fiscalDateEnding": "2017-03-31", "reportedCurrency": "USD", "grossProfit": "1042000000", "totalRevenue": "1453000000", "costOfRevenue": "411000000", "costofGoodsAndServicesSold": "411000000", "operatingIncome": "639000000", "sellingGeneralAndAdministrative": "360000000", "researchAndDevelopment": "None", "operatingExpenses": "380000000", "investmentIncomeNet": "None", "netInterestIncome": "-37000000", "interestIncome": "None", "interestExpense": "37000000", "nonInterestIncome": "1453000000", "otherNonOperatingIncome": "9000000", "depreciation": "19000000", "depreciationAndAmortization": "24000000", "incomeBeforeTax": "580000000", "incomeTaxExpense": "181000000", "interestAndDebtExpense": "37000000", "netIncomeFromContinuingOperations": "430000000", "comprehensiveIncomeNetOfTax": "437000000", "ebit": "617000000", "ebitda": "641000000", "netIncome": "399000000"}, {"fiscalDateEnding": "2016-12-31", "reportedCurrency": "USD", "grossProfit": "978000000", "totalRevenue": "1399000000", "costOfRevenue": "421000000", "costofGoodsAndServicesSold": "406000000", "operatingIncome": "857000000", "sellingGeneralAndAdministrative": "481000000", "researchAndDevelopment": "None", "operatingExpenses": "3087000000", "investmentIncomeNet": "None", "netInterestIncome": "-59000000", "interestIncome": "None", "interestExpense": "59000000", "nonInterestIncome": "395000000", "otherNonOperatingIncome": "None", "depreciation": "22000000", "depreciationAndAmortization": "25000000", "incomeBeforeTax": "766000000", "incomeTaxExpense": "229000000", "interestAndDebtExpense": "59000000", "netIncomeFromContinuingOperations": "447000000", "comprehensiveIncomeNetOfTax": "399000000", "ebit": "825000000", "ebitda": "850000000", "netIncome": "537000000"}]}