{"symbol": "SRE", "annualReports": [{"fiscalDateEnding": "2020-12-31", "reportedCurrency": "USD", "grossProfit": "8975000000", "totalRevenue": "11370000000", "costOfRevenue": "2395000000", "costofGoodsAndServicesSold": "6328000000", "operatingIncome": "2203000000", "sellingGeneralAndAdministrative": "605000000", "researchAndDevelopment": "None", "operatingExpenses": "6772000000", "investmentIncomeNet": "96000000", "netInterestIncome": "-1081000000", "interestIncome": "110000000", "interestExpense": "1081000000", "nonInterestIncome": "10285000000", "otherNonOperatingIncome": "-48000000", "depreciation": "1646000000", "depreciationAndAmortization": "1666000000", "incomeBeforeTax": "4013000000", "incomeTaxExpense": "249000000", "interestAndDebtExpense": "1081000000", "netIncomeFromContinuingOperations": "2255000000", "comprehensiveIncomeNetOfTax": "4355000000", "ebit": "5094000000", "ebitda": "6760000000", "netIncome": "3764000000"}, {"fiscalDateEnding": "2019-12-31", "reportedCurrency": "USD", "grossProfit": "8575000000", "totalRevenue": "10829000000", "costOfRevenue": "2254000000", "costofGoodsAndServicesSold": "6137000000", "operatingIncome": "2918000000", "sellingGeneralAndAdministrative": "562000000", "researchAndDevelopment": "None", "operatingExpenses": "5657000000", "investmentIncomeNet": "87000000", "netInterestIncome": "-1077000000", "interestIncome": "101000000", "interestExpense": "1077000000", "nonInterestIncome": "10162000000", "otherNonOperatingIncome": "77000000", "depreciation": "1551000000", "depreciationAndAmortization": "1569000000", "incomeBeforeTax": "2370000000", "incomeTaxExpense": "315000000", "interestAndDebtExpense": "1077000000", "netIncomeFromContinuingOperations": "1999000000", "comprehensiveIncomeNetOfTax": "2058000000", "ebit": "3447000000", "ebitda": "5016000000", "netIncome": "2055000000"}, {"fiscalDateEnding": "2018-12-31", "reportedCurrency": "USD", "grossProfit": "9346000000", "totalRevenue": "10102000000", "costOfRevenue": "2341000000", "costofGoodsAndServicesSold": "7273000000", "operatingIncome": "4220000000", "sellingGeneralAndAdministrative": "671000000", "researchAndDevelopment": "None", "operatingExpenses": "5126000000", "investmentIncomeNet": "104000000", "netInterestIncome": "-925000000", "interestIncome": "-39000000", "interestExpense": "886000000", "nonInterestIncome": "11546000000", "otherNonOperatingIncome": "58000000", "depreciation": "1470000000", "depreciationAndAmortization": "1491000000", "incomeBeforeTax": "875000000", "incomeTaxExpense": "-49000000", "interestAndDebtExpense": "925000000", "netIncomeFromContinuingOperations": "938000000", "comprehensiveIncomeNetOfTax": "917000000", "ebit": "1761000000", "ebitda": "3252000000", "netIncome": "924000000"}, {"fiscalDateEnding": "2017-12-31", "reportedCurrency": "USD", "grossProfit": "6680000000", "totalRevenue": "9640000000", "costOfRevenue": "4527000000", "costofGoodsAndServicesSold": "2305000000", "operatingIncome": "1344000000", "sellingGeneralAndAdministrative": "623000000", "researchAndDevelopment": "None", "operatingExpenses": "5336000000", "investmentIncomeNet": "46000000", "netInterestIncome": "-659000000", "interestIncome": "-37000000", "interestExpense": "622000000", "nonInterestIncome": "-32000000", "otherNonOperatingIncome": "220000000", "depreciation": "1368000000", "depreciationAndAmortization": "1436000000", "incomeBeforeTax": "1194000000", "incomeTaxExpense": "938000000", "interestAndDebtExpense": "659000000", "netIncomeFromContinuingOperations": "343000000", "comprehensiveIncomeNetOfTax": "399000000", "ebit": "1816000000", "ebitda": "3252000000", "netIncome": "256000000"}, {"fiscalDateEnding": "2016-12-31", "reportedCurrency": "USD", "grossProfit": "5711000000", "totalRevenue": "10183000000", "costOfRevenue": "4472000000", "costofGoodsAndServicesSold": "2510000000", "operatingIncome": "913000000", "sellingGeneralAndAdministrative": "549000000", "researchAndDevelopment": "None", "operatingExpenses": "4798000000", "investmentIncomeNet": "26000000", "netInterestIncome": "-553000000", "interestIncome": "30000000", "interestExpense": "553000000", "nonInterestIncome": "132000000", "otherNonOperatingIncome": "12000000", "depreciation": "1236000000", "depreciationAndAmortization": "1312000000", "incomeBeforeTax": "1759000000", "incomeTaxExpense": "389000000", "interestAndDebtExpense": "553000000", "netIncomeFromContinuingOperations": "1447000000", "comprehensiveIncomeNetOfTax": "1423000000", "ebit": "2312000000", "ebitda": "3624000000", "netIncome": "1370000000"}], "quarterlyReports": [{"fiscalDateEnding": "2021-09-30", "reportedCurrency": "USD", "grossProfit": "2391000000", "totalRevenue": "3013000000", "costOfRevenue": "622000000", "costofGoodsAndServicesSold": "1887000000", "operatingIncome": "-875000000", "sellingGeneralAndAdministrative": "151000000", "researchAndDevelopment": "None", "operatingExpenses": "3266000000", "investmentIncomeNet": "16000000", "netInterestIncome": "-259000000", "interestIncome": "18000000", "interestExpense": "259000000", "nonInterestIncome": "2631000000", "otherNonOperatingIncome": "-55000000", "depreciation": "None", "depreciationAndAmortization": "471000000", "incomeBeforeTax": "-979000000", "incomeTaxExpense": "-342000000", "interestAndDebtExpense": "259000000", "netIncomeFromContinuingOperations": "-637000000", "comprehensiveIncomeNetOfTax": "-572000000", "ebit": "-720000000", "ebitda": "-249000000", "netIncome": "-637000000"}, {"fiscalDateEnding": "2021-06-30", "reportedCurrency": "USD", "grossProfit": "2140000000", "totalRevenue": "2741000000", "costOfRevenue": "601000000", "costofGoodsAndServicesSold": "1688000000", "operatingIncome": "515000000", "sellingGeneralAndAdministrative": "138000000", "researchAndDevelopment": "None", "operatingExpenses": "1625000000", "investmentIncomeNet": "15000000", "netInterestIncome": "-258000000", "interestIncome": "17000000", "interestExpense": "258000000", "nonInterestIncome": "2496000000", "otherNonOperatingIncome": "72000000", "depreciation": "None", "depreciationAndAmortization": "463000000", "incomeBeforeTax": "584000000", "incomeTaxExpense": "139000000", "interestAndDebtExpense": "258000000", "netIncomeFromContinuingOperations": "445000000", "comprehensiveIncomeNetOfTax": "433000000", "ebit": "842000000", "ebitda": "1305000000", "netIncome": "445000000"}, {"fiscalDateEnding": "2021-03-31", "reportedCurrency": "USD", "grossProfit": "2659000000", "totalRevenue": "3259000000", "costOfRevenue": "600000000", "costofGoodsAndServicesSold": "1691000000", "operatingIncome": "1013000000", "sellingGeneralAndAdministrative": "153000000", "researchAndDevelopment": "None", "operatingExpenses": "1646000000", "investmentIncomeNet": "19000000", "netInterestIncome": "-259000000", "interestIncome": "-240000000", "interestExpense": "259000000", "nonInterestIncome": "3122000000", "otherNonOperatingIncome": "35000000", "depreciation": "None", "depreciationAndAmortization": "442000000", "incomeBeforeTax": "1053000000", "incomeTaxExpense": "158000000", "interestAndDebtExpense": "259000000", "netIncomeFromContinuingOperations": "895000000", "comprehensiveIncomeNetOfTax": "1010000000", "ebit": "1312000000", "ebitda": "1754000000", "netIncome": "895000000"}, {"fiscalDateEnding": "2020-12-31", "reportedCurrency": "USD", "grossProfit": "2434000000", "totalRevenue": "3171000000", "costOfRevenue": "737000000", "costofGoodsAndServicesSold": "1735000000", "operatingIncome": "300000000", "sellingGeneralAndAdministrative": "208000000", "researchAndDevelopment": "None", "operatingExpenses": "2134000000", "investmentIncomeNet": "20000000", "netInterestIncome": "-263000000", "interestIncome": "21000000", "interestExpense": "263000000", "nonInterestIncome": "2901000000", "otherNonOperatingIncome": "115000000", "depreciation": "None", "depreciationAndAmortization": "424000000", "incomeBeforeTax": "603000000", "incomeTaxExpense": "189000000", "interestAndDebtExpense": "263000000", "netIncomeFromContinuingOperations": "432000000", "comprehensiveIncomeNetOfTax": "432000000", "ebit": "866000000", "ebitda": "1290000000", "netIncome": "414000000"}, {"fiscalDateEnding": "2020-09-30", "reportedCurrency": "USD", "grossProfit": "2074000000", "totalRevenue": "2644000000", "costOfRevenue": "570000000", "costofGoodsAndServicesSold": "1677000000", "operatingIncome": "460000000", "sellingGeneralAndAdministrative": "139000000", "researchAndDevelopment": "None", "operatingExpenses": "1614000000", "investmentIncomeNet": "27000000", "netInterestIncome": "-264000000", "interestIncome": "-237000000", "interestExpense": "264000000", "nonInterestIncome": "2363000000", "otherNonOperatingIncome": "29000000", "depreciation": "None", "depreciationAndAmortization": "418000000", "incomeBeforeTax": "450000000", "incomeTaxExpense": "99000000", "interestAndDebtExpense": "264000000", "netIncomeFromContinuingOperations": "428000000", "comprehensiveIncomeNetOfTax": "437000000", "ebit": "714000000", "ebitda": "1132000000", "netIncome": "351000000"}, {"fiscalDateEnding": "2020-06-30", "reportedCurrency": "USD", "grossProfit": "1989000000", "totalRevenue": "2526000000", "costOfRevenue": "537000000", "costofGoodsAndServicesSold": "1340000000", "operatingIncome": "554000000", "sellingGeneralAndAdministrative": "121000000", "researchAndDevelopment": "None", "operatingExpenses": "1435000000", "investmentIncomeNet": "22000000", "netInterestIncome": "-274000000", "interestIncome": "33000000", "interestExpense": "274000000", "nonInterestIncome": "2137000000", "otherNonOperatingIncome": "62000000", "depreciation": "None", "depreciationAndAmortization": "412000000", "incomeBeforeTax": "2407000000", "incomeTaxExpense": "168000000", "interestAndDebtExpense": "274000000", "netIncomeFromContinuingOperations": "528000000", "comprehensiveIncomeNetOfTax": "2928000000", "ebit": "2681000000", "ebitda": "3093000000", "netIncome": "2239000000"}, {"fiscalDateEnding": "2020-03-31", "reportedCurrency": "USD", "grossProfit": "2474000000", "totalRevenue": "3029000000", "costOfRevenue": "555000000", "costofGoodsAndServicesSold": "1576000000", "operatingIncome": "963000000", "sellingGeneralAndAdministrative": "137000000", "researchAndDevelopment": "None", "operatingExpenses": "1511000000", "investmentIncomeNet": "27000000", "netInterestIncome": "-280000000", "interestIncome": "29000000", "interestExpense": "280000000", "nonInterestIncome": "2884000000", "otherNonOperatingIncome": "-254000000", "depreciation": "None", "depreciationAndAmortization": "412000000", "incomeBeforeTax": "553000000", "incomeTaxExpense": "-207000000", "interestAndDebtExpense": "280000000", "netIncomeFromContinuingOperations": "867000000", "comprehensiveIncomeNetOfTax": "513000000", "ebit": "833000000", "ebitda": "1245000000", "netIncome": "760000000"}, {"fiscalDateEnding": "2019-12-31", "reportedCurrency": "USD", "grossProfit": "2232000000", "totalRevenue": "2943000000", "costOfRevenue": "711000000", "costofGoodsAndServicesSold": "1639000000", "operatingIncome": "570000000", "sellingGeneralAndAdministrative": "193000000", "researchAndDevelopment": "None", "operatingExpenses": "1662000000", "investmentIncomeNet": "23000000", "netInterestIncome": "-280000000", "interestIncome": "28000000", "interestExpense": "280000000", "nonInterestIncome": "2658000000", "otherNonOperatingIncome": "-26000000", "depreciation": "None", "depreciationAndAmortization": "395000000", "incomeBeforeTax": "612000000", "incomeTaxExpense": "165000000", "interestAndDebtExpense": "280000000", "netIncomeFromContinuingOperations": "429000000", "comprehensiveIncomeNetOfTax": "500000000", "ebit": "892000000", "ebitda": "1287000000", "netIncome": "447000000"}, {"fiscalDateEnding": "2019-09-30", "reportedCurrency": "USD", "grossProfit": "2229000000", "totalRevenue": "2758000000", "costOfRevenue": "529000000", "costofGoodsAndServicesSold": "1471000000", "operatingIncome": "852000000", "sellingGeneralAndAdministrative": "127000000", "researchAndDevelopment": "None", "operatingExpenses": "1377000000", "investmentIncomeNet": "22000000", "netInterestIncome": "-279000000", "interestIncome": "26000000", "interestExpense": "279000000", "nonInterestIncome": "2370000000", "otherNonOperatingIncome": "-7000000", "depreciation": "None", "depreciationAndAmortization": "402000000", "incomeBeforeTax": "874000000", "incomeTaxExpense": "61000000", "interestAndDebtExpense": "279000000", "netIncomeFromContinuingOperations": "653000000", "comprehensiveIncomeNetOfTax": "707000000", "ebit": "1153000000", "ebitda": "1555000000", "netIncome": "813000000"}, {"fiscalDateEnding": "2019-06-30", "reportedCurrency": "USD", "grossProfit": "1729000000", "totalRevenue": "2230000000", "costOfRevenue": "501000000", "costofGoodsAndServicesSold": "1300000000", "operatingIncome": "456000000", "sellingGeneralAndAdministrative": "112000000", "researchAndDevelopment": "None", "operatingExpenses": "1273000000", "investmentIncomeNet": "21000000", "netInterestIncome": "-258000000", "interestIncome": "27000000", "interestExpense": "258000000", "nonInterestIncome": "2084000000", "otherNonOperatingIncome": "28000000", "depreciation": "None", "depreciationAndAmortization": "389000000", "incomeBeforeTax": "401000000", "incomeTaxExpense": "47000000", "interestAndDebtExpense": "258000000", "netIncomeFromContinuingOperations": "357000000", "comprehensiveIncomeNetOfTax": "353000000", "ebit": "659000000", "ebitda": "1048000000", "netIncome": "354000000"}, {"fiscalDateEnding": "2019-03-31", "reportedCurrency": "USD", "grossProfit": "2385000000", "totalRevenue": "2898000000", "costOfRevenue": "513000000", "costofGoodsAndServicesSold": "1727000000", "operatingIncome": "1040000000", "sellingGeneralAndAdministrative": "130000000", "researchAndDevelopment": "None", "operatingExpenses": "1345000000", "investmentIncomeNet": "21000000", "netInterestIncome": "-260000000", "interestIncome": "-225000000", "interestExpense": "260000000", "nonInterestIncome": "3050000000", "otherNonOperatingIncome": "82000000", "depreciation": "None", "depreciationAndAmortization": "383000000", "incomeBeforeTax": "483000000", "incomeTaxExpense": "42000000", "interestAndDebtExpense": "260000000", "netIncomeFromContinuingOperations": "560000000", "comprehensiveIncomeNetOfTax": "466000000", "ebit": "743000000", "ebitda": "1126000000", "netIncome": "441000000"}, {"fiscalDateEnding": "2018-12-31", "reportedCurrency": "USD", "grossProfit": "2480000000", "totalRevenue": "2826000000", "costOfRevenue": "741000000", "costofGoodsAndServicesSold": "2019000000", "operatingIncome": "1337000000", "sellingGeneralAndAdministrative": "319000000", "researchAndDevelopment": "None", "operatingExpenses": "1143000000", "investmentIncomeNet": "28000000", "netInterestIncome": "-240000000", "interestIncome": "-10000000", "interestExpense": "230000000", "nonInterestIncome": "3312000000", "otherNonOperatingIncome": "59000000", "depreciation": "None", "depreciationAndAmortization": "376000000", "incomeBeforeTax": "1036000000", "incomeTaxExpense": "172000000", "interestAndDebtExpense": "240000000", "netIncomeFromContinuingOperations": "913000000", "comprehensiveIncomeNetOfTax": "964000000", "ebit": "1266000000", "ebitda": "1642000000", "netIncome": "864000000"}, {"fiscalDateEnding": "2018-09-30", "reportedCurrency": "USD", "grossProfit": "2429000000", "totalRevenue": "2565000000", "costOfRevenue": "511000000", "costofGoodsAndServicesSold": "1885000000", "operatingIncome": "1099000000", "sellingGeneralAndAdministrative": "131000000", "researchAndDevelopment": "None", "operatingExpenses": "1330000000", "investmentIncomeNet": "22000000", "netInterestIncome": "-232000000", "interestIncome": "-10000000", "interestExpense": "222000000", "nonInterestIncome": "3020000000", "otherNonOperatingIncome": "0", "depreciation": "None", "depreciationAndAmortization": "366000000", "incomeBeforeTax": "413000000", "incomeTaxExpense": "139000000", "interestAndDebtExpense": "232000000", "netIncomeFromContinuingOperations": "280000000", "comprehensiveIncomeNetOfTax": "301000000", "ebit": "635000000", "ebitda": "1001000000", "netIncome": "274000000"}, {"fiscalDateEnding": "2018-06-30", "reportedCurrency": "USD", "grossProfit": "2068000000", "totalRevenue": "2175000000", "costOfRevenue": "496000000", "costofGoodsAndServicesSold": "1607000000", "operatingIncome": "789000000", "sellingGeneralAndAdministrative": "104000000", "researchAndDevelopment": "None", "operatingExpenses": "1279000000", "investmentIncomeNet": "21000000", "netInterestIncome": "-237000000", "interestIncome": "-9000000", "interestExpense": "228000000", "nonInterestIncome": "2315000000", "otherNonOperatingIncome": "-3000000", "depreciation": "None", "depreciationAndAmortization": "377000000", "incomeBeforeTax": "-1163000000", "incomeTaxExpense": "-602000000", "interestAndDebtExpense": "237000000", "netIncomeFromContinuingOperations": "-585000000", "comprehensiveIncomeNetOfTax": "-525000000", "ebit": "-935000000", "ebitda": "-558000000", "netIncome": "-561000000"}, {"fiscalDateEnding": "2018-03-31", "reportedCurrency": "USD", "grossProfit": "1559000000", "totalRevenue": "2536000000", "costOfRevenue": "1403000000", "costofGoodsAndServicesSold": "894000000", "operatingIncome": "269000000", "sellingGeneralAndAdministrative": "117000000", "researchAndDevelopment": "None", "operatingExpenses": "1290000000", "investmentIncomeNet": "33000000", "netInterestIncome": "-216000000", "interestIncome": "-10000000", "interestExpense": "206000000", "nonInterestIncome": "2930000000", "otherNonOperatingIncome": "2000000", "depreciation": "None", "depreciationAndAmortization": "372000000", "incomeBeforeTax": "589000000", "incomeTaxExpense": "242000000", "interestAndDebtExpense": "216000000", "netIncomeFromContinuingOperations": "330000000", "comprehensiveIncomeNetOfTax": "369000000", "ebit": "795000000", "ebitda": "1167000000", "netIncome": "347000000"}, {"fiscalDateEnding": "2017-12-31", "reportedCurrency": "USD", "grossProfit": "2964000000", "totalRevenue": "1397000000", "costOfRevenue": "442000000", "costofGoodsAndServicesSold": "-328000000", "operatingIncome": "2964000000", "sellingGeneralAndAdministrative": "298000000", "researchAndDevelopment": "None", "operatingExpenses": "1679000000", "investmentIncomeNet": "20000000", "netInterestIncome": "-166000000", "interestIncome": "-37000000", "interestExpense": "129000000", "nonInterestIncome": "-39000000", "otherNonOperatingIncome": "210000000", "depreciation": "None", "depreciationAndAmortization": "330000000", "incomeBeforeTax": "59000000", "incomeTaxExpense": "560000000", "interestAndDebtExpense": "166000000", "netIncomeFromContinuingOperations": "2964000000", "comprehensiveIncomeNetOfTax": "2964000000", "ebit": "188000000", "ebitda": "518000000", "netIncome": "-501000000"}, {"fiscalDateEnding": "2017-09-30", "reportedCurrency": "USD", "grossProfit": "1347000000", "totalRevenue": "2679000000", "costOfRevenue": "1332000000", "costofGoodsAndServicesSold": "840000000", "operatingIncome": "95000000", "sellingGeneralAndAdministrative": "114000000", "researchAndDevelopment": "None", "operatingExpenses": "1252000000", "investmentIncomeNet": "12000000", "netInterestIncome": "-165000000", "interestIncome": "None", "interestExpense": "165000000", "nonInterestIncome": "-10000000", "otherNonOperatingIncome": "5000000", "depreciation": "None", "depreciationAndAmortization": "378000000", "incomeBeforeTax": "-27000000", "incomeTaxExpense": "-84000000", "interestAndDebtExpense": "165000000", "netIncomeFromContinuingOperations": "109000000", "comprehensiveIncomeNetOfTax": "97000000", "ebit": "138000000", "ebitda": "516000000", "netIncome": "57000000"}, {"fiscalDateEnding": "2017-06-30", "reportedCurrency": "USD", "grossProfit": "1283000000", "totalRevenue": "2533000000", "costOfRevenue": "1250000000", "costofGoodsAndServicesSold": "781000000", "operatingIncome": "83000000", "sellingGeneralAndAdministrative": "101000000", "researchAndDevelopment": "None", "operatingExpenses": "1200000000", "investmentIncomeNet": "8000000", "netInterestIncome": "-159000000", "interestIncome": "None", "interestExpense": "159000000", "nonInterestIncome": "7000000", "otherNonOperatingIncome": "-1000000", "depreciation": "None", "depreciationAndAmortization": "368000000", "incomeBeforeTax": "426000000", "incomeTaxExpense": "167000000", "interestAndDebtExpense": "159000000", "netIncomeFromContinuingOperations": "266000000", "comprehensiveIncomeNetOfTax": "238000000", "ebit": "585000000", "ebitda": "953000000", "netIncome": "259000000"}, {"fiscalDateEnding": "2017-03-31", "reportedCurrency": "USD", "grossProfit": "1527000000", "totalRevenue": "3031000000", "costOfRevenue": "1504000000", "costofGoodsAndServicesSold": "1034000000", "operatingIncome": "343000000", "sellingGeneralAndAdministrative": "110000000", "researchAndDevelopment": "None", "operatingExpenses": "1184000000", "investmentIncomeNet": "6000000", "netInterestIncome": "-169000000", "interestIncome": "None", "interestExpense": "169000000", "nonInterestIncome": "10000000", "otherNonOperatingIncome": "6000000", "depreciation": "None", "depreciationAndAmortization": "360000000", "incomeBeforeTax": "736000000", "incomeTaxExpense": "295000000", "interestAndDebtExpense": "169000000", "netIncomeFromContinuingOperations": "463000000", "comprehensiveIncomeNetOfTax": "493000000", "ebit": "905000000", "ebitda": "1265000000", "netIncome": "441000000"}, {"fiscalDateEnding": "2016-12-31", "reportedCurrency": "USD", "grossProfit": "2870000000", "totalRevenue": "2870000000", "costOfRevenue": "379000000", "costofGoodsAndServicesSold": "-165000000", "operatingIncome": "2870000000", "sellingGeneralAndAdministrative": "234000000", "researchAndDevelopment": "None", "operatingExpenses": "1402000000", "investmentIncomeNet": "7000000", "netInterestIncome": "-132000000", "interestIncome": "None", "interestExpense": "132000000", "nonInterestIncome": "10000000", "otherNonOperatingIncome": "5000000", "depreciation": "None", "depreciationAndAmortization": "342000000", "incomeBeforeTax": "484000000", "incomeTaxExpense": "105000000", "interestAndDebtExpense": "132000000", "netIncomeFromContinuingOperations": "2870000000", "comprehensiveIncomeNetOfTax": "2870000000", "ebit": "616000000", "ebitda": "958000000", "netIncome": "379000000"}]}