{"symbol": "STX", "annualReports": [{"fiscalDateEnding": "2021-06-30", "reportedCurrency": "USD", "grossProfit": "2378000000", "totalRevenue": "10681000000", "costOfRevenue": "8303000000", "costofGoodsAndServicesSold": "7764000000", "operatingIncome": "1492000000", "sellingGeneralAndAdministrative": "502000000", "researchAndDevelopment": "903000000", "operatingExpenses": "1444000000", "investmentIncomeNet": "2000000", "netInterestIncome": "-220000000", "interestIncome": "None", "interestExpense": "220000000", "nonInterestIncome": "10681000000", "otherNonOperatingIncome": "74000000", "depreciation": "368000000", "depreciationAndAmortization": "29000000", "incomeBeforeTax": "1348000000", "incomeTaxExpense": "34000000", "interestAndDebtExpense": "219000000", "netIncomeFromContinuingOperations": "1314000000", "comprehensiveIncomeNetOfTax": "1339000000", "ebit": "1568000000", "ebitda": "1597000000", "netIncome": "1314000000"}, {"fiscalDateEnding": "2020-06-30", "reportedCurrency": "USD", "grossProfit": "2316000000", "totalRevenue": "10509000000", "costOfRevenue": "8193000000", "costofGoodsAndServicesSold": "7667000000", "operatingIncome": "1300000000", "sellingGeneralAndAdministrative": "473000000", "researchAndDevelopment": "973000000", "operatingExpenses": "1499000000", "investmentIncomeNet": "20000000", "netInterestIncome": "-201000000", "interestIncome": "None", "interestExpense": "201000000", "nonInterestIncome": "10509000000", "otherNonOperatingIncome": "-87000000", "depreciation": "325000000", "depreciationAndAmortization": "53000000", "incomeBeforeTax": "1032000000", "incomeTaxExpense": "28000000", "interestAndDebtExpense": "143000000", "netIncomeFromContinuingOperations": "1004000000", "comprehensiveIncomeNetOfTax": "972000000", "ebit": "1233000000", "ebitda": "1286000000", "netIncome": "1004000000"}, {"fiscalDateEnding": "2019-06-30", "reportedCurrency": "USD", "grossProfit": "2421000000", "totalRevenue": "10390000000", "costOfRevenue": "7969000000", "costofGoodsAndServicesSold": "7458000000", "operatingIncome": "1487000000", "sellingGeneralAndAdministrative": "453000000", "researchAndDevelopment": "991000000", "operatingExpenses": "1502000000", "investmentIncomeNet": "84000000", "netInterestIncome": "-224000000", "interestIncome": "None", "interestExpense": "224000000", "nonInterestIncome": "10390000000", "otherNonOperatingIncome": "25000000", "depreciation": "464000000", "depreciationAndAmortization": "77000000", "incomeBeforeTax": "1372000000", "incomeTaxExpense": "-640000000", "interestAndDebtExpense": "224000000", "netIncomeFromContinuingOperations": "2012000000", "comprehensiveIncomeNetOfTax": "1994000000", "ebit": "1596000000", "ebitda": "1673000000", "netIncome": "2012000000"}, {"fiscalDateEnding": "2018-06-30", "reportedCurrency": "USD", "grossProfit": "2602000000", "totalRevenue": "11184000000", "costOfRevenue": "8582000000", "costofGoodsAndServicesSold": "7820000000", "operatingIncome": "1634000000", "sellingGeneralAndAdministrative": "562000000", "researchAndDevelopment": "1026000000", "operatingExpenses": "1788000000", "investmentIncomeNet": "38000000", "netInterestIncome": "-236000000", "interestIncome": "None", "interestExpense": "236000000", "nonInterestIncome": "11184000000", "otherNonOperatingIncome": "-18000000", "depreciation": "487000000", "depreciationAndAmortization": "111000000", "incomeBeforeTax": "1418000000", "incomeTaxExpense": "236000000", "interestAndDebtExpense": "236000000", "netIncomeFromContinuingOperations": "1182000000", "comprehensiveIncomeNetOfTax": "1183000000", "ebit": "1654000000", "ebitda": "1765000000", "netIncome": "1182000000"}, {"fiscalDateEnding": "2017-06-30", "reportedCurrency": "USD", "grossProfit": "1951000000", "totalRevenue": "10771000000", "costOfRevenue": "8591000000", "costofGoodsAndServicesSold": "7597000000", "operatingIncome": "1054000000", "sellingGeneralAndAdministrative": "606000000", "researchAndDevelopment": "1232000000", "operatingExpenses": "2226000000", "investmentIncomeNet": "12000000", "netInterestIncome": "-222000000", "interestIncome": "None", "interestExpense": "222000000", "nonInterestIncome": "-7000000", "otherNonOperatingIncome": "-29000000", "depreciation": "581000000", "depreciationAndAmortization": "168000000", "incomeBeforeTax": "815000000", "incomeTaxExpense": "43000000", "interestAndDebtExpense": "229000000", "netIncomeFromContinuingOperations": "772000000", "comprehensiveIncomeNetOfTax": "780000000", "ebit": "1037000000", "ebitda": "1205000000", "netIncome": "772000000"}], "quarterlyReports": [{"fiscalDateEnding": "2021-09-30", "reportedCurrency": "USD", "grossProfit": "764000000", "totalRevenue": "3056000000", "costOfRevenue": "2292000000", "costofGoodsAndServicesSold": "2159000000", "operatingIncome": "586000000", "sellingGeneralAndAdministrative": "133000000", "researchAndDevelopment": "233000000", "operatingExpenses": "366000000", "investmentIncomeNet": "None", "netInterestIncome": "-59000000", "interestIncome": "None", "interestExpense": "59000000", "nonInterestIncome": "3115000000", "otherNonOperatingIncome": "6000000", "depreciation": "None", "depreciationAndAmortization": "None", "incomeBeforeTax": "533000000", "incomeTaxExpense": "7000000", "interestAndDebtExpense": "59000000", "netIncomeFromContinuingOperations": "526000000", "comprehensiveIncomeNetOfTax": "522000000", "ebit": "592000000", "ebitda": "None", "netIncome": "526000000"}, {"fiscalDateEnding": "2021-06-30", "reportedCurrency": "USD", "grossProfit": "None", "totalRevenue": "None", "costOfRevenue": "None", "costofGoodsAndServicesSold": "2128000000", "operatingIncome": "507000000", "sellingGeneralAndAdministrative": "136000000", "researchAndDevelopment": "232000000", "operatingExpenses": "None", "investmentIncomeNet": "None", "netInterestIncome": "None", "interestIncome": "None", "interestExpense": "59000000", "nonInterestIncome": "None", "otherNonOperatingIncome": "49000000", "depreciation": "None", "depreciationAndAmortization": "None", "incomeBeforeTax": "497000000", "incomeTaxExpense": "15000000", "interestAndDebtExpense": "None", "netIncomeFromContinuingOperations": "None", "comprehensiveIncomeNetOfTax": "479000000", "ebit": "556000000", "ebitda": "None", "netIncome": "482000000"}, {"fiscalDateEnding": "2021-03-31", "reportedCurrency": "USD", "grossProfit": "555000000", "totalRevenue": "2672000000", "costOfRevenue": "2117000000", "costofGoodsAndServicesSold": "1991000000", "operatingIncome": "386000000", "sellingGeneralAndAdministrative": "126000000", "researchAndDevelopment": "227000000", "operatingExpenses": "353000000", "investmentIncomeNet": "1000000", "netInterestIncome": "-59000000", "interestIncome": "None", "interestExpense": "59000000", "nonInterestIncome": "2731000000", "otherNonOperatingIncome": "11000000", "depreciation": "None", "depreciationAndAmortization": "None", "incomeBeforeTax": "339000000", "incomeTaxExpense": "10000000", "interestAndDebtExpense": "59000000", "netIncomeFromContinuingOperations": "329000000", "comprehensiveIncomeNetOfTax": "327000000", "ebit": "398000000", "ebitda": "None", "netIncome": "329000000"}, {"fiscalDateEnding": "2020-12-31", "reportedCurrency": "USD", "grossProfit": "None", "totalRevenue": "None", "costOfRevenue": "None", "costofGoodsAndServicesSold": "1927000000", "operatingIncome": "348000000", "sellingGeneralAndAdministrative": "122000000", "researchAndDevelopment": "221000000", "operatingExpenses": "None", "investmentIncomeNet": "None", "netInterestIncome": "None", "interestIncome": "None", "interestExpense": "52000000", "nonInterestIncome": "None", "otherNonOperatingIncome": "-5000000", "depreciation": "None", "depreciationAndAmortization": "None", "incomeBeforeTax": "291000000", "incomeTaxExpense": "11000000", "interestAndDebtExpense": "None", "netIncomeFromContinuingOperations": "None", "comprehensiveIncomeNetOfTax": "290000000", "ebit": "343000000", "ebitda": "None", "netIncome": "280000000"}, {"fiscalDateEnding": "2020-09-30", "reportedCurrency": "USD", "grossProfit": "428000000", "totalRevenue": "2264000000", "costOfRevenue": "1836000000", "costofGoodsAndServicesSold": "1718000000", "operatingIncome": "251000000", "sellingGeneralAndAdministrative": "118000000", "researchAndDevelopment": "223000000", "operatingExpenses": "341000000", "investmentIncomeNet": "1000000", "netInterestIncome": "-50000000", "interestIncome": "None", "interestExpense": "50000000", "nonInterestIncome": "2314000000", "otherNonOperatingIncome": "19000000", "depreciation": "None", "depreciationAndAmortization": "None", "incomeBeforeTax": "221000000", "incomeTaxExpense": "-2000000", "interestAndDebtExpense": "50000000", "netIncomeFromContinuingOperations": "223000000", "comprehensiveIncomeNetOfTax": "243000000", "ebit": "271000000", "ebitda": "None", "netIncome": "223000000"}, {"fiscalDateEnding": "2020-06-30", "reportedCurrency": "USD", "grossProfit": "654000000", "totalRevenue": "2669000000", "costOfRevenue": "2015000000", "costofGoodsAndServicesSold": "1850000000", "operatingIncome": "267000000", "sellingGeneralAndAdministrative": "112000000", "researchAndDevelopment": "222000000", "operatingExpenses": "387000000", "investmentIncomeNet": "1000000", "netInterestIncome": "-49000000", "interestIncome": "None", "interestExpense": "49000000", "nonInterestIncome": "2517000000", "otherNonOperatingIncome": "-59000000", "depreciation": "None", "depreciationAndAmortization": "None", "incomeBeforeTax": "160000000", "incomeTaxExpense": "-6000000", "interestAndDebtExpense": "-9000000", "netIncomeFromContinuingOperations": "166000000", "comprehensiveIncomeNetOfTax": "167000000", "ebit": "209000000", "ebitda": "None", "netIncome": "166000000"}, {"fiscalDateEnding": "2020-03-31", "reportedCurrency": "USD", "grossProfit": "578000000", "totalRevenue": "2669000000", "costOfRevenue": "2091000000", "costofGoodsAndServicesSold": "1972000000", "operatingIncome": "376000000", "sellingGeneralAndAdministrative": "119000000", "researchAndDevelopment": "246000000", "operatingExpenses": "365000000", "investmentIncomeNet": "4000000", "netInterestIncome": "-49000000", "interestIncome": "None", "interestExpense": "49000000", "nonInterestIncome": "2718000000", "otherNonOperatingIncome": "7000000", "depreciation": "None", "depreciationAndAmortization": "None", "incomeBeforeTax": "338000000", "incomeTaxExpense": "18000000", "interestAndDebtExpense": "49000000", "netIncomeFromContinuingOperations": "320000000", "comprehensiveIncomeNetOfTax": "286000000", "ebit": "387000000", "ebitda": "None", "netIncome": "320000000"}, {"fiscalDateEnding": "2019-12-31", "reportedCurrency": "USD", "grossProfit": "590000000", "totalRevenue": "2648000000", "costOfRevenue": "2058000000", "costofGoodsAndServicesSold": "1938000000", "operatingIncome": "384000000", "sellingGeneralAndAdministrative": "120000000", "researchAndDevelopment": "250000000", "operatingExpenses": "370000000", "investmentIncomeNet": "4000000", "netInterestIncome": "-48000000", "interestIncome": "None", "interestExpense": "48000000", "nonInterestIncome": "2696000000", "otherNonOperatingIncome": "-4000000", "depreciation": "None", "depreciationAndAmortization": "None", "incomeBeforeTax": "336000000", "incomeTaxExpense": "18000000", "interestAndDebtExpense": "48000000", "netIncomeFromContinuingOperations": "318000000", "comprehensiveIncomeNetOfTax": "325000000", "ebit": "384000000", "ebitda": "None", "netIncome": "318000000"}, {"fiscalDateEnding": "2019-09-30", "reportedCurrency": "USD", "grossProfit": "477000000", "totalRevenue": "2523000000", "costOfRevenue": "2046000000", "costofGoodsAndServicesSold": "1907000000", "operatingIncome": "273000000", "sellingGeneralAndAdministrative": "122000000", "researchAndDevelopment": "255000000", "operatingExpenses": "394000000", "investmentIncomeNet": "11000000", "netInterestIncome": "-55000000", "interestIncome": "None", "interestExpense": "55000000", "nonInterestIncome": "2578000000", "otherNonOperatingIncome": "-31000000", "depreciation": "None", "depreciationAndAmortization": "None", "incomeBeforeTax": "198000000", "incomeTaxExpense": "-2000000", "interestAndDebtExpense": "55000000", "netIncomeFromContinuingOperations": "200000000", "comprehensiveIncomeNetOfTax": "194000000", "ebit": "253000000", "ebitda": "None", "netIncome": "200000000"}, {"fiscalDateEnding": "2019-06-30", "reportedCurrency": "USD", "grossProfit": "724000000", "totalRevenue": "2539000000", "costOfRevenue": "1815000000", "costofGoodsAndServicesSold": "1747000000", "operatingIncome": "332000000", "sellingGeneralAndAdministrative": "108000000", "researchAndDevelopment": "241000000", "operatingExpenses": "310000000", "investmentIncomeNet": "17000000", "netInterestIncome": "-55000000", "interestIncome": "None", "interestExpense": "55000000", "nonInterestIncome": "2370000000", "otherNonOperatingIncome": "-3000000", "depreciation": "None", "depreciationAndAmortization": "18000000", "incomeBeforeTax": "291000000", "incomeTaxExpense": "-692000000", "interestAndDebtExpense": "55000000", "netIncomeFromContinuingOperations": "983000000", "comprehensiveIncomeNetOfTax": "970000000", "ebit": "346000000", "ebitda": "364000000", "netIncome": "983000000"}, {"fiscalDateEnding": "2019-03-31", "reportedCurrency": "USD", "grossProfit": "405000000", "totalRevenue": "2258000000", "costOfRevenue": "1853000000", "costofGoodsAndServicesSold": "1712000000", "operatingIncome": "236000000", "sellingGeneralAndAdministrative": "110000000", "researchAndDevelopment": "238000000", "operatingExpenses": "379000000", "investmentIncomeNet": "21000000", "netInterestIncome": "-55000000", "interestIncome": "None", "interestExpense": "55000000", "nonInterestIncome": "2313000000", "otherNonOperatingIncome": "13000000", "depreciation": "None", "depreciationAndAmortization": "20000000", "incomeBeforeTax": "215000000", "incomeTaxExpense": "20000000", "interestAndDebtExpense": "55000000", "netIncomeFromContinuingOperations": "195000000", "comprehensiveIncomeNetOfTax": "195000000", "ebit": "270000000", "ebitda": "290000000", "netIncome": "195000000"}, {"fiscalDateEnding": "2018-12-31", "reportedCurrency": "USD", "grossProfit": "593000000", "totalRevenue": "2659000000", "costOfRevenue": "2066000000", "costofGoodsAndServicesSold": "1921000000", "operatingIncome": "416000000", "sellingGeneralAndAdministrative": "120000000", "researchAndDevelopment": "246000000", "operatingExpenses": "391000000", "investmentIncomeNet": "22000000", "netInterestIncome": "-56000000", "interestIncome": "None", "interestExpense": "56000000", "nonInterestIncome": "2715000000", "otherNonOperatingIncome": "16000000", "depreciation": "None", "depreciationAndAmortization": "20000000", "incomeBeforeTax": "398000000", "incomeTaxExpense": "14000000", "interestAndDebtExpense": "56000000", "netIncomeFromContinuingOperations": "384000000", "comprehensiveIncomeNetOfTax": "375000000", "ebit": "454000000", "ebitda": "474000000", "netIncome": "384000000"}, {"fiscalDateEnding": "2018-09-30", "reportedCurrency": "USD", "grossProfit": "698000000", "totalRevenue": "2933000000", "costOfRevenue": "2235000000", "costofGoodsAndServicesSold": "2078000000", "operatingIncome": "503000000", "sellingGeneralAndAdministrative": "115000000", "researchAndDevelopment": "266000000", "operatingExpenses": "423000000", "investmentIncomeNet": "24000000", "netInterestIncome": "-58000000", "interestIncome": "None", "interestExpense": "58000000", "nonInterestIncome": "2991000000", "otherNonOperatingIncome": "-1000000", "depreciation": "None", "depreciationAndAmortization": "19000000", "incomeBeforeTax": "468000000", "incomeTaxExpense": "18000000", "interestAndDebtExpense": "58000000", "netIncomeFromContinuingOperations": "450000000", "comprehensiveIncomeNetOfTax": "454000000", "ebit": "526000000", "ebitda": "545000000", "netIncome": "450000000"}, {"fiscalDateEnding": "2018-06-30", "reportedCurrency": "USD", "grossProfit": "931000000", "totalRevenue": "3017000000", "costOfRevenue": "2086000000", "costofGoodsAndServicesSold": "1931000000", "operatingIncome": "505000000", "sellingGeneralAndAdministrative": "140000000", "researchAndDevelopment": "259000000", "operatingExpenses": "414000000", "investmentIncomeNet": "15000000", "netInterestIncome": "-54000000", "interestIncome": "None", "interestExpense": "54000000", "nonInterestIncome": "2835000000", "otherNonOperatingIncome": "0", "depreciation": "None", "depreciationAndAmortization": "21000000", "incomeBeforeTax": "466000000", "incomeTaxExpense": "5000000", "interestAndDebtExpense": "54000000", "netIncomeFromContinuingOperations": "461000000", "comprehensiveIncomeNetOfTax": "453000000", "ebit": "520000000", "ebitda": "541000000", "netIncome": "461000000"}, {"fiscalDateEnding": "2018-03-31", "reportedCurrency": "USD", "grossProfit": "621000000", "totalRevenue": "2744000000", "costOfRevenue": "2123000000", "costofGoodsAndServicesSold": "1956000000", "operatingIncome": "441000000", "sellingGeneralAndAdministrative": "135000000", "researchAndDevelopment": "254000000", "operatingExpenses": "420000000", "investmentIncomeNet": "10000000", "netInterestIncome": "-60000000", "interestIncome": "None", "interestExpense": "60000000", "nonInterestIncome": "1000000", "otherNonOperatingIncome": "2000000", "depreciation": "None", "depreciationAndAmortization": "21000000", "incomeBeforeTax": "393000000", "incomeTaxExpense": "12000000", "interestAndDebtExpense": "60000000", "netIncomeFromContinuingOperations": "381000000", "comprehensiveIncomeNetOfTax": "384000000", "ebit": "453000000", "ebitda": "474000000", "netIncome": "381000000"}, {"fiscalDateEnding": "2017-12-31", "reportedCurrency": "USD", "grossProfit": "608000000", "totalRevenue": "2853000000", "costOfRevenue": "2245000000", "costofGoodsAndServicesSold": "2037000000", "operatingIncome": "433000000", "sellingGeneralAndAdministrative": "142000000", "researchAndDevelopment": "250000000", "operatingExpenses": "458000000", "investmentIncomeNet": "6000000", "netInterestIncome": "-61000000", "interestIncome": "None", "interestExpense": "61000000", "nonInterestIncome": "2914000000", "otherNonOperatingIncome": "-7000000", "depreciation": "None", "depreciationAndAmortization": "33000000", "incomeBeforeTax": "371000000", "incomeTaxExpense": "212000000", "interestAndDebtExpense": "61000000", "netIncomeFromContinuingOperations": "159000000", "comprehensiveIncomeNetOfTax": "161000000", "ebit": "432000000", "ebitda": "465000000", "netIncome": "159000000"}, {"fiscalDateEnding": "2017-09-30", "reportedCurrency": "USD", "grossProfit": "443000000", "totalRevenue": "2571000000", "costOfRevenue": "2128000000", "costofGoodsAndServicesSold": "1896000000", "operatingIncome": "255000000", "sellingGeneralAndAdministrative": "145000000", "researchAndDevelopment": "263000000", "operatingExpenses": "495000000", "investmentIncomeNet": "7000000", "netInterestIncome": "-61000000", "interestIncome": "None", "interestExpense": "61000000", "nonInterestIncome": "2632000000", "otherNonOperatingIncome": "-13000000", "depreciation": "None", "depreciationAndAmortization": "36000000", "incomeBeforeTax": "188000000", "incomeTaxExpense": "7000000", "interestAndDebtExpense": "61000000", "netIncomeFromContinuingOperations": "181000000", "comprehensiveIncomeNetOfTax": "185000000", "ebit": "249000000", "ebitda": "285000000", "netIncome": "181000000"}, {"fiscalDateEnding": "2017-06-30", "reportedCurrency": "USD", "grossProfit": "385000000", "totalRevenue": "2566000000", "costOfRevenue": "1952000000", "costofGoodsAndServicesSold": "1740000000", "operatingIncome": "196000000", "sellingGeneralAndAdministrative": "149000000", "researchAndDevelopment": "288000000", "operatingExpenses": "500000000", "investmentIncomeNet": "5000000", "netInterestIncome": "-62000000", "interestIncome": "None", "interestExpense": "62000000", "nonInterestIncome": "None", "otherNonOperatingIncome": "-19000000", "depreciation": "None", "depreciationAndAmortization": "42000000", "incomeBeforeTax": "120000000", "incomeTaxExpense": "6000000", "interestAndDebtExpense": "69000000", "netIncomeFromContinuingOperations": "114000000", "comprehensiveIncomeNetOfTax": "124000000", "ebit": "182000000", "ebitda": "224000000", "netIncome": "114000000"}, {"fiscalDateEnding": "2017-03-31", "reportedCurrency": "USD", "grossProfit": "516000000", "totalRevenue": "2614000000", "costOfRevenue": "2098000000", "costofGoodsAndServicesSold": "1858000000", "operatingIncome": "266000000", "sellingGeneralAndAdministrative": "150000000", "researchAndDevelopment": "324000000", "operatingExpenses": "564000000", "investmentIncomeNet": "5000000", "netInterestIncome": "-60000000", "interestIncome": "None", "interestExpense": "60000000", "nonInterestIncome": "None", "otherNonOperatingIncome": "1000000", "depreciation": "None", "depreciationAndAmortization": "42000000", "incomeBeforeTax": "212000000", "incomeTaxExpense": "18000000", "interestAndDebtExpense": "60000000", "netIncomeFromContinuingOperations": "194000000", "comprehensiveIncomeNetOfTax": "200000000", "ebit": "272000000", "ebitda": "314000000", "netIncome": "194000000"}, {"fiscalDateEnding": "2016-12-31", "reportedCurrency": "USD", "grossProfit": "611000000", "totalRevenue": "2844000000", "costOfRevenue": "2233000000", "costofGoodsAndServicesSold": "2003000000", "operatingIncome": "370000000", "sellingGeneralAndAdministrative": "155000000", "researchAndDevelopment": "305000000", "operatingExpenses": "535000000", "investmentIncomeNet": "1000000", "netInterestIncome": "-50000000", "interestIncome": "None", "interestExpense": "50000000", "nonInterestIncome": "None", "otherNonOperatingIncome": "-11000000", "depreciation": "None", "depreciationAndAmortization": "42000000", "incomeBeforeTax": "310000000", "incomeTaxExpense": "13000000", "interestAndDebtExpense": "50000000", "netIncomeFromContinuingOperations": "297000000", "comprehensiveIncomeNetOfTax": "288000000", "ebit": "360000000", "ebitda": "402000000", "netIncome": "297000000"}]}