{"symbol": "SYY", "annualReports": [{"fiscalDateEnding": "2021-06-30", "reportedCurrency": "USD", "grossProfit": "9356749000", "totalRevenue": "51297843000", "costOfRevenue": "41941094000", "costofGoodsAndServicesSold": "41941094000", "operatingIncome": "1437242000", "sellingGeneralAndAdministrative": "None", "researchAndDevelopment": "None", "operatingExpenses": "7919507000", "investmentIncomeNet": "None", "netInterestIncome": "-880137000", "interestIncome": "-850198000", "interestExpense": "29939000", "nonInterestIncome": "50981209000", "otherNonOperatingIncome": "27623000", "depreciation": "635000000", "depreciationAndAmortization": "737916000", "incomeBeforeTax": "584728000", "incomeTaxExpense": "60519000", "interestAndDebtExpense": "323836000", "netIncomeFromContinuingOperations": "524209000", "comprehensiveIncomeNetOfTax": "1086326000", "ebit": "1437242000", "ebitda": "1352583000", "netIncome": "524209000"}, {"fiscalDateEnding": "2020-06-30", "reportedCurrency": "USD", "grossProfit": "9901664000", "totalRevenue": "52893310000", "costOfRevenue": "42991646000", "costofGoodsAndServicesSold": "42991646000", "operatingIncome": "749505000", "sellingGeneralAndAdministrative": "144477000", "researchAndDevelopment": "None", "operatingExpenses": "9152159000", "investmentIncomeNet": "None", "netInterestIncome": "-408220000", "interestIncome": "-380890000", "interestExpense": "27330000", "nonInterestIncome": "52893310000", "otherNonOperatingIncome": "-47901000", "depreciation": "705200000", "depreciationAndAmortization": "805765000", "incomeBeforeTax": "293384000", "incomeTaxExpense": "77909000", "interestAndDebtExpense": "27330000", "netIncomeFromContinuingOperations": "215475000", "comprehensiveIncomeNetOfTax": "104323000", "ebit": "749505000", "ebitda": "1126479000", "netIncome": "215475000"}, {"fiscalDateEnding": "2019-06-30", "reportedCurrency": "USD", "grossProfit": "11408987000", "totalRevenue": "60113922000", "costOfRevenue": "48704935000", "costofGoodsAndServicesSold": "48704935000", "operatingIncome": "2330150000", "sellingGeneralAndAdministrative": "8788205000", "researchAndDevelopment": "None", "operatingExpenses": "9078837000", "investmentIncomeNet": "None", "netInterestIncome": "-360423000", "interestIncome": "-339041000", "interestExpense": "21382000", "nonInterestIncome": "60180231000", "otherNonOperatingIncome": "36109000", "depreciation": "656600000", "depreciationAndAmortization": "763935000", "incomeBeforeTax": "2005836000", "incomeTaxExpense": "331565000", "interestAndDebtExpense": "21382000", "netIncomeFromContinuingOperations": "1674271000", "comprehensiveIncomeNetOfTax": "1500000000", "ebit": "2330150000", "ebitda": "2791153000", "netIncome": "1674271000"}, {"fiscalDateEnding": "2018-06-30", "reportedCurrency": "USD", "grossProfit": "11085391000", "totalRevenue": "58727324000", "costOfRevenue": "47641933000", "costofGoodsAndServicesSold": "3600000000", "operatingIncome": "2314056000", "sellingGeneralAndAdministrative": "184100000", "researchAndDevelopment": "None", "operatingExpenses": "8771335000", "investmentIncomeNet": "None", "netInterestIncome": "-395483000", "interestIncome": "-367009000", "interestExpense": "28474000", "nonInterestIncome": "-53104000", "otherNonOperatingIncome": "22733000", "depreciation": "614800000", "depreciationAndAmortization": "765498000", "incomeBeforeTax": "1956224000", "incomeTaxExpense": "525458000", "interestAndDebtExpense": "81578000", "netIncomeFromContinuingOperations": "1430766000", "comprehensiveIncomeNetOfTax": "1500000000", "ebit": "2314056000", "ebitda": "2750196000", "netIncome": "1430766000"}, {"fiscalDateEnding": "2017-06-30", "reportedCurrency": "USD", "grossProfit": "10557507000", "totalRevenue": "55371139000", "costOfRevenue": "44813632000", "costofGoodsAndServicesSold": "3400000000", "operatingIncome": "2054616000", "sellingGeneralAndAdministrative": "170500000", "researchAndDevelopment": "None", "operatingExpenses": "8502891000", "investmentIncomeNet": "None", "netInterestIncome": "-302878000", "interestIncome": "-271026000", "interestExpense": "31852000", "nonInterestIncome": "0", "otherNonOperatingIncome": "15937000", "depreciation": "765400000", "depreciationAndAmortization": "901992000", "incomeBeforeTax": "1766230000", "incomeTaxExpense": "623727000", "interestAndDebtExpense": "31852000", "netIncomeFromContinuingOperations": "1142503000", "comprehensiveIncomeNetOfTax": "1237884000", "ebit": "2054616000", "ebitda": "2700074000", "netIncome": "1142503000"}], "quarterlyReports": [{"fiscalDateEnding": "2021-09-30", "reportedCurrency": "USD", "grossProfit": "2971708000", "totalRevenue": "16456546000", "costOfRevenue": "13484838000", "costofGoodsAndServicesSold": "13484838000", "operatingIncome": "631682000", "sellingGeneralAndAdministrative": "None", "researchAndDevelopment": "None", "operatingExpenses": "2340026000", "investmentIncomeNet": "None", "netInterestIncome": "-128214000", "interestIncome": "-122637000", "interestExpense": "5577000", "nonInterestIncome": "16456546000", "otherNonOperatingIncome": "3252000", "depreciation": "None", "depreciationAndAmortization": "214687000", "incomeBeforeTax": "506720000", "incomeTaxExpense": "128707000", "interestAndDebtExpense": "5577000", "netIncomeFromContinuingOperations": "378013000", "comprehensiveIncomeNetOfTax": "308840000", "ebit": "631682000", "ebitda": "849621000", "netIncome": "378013000"}, {"fiscalDateEnding": "2021-06-30", "reportedCurrency": "USD", "grossProfit": "2915778000", "totalRevenue": "16136893000", "costOfRevenue": "13221115000", "costofGoodsAndServicesSold": "13221115000", "operatingIncome": "569684000", "sellingGeneralAndAdministrative": "None", "researchAndDevelopment": "None", "operatingExpenses": "2346094000", "investmentIncomeNet": "None", "netInterestIncome": "-441149000", "interestIncome": "-430695000", "interestExpense": "10454000", "nonInterestIncome": "16136893000", "otherNonOperatingIncome": "13483000", "depreciation": "None", "depreciationAndAmortization": "227937000", "incomeBeforeTax": "142018000", "incomeTaxExpense": "-9075000", "interestAndDebtExpense": "304351000", "netIncomeFromContinuingOperations": "151093000", "comprehensiveIncomeNetOfTax": "354775000", "ebit": "569684000", "ebitda": "811104000", "netIncome": "151093000"}, {"fiscalDateEnding": "2021-03-31", "reportedCurrency": "USD", "grossProfit": "2122668000", "totalRevenue": "11824589000", "costOfRevenue": "9701921000", "costofGoodsAndServicesSold": "9701921000", "operatingIncome": "235917000", "sellingGeneralAndAdministrative": "None", "researchAndDevelopment": "None", "operatingExpenses": "1886751000", "investmentIncomeNet": "None", "netInterestIncome": "-145773000", "interestIncome": "-139234000", "interestExpense": "6539000", "nonInterestIncome": "11824589000", "otherNonOperatingIncome": "12708000", "depreciation": "None", "depreciationAndAmortization": "203322000", "incomeBeforeTax": "102852000", "incomeTaxExpense": "13925000", "interestAndDebtExpense": "6539000", "netIncomeFromContinuingOperations": "88927000", "comprehensiveIncomeNetOfTax": "124650000", "ebit": "235917000", "ebitda": "451947000", "netIncome": "88927000"}, {"fiscalDateEnding": "2020-12-31", "reportedCurrency": "USD", "grossProfit": "2098458000", "totalRevenue": "11558982000", "costOfRevenue": "9460524000", "costofGoodsAndServicesSold": "9460524000", "operatingIncome": "212062000", "sellingGeneralAndAdministrative": "None", "researchAndDevelopment": "None", "operatingExpenses": "1886396000", "investmentIncomeNet": "None", "netInterestIncome": "-146498000", "interestIncome": "-140106000", "interestExpense": "6392000", "nonInterestIncome": "11558982000", "otherNonOperatingIncome": "15556000", "depreciation": "None", "depreciationAndAmortization": "212664000", "incomeBeforeTax": "81120000", "incomeTaxExpense": "13831000", "interestAndDebtExpense": "6392000", "netIncomeFromContinuingOperations": "67289000", "comprehensiveIncomeNetOfTax": "291500000", "ebit": "212062000", "ebitda": "440282000", "netIncome": "67289000"}, {"fiscalDateEnding": "2020-09-30", "reportedCurrency": "USD", "grossProfit": "2219845000", "totalRevenue": "11777379000", "costOfRevenue": "9557534000", "costofGoodsAndServicesSold": "9557534000", "operatingIncome": "419579000", "sellingGeneralAndAdministrative": "37183000", "researchAndDevelopment": "None", "operatingExpenses": "1800266000", "investmentIncomeNet": "None", "netInterestIncome": "-146717000", "interestIncome": "-140163000", "interestExpense": "6554000", "nonInterestIncome": "11765336000", "otherNonOperatingIncome": "-14124000", "depreciation": "None", "depreciationAndAmortization": "180520000", "incomeBeforeTax": "258738000", "incomeTaxExpense": "41838000", "interestAndDebtExpense": "6554000", "netIncomeFromContinuingOperations": "216900000", "comprehensiveIncomeNetOfTax": "315395000", "ebit": "419579000", "ebitda": "600099000", "netIncome": "216900000"}, {"fiscalDateEnding": "2020-06-30", "reportedCurrency": "USD", "grossProfit": "1565655000", "totalRevenue": "8866564000", "costOfRevenue": "7300909000", "costofGoodsAndServicesSold": "7300909000", "operatingIncome": "-531580000", "sellingGeneralAndAdministrative": "32335000", "researchAndDevelopment": "None", "operatingExpenses": "2097235000", "investmentIncomeNet": "None", "netInterestIncome": "-164269000", "interestIncome": "-155641000", "interestExpense": "8628000", "nonInterestIncome": "8866564000", "otherNonOperatingIncome": "-40396000", "depreciation": "None", "depreciationAndAmortization": "778152000", "incomeBeforeTax": "-736245000", "incomeTaxExpense": "-117826000", "interestAndDebtExpense": "8628000", "netIncomeFromContinuingOperations": "-618419000", "comprehensiveIncomeNetOfTax": "-663801000", "ebit": "-531580000", "ebitda": "50535000", "netIncome": "-618419000"}, {"fiscalDateEnding": "2020-03-31", "reportedCurrency": "USD", "grossProfit": "2564240000", "totalRevenue": "13698699000", "costOfRevenue": "11134459000", "costofGoodsAndServicesSold": "11134459000", "operatingIncome": "60274000", "sellingGeneralAndAdministrative": "37183000", "researchAndDevelopment": "None", "operatingExpenses": "2503966000", "investmentIncomeNet": "None", "netInterestIncome": "-83854000", "interestIncome": "-82808000", "interestExpense": "1046000", "nonInterestIncome": "13698699000", "otherNonOperatingIncome": "-5200000", "depreciation": "None", "depreciationAndAmortization": "8657000", "incomeBeforeTax": "-28780000", "incomeTaxExpense": "-25483000", "interestAndDebtExpense": "1046000", "netIncomeFromContinuingOperations": "-3297000", "comprehensiveIncomeNetOfTax": "-102490000", "ebit": "60274000", "ebitda": "-19077000", "netIncome": "-3297000"}, {"fiscalDateEnding": "2019-12-31", "reportedCurrency": "USD", "grossProfit": "2828399000", "totalRevenue": "15025042000", "costOfRevenue": "12196643000", "costofGoodsAndServicesSold": "12196643000", "operatingIncome": "552493000", "sellingGeneralAndAdministrative": "41170000", "researchAndDevelopment": "None", "operatingExpenses": "2275906000", "investmentIncomeNet": "None", "netInterestIncome": "-76762000", "interestIncome": "-75535000", "interestExpense": "1227000", "nonInterestIncome": "15025042000", "otherNonOperatingIncome": "807000", "depreciation": "None", "depreciationAndAmortization": "10343000", "incomeBeforeTax": "476538000", "incomeTaxExpense": "93128000", "interestAndDebtExpense": "1227000", "netIncomeFromContinuingOperations": "383410000", "comprehensiveIncomeNetOfTax": "492500000", "ebit": "552493000", "ebitda": "488108000", "netIncome": "383410000"}, {"fiscalDateEnding": "2019-09-30", "reportedCurrency": "USD", "grossProfit": "2943370000", "totalRevenue": "15303005000", "costOfRevenue": "12359635000", "costofGoodsAndServicesSold": "12359635000", "operatingIncome": "668318000", "sellingGeneralAndAdministrative": "33789000", "researchAndDevelopment": "None", "operatingExpenses": "2275052000", "investmentIncomeNet": "None", "netInterestIncome": "-83335000", "interestIncome": "-77233000", "interestExpense": "6102000", "nonInterestIncome": "15303005000", "otherNonOperatingIncome": "-3112000", "depreciation": "None", "depreciationAndAmortization": "8613000", "incomeBeforeTax": "581871000", "incomeTaxExpense": "128090000", "interestAndDebtExpense": "6102000", "netIncomeFromContinuingOperations": "453781000", "comprehensiveIncomeNetOfTax": "378080000", "ebit": "668318000", "ebitda": "596586000", "netIncome": "453781000"}, {"fiscalDateEnding": "2019-06-30", "reportedCurrency": "USD", "grossProfit": "2979192000", "totalRevenue": "15474862000", "costOfRevenue": "12495670000", "costofGoodsAndServicesSold": "12495670000", "operatingIncome": "720530000", "sellingGeneralAndAdministrative": "2184102000", "researchAndDevelopment": "None", "operatingExpenses": "2258662000", "investmentIncomeNet": "None", "netInterestIncome": "-89780000", "interestIncome": "-84642000", "interestExpense": "5138000", "nonInterestIncome": "15541162000", "otherNonOperatingIncome": "51558000", "depreciation": "None", "depreciationAndAmortization": "187339000", "incomeBeforeTax": "682308000", "incomeTaxExpense": "146542000", "interestAndDebtExpense": "5138000", "netIncomeFromContinuingOperations": "535766000", "comprehensiveIncomeNetOfTax": "400000000", "ebit": "720530000", "ebitda": "956796000", "netIncome": "535766000"}, {"fiscalDateEnding": "2019-03-31", "reportedCurrency": "USD", "grossProfit": "2754298000", "totalRevenue": "14658074000", "costOfRevenue": "11903776000", "costofGoodsAndServicesSold": "11903776000", "operatingIncome": "529585000", "sellingGeneralAndAdministrative": "2162947000", "researchAndDevelopment": "None", "operatingExpenses": "2224713000", "investmentIncomeNet": "None", "netInterestIncome": "-94514000", "interestIncome": "-89084000", "interestExpense": "5430000", "nonInterestIncome": "14658074000", "otherNonOperatingIncome": "-4120000", "depreciation": "None", "depreciationAndAmortization": "184183000", "incomeBeforeTax": "430951000", "incomeTaxExpense": "-9132000", "interestAndDebtExpense": "5430000", "netIncomeFromContinuingOperations": "440083000", "comprehensiveIncomeNetOfTax": "481021000", "ebit": "529585000", "ebitda": "709917000", "netIncome": "440083000"}, {"fiscalDateEnding": "2018-12-31", "reportedCurrency": "USD", "grossProfit": "2771712000", "totalRevenue": "14765707000", "costOfRevenue": "11993995000", "costofGoodsAndServicesSold": "11993995000", "operatingIncome": "451895000", "sellingGeneralAndAdministrative": "2197212000", "researchAndDevelopment": "None", "operatingExpenses": "2319817000", "investmentIncomeNet": "None", "netInterestIncome": "-87113000", "interestIncome": "-82469000", "interestExpense": "4644000", "nonInterestIncome": "14765707000", "otherNonOperatingIncome": "-10197000", "depreciation": "None", "depreciationAndAmortization": "204813000", "incomeBeforeTax": "354585000", "incomeTaxExpense": "87205000", "interestAndDebtExpense": "4644000", "netIncomeFromContinuingOperations": "267380000", "comprehensiveIncomeNetOfTax": "193800000", "ebit": "451895000", "ebitda": "634611000", "netIncome": "267380000"}, {"fiscalDateEnding": "2018-09-30", "reportedCurrency": "USD", "grossProfit": "2903785000", "totalRevenue": "15215279000", "costOfRevenue": "12311494000", "costofGoodsAndServicesSold": "12311000000", "operatingIncome": "628140000", "sellingGeneralAndAdministrative": "2243945000", "researchAndDevelopment": "None", "operatingExpenses": "2275645000", "investmentIncomeNet": "None", "netInterestIncome": "-89016000", "interestIncome": "-82846000", "interestExpense": "6170000", "nonInterestIncome": "15215279000", "otherNonOperatingIncome": "-1132000", "depreciation": "None", "depreciationAndAmortization": "187600000", "incomeBeforeTax": "537992000", "incomeTaxExpense": "106950000", "interestAndDebtExpense": "6170000", "netIncomeFromContinuingOperations": "431042000", "comprehensiveIncomeNetOfTax": "389468000", "ebit": "628140000", "ebitda": "814616000", "netIncome": "431042000"}, {"fiscalDateEnding": "2018-06-30", "reportedCurrency": "USD", "grossProfit": "2916709000", "totalRevenue": "15315906000", "costOfRevenue": "12399197000", "costofGoodsAndServicesSold": "12399197000", "operatingIncome": "683936000", "sellingGeneralAndAdministrative": "2146496000", "researchAndDevelopment": "None", "operatingExpenses": "2232773000", "investmentIncomeNet": "None", "netInterestIncome": "-92468000", "interestIncome": "-85089000", "interestExpense": "7379000", "nonInterestIncome": "15315906000", "otherNonOperatingIncome": "-2043000", "depreciation": "None", "depreciationAndAmortization": "201766000", "incomeBeforeTax": "593156000", "incomeTaxExpense": "144228000", "interestAndDebtExpense": "7383000", "netIncomeFromContinuingOperations": "448928000", "comprehensiveIncomeNetOfTax": "300000000", "ebit": "683936000", "ebitda": "887390000", "netIncome": "448928000"}, {"fiscalDateEnding": "2018-03-31", "reportedCurrency": "USD", "grossProfit": "2675628000", "totalRevenue": "14349504000", "costOfRevenue": "11673876000", "costofGoodsAndServicesSold": "11673876000", "operatingIncome": "482203000", "sellingGeneralAndAdministrative": "2161553000", "researchAndDevelopment": "None", "operatingExpenses": "2193425000", "investmentIncomeNet": "None", "netInterestIncome": "-136145000", "interestIncome": "-129445000", "interestExpense": "6700000", "nonInterestIncome": "53100000", "otherNonOperatingIncome": "15096000", "depreciation": "None", "depreciationAndAmortization": "193416000", "incomeBeforeTax": "364884000", "incomeTaxExpense": "34799000", "interestAndDebtExpense": "-53100000", "netIncomeFromContinuingOperations": "330085000", "comprehensiveIncomeNetOfTax": "370600000", "ebit": "482203000", "ebitda": "694445000", "netIncome": "330085000"}, {"fiscalDateEnding": "2017-12-31", "reportedCurrency": "USD", "grossProfit": "2699386000", "totalRevenue": "14411490000", "costOfRevenue": "11712104000", "costofGoodsAndServicesSold": "11712000000", "operatingIncome": "528552000", "sellingGeneralAndAdministrative": "2140737000", "researchAndDevelopment": "None", "operatingExpenses": "2170834000", "investmentIncomeNet": "None", "netInterestIncome": "-85986000", "interestIncome": "-78783000", "interestExpense": "7203000", "nonInterestIncome": "14411490000", "otherNonOperatingIncome": "5432000", "depreciation": "None", "depreciationAndAmortization": "190600000", "incomeBeforeTax": "451728000", "incomeTaxExpense": "167615000", "interestAndDebtExpense": "7203000", "netIncomeFromContinuingOperations": "284113000", "comprehensiveIncomeNetOfTax": "310700000", "ebit": "528552000", "ebitda": "797586000", "netIncome": "284113000"}, {"fiscalDateEnding": "2017-09-30", "reportedCurrency": "USD", "grossProfit": "2793668000", "totalRevenue": "14650424000", "costOfRevenue": "11856756000", "costofGoodsAndServicesSold": "11856756000", "operatingIncome": "619365000", "sellingGeneralAndAdministrative": "2150018000", "researchAndDevelopment": "None", "operatingExpenses": "2174303000", "investmentIncomeNet": "None", "netInterestIncome": "-80884000", "interestIncome": "-73692000", "interestExpense": "7192000", "nonInterestIncome": "14650424000", "otherNonOperatingIncome": "4248000", "depreciation": "None", "depreciationAndAmortization": "179662000", "incomeBeforeTax": "546456000", "incomeTaxExpense": "178816000", "interestAndDebtExpense": "7192000", "netIncomeFromContinuingOperations": "367640000", "comprehensiveIncomeNetOfTax": "487800000", "ebit": "619365000", "ebitda": "807002000", "netIncome": "367640000"}, {"fiscalDateEnding": "2017-06-30", "reportedCurrency": "USD", "grossProfit": "2759590000", "totalRevenue": "14345025000", "costOfRevenue": "11585435000", "costofGoodsAndServicesSold": "11661000000", "operatingIncome": "557959000", "sellingGeneralAndAdministrative": "2174158000", "researchAndDevelopment": "None", "operatingExpenses": "2201631000", "investmentIncomeNet": "None", "netInterestIncome": "-76020000", "interestIncome": "-69324000", "interestExpense": "6696000", "nonInterestIncome": "0", "otherNonOperatingIncome": "1586000", "depreciation": "None", "depreciationAndAmortization": "234700000", "incomeBeforeTax": "483525000", "incomeTaxExpense": "178354000", "interestAndDebtExpense": "6696000", "netIncomeFromContinuingOperations": "305171000", "comprehensiveIncomeNetOfTax": "547871000", "ebit": "557959000", "ebitda": "793720000", "netIncome": "305171000"}, {"fiscalDateEnding": "2017-03-31", "reportedCurrency": "USD", "grossProfit": "2534135000", "totalRevenue": "13443168000", "costOfRevenue": "10909033000", "costofGoodsAndServicesSold": "10990000000", "operatingIncome": "435962000", "sellingGeneralAndAdministrative": "2074135000", "researchAndDevelopment": "None", "operatingExpenses": "2098173000", "investmentIncomeNet": "None", "netInterestIncome": "-81004000", "interestIncome": "-68991000", "interestExpense": "12013000", "nonInterestIncome": "0", "otherNonOperatingIncome": "4815000", "depreciation": "None", "depreciationAndAmortization": "218300000", "incomeBeforeTax": "359773000", "incomeTaxExpense": "121495000", "interestAndDebtExpense": "12013000", "netIncomeFromContinuingOperations": "238278000", "comprehensiveIncomeNetOfTax": "315400000", "ebit": "435962000", "ebitda": "658304000", "netIncome": "238278000"}, {"fiscalDateEnding": "2016-12-31", "reportedCurrency": "USD", "grossProfit": "2571863000", "totalRevenue": "13385037000", "costOfRevenue": "10813174000", "costofGoodsAndServicesSold": "10885405000", "operatingIncome": "492417000", "sellingGeneralAndAdministrative": "2060462000", "researchAndDevelopment": "None", "operatingExpenses": "2079446000", "investmentIncomeNet": "None", "netInterestIncome": "-72231000", "interestIncome": "-65648000", "interestExpense": "6583000", "nonInterestIncome": "None", "otherNonOperatingIncome": "2320000", "depreciation": "None", "depreciationAndAmortization": "237274000", "incomeBeforeTax": "422506000", "incomeTaxExpense": "147339000", "interestAndDebtExpense": "6583000", "netIncomeFromContinuingOperations": "275167000", "comprehensiveIncomeNetOfTax": "127511000", "ebit": "492417000", "ebitda": "732011000", "netIncome": "275167000"}]}