{"symbol": "TAP", "annualReports": [{"fiscalDateEnding": "2020-12-31", "reportedCurrency": "USD", "grossProfit": "3768300000", "totalRevenue": "11723800000", "costOfRevenue": "7955500000", "costofGoodsAndServicesSold": "5885700000", "operatingIncome": "-408900000", "sellingGeneralAndAdministrative": "2437000000", "researchAndDevelopment": "None", "operatingExpenses": "5099200000", "investmentIncomeNet": "3300000", "netInterestIncome": "-274600000", "interestIncome": "3300000", "interestExpense": "274600000", "nonInterestIncome": "9654000000", "otherNonOperatingIncome": "6000000", "depreciation": "702000000", "depreciationAndAmortization": "922000000", "incomeBeforeTax": "-647200000", "incomeTaxExpense": "301800000", "interestAndDebtExpense": "274600000", "netIncomeFromContinuingOperations": "-945700000", "comprehensiveIncomeNetOfTax": "-954600000", "ebit": "-372600000", "ebitda": "549400000", "netIncome": "-949000000"}, {"fiscalDateEnding": "2019-12-31", "reportedCurrency": "USD", "grossProfit": "4201200000", "totalRevenue": "13009100000", "costOfRevenue": "8807900000", "costofGoodsAndServicesSold": "6378200000", "operatingIncome": "764400000", "sellingGeneralAndAdministrative": "2728000000", "researchAndDevelopment": "None", "operatingExpenses": "4295800000", "investmentIncomeNet": "8200000", "netInterestIncome": "-280900000", "interestIncome": "8200000", "interestExpense": "280900000", "nonInterestIncome": "10534800000", "otherNonOperatingIncome": "-14700000", "depreciation": "637800000", "depreciationAndAmortization": "859000000", "incomeBeforeTax": "475400000", "incomeTaxExpense": "233700000", "interestAndDebtExpense": "280900000", "netIncomeFromContinuingOperations": "246200000", "comprehensiveIncomeNetOfTax": "304300000", "ebit": "756300000", "ebitda": "1615300000", "netIncome": "241700000"}, {"fiscalDateEnding": "2018-12-31", "reportedCurrency": "USD", "grossProfit": "4184800000", "totalRevenue": "13338000000", "costOfRevenue": "9153200000", "costofGoodsAndServicesSold": "6584800000", "operatingIncome": "1631800000", "sellingGeneralAndAdministrative": "2802700000", "researchAndDevelopment": "None", "operatingExpenses": "3410500000", "investmentIncomeNet": "8000000", "netInterestIncome": "-306200000", "interestIncome": "8000000", "interestExpense": "306200000", "nonInterestIncome": "10635300000", "otherNonOperatingIncome": "-12000000", "depreciation": "633400000", "depreciationAndAmortization": "857500000", "incomeBeforeTax": "1341700000", "incomeTaxExpense": "225200000", "interestAndDebtExpense": "306200000", "netIncomeFromContinuingOperations": "1134600000", "comprehensiveIncomeNetOfTax": "826500000", "ebit": "1647900000", "ebitda": "2505400000", "netIncome": "1116500000"}, {"fiscalDateEnding": "2017-12-31", "reportedCurrency": "USD", "grossProfit": "4766100000", "totalRevenue": "13471500000", "costOfRevenue": "8705400000", "costofGoodsAndServicesSold": "6236700000", "operatingIncome": "1677700000", "sellingGeneralAndAdministrative": "3052000000", "researchAndDevelopment": "None", "operatingExpenses": "3873300000", "investmentIncomeNet": "6000000", "netInterestIncome": "-349300000", "interestIncome": "6000000", "interestExpense": "349300000", "nonInterestIncome": "141800000", "otherNonOperatingIncome": "1400000", "depreciation": "590700000", "depreciationAndAmortization": "812800000", "incomeBeforeTax": "1361000000", "incomeTaxExpense": "-204600000", "interestAndDebtExpense": "349300000", "netIncomeFromContinuingOperations": "1412700000", "comprehensiveIncomeNetOfTax": "2277400000", "ebit": "1710300000", "ebitda": "2523100000", "netIncome": "1565600000"}, {"fiscalDateEnding": "2016-12-31", "reportedCurrency": "USD", "grossProfit": "1886000000", "totalRevenue": "6597400000", "costOfRevenue": "4711400000", "costofGoodsAndServicesSold": "2999000000", "operatingIncome": "3322600000", "sellingGeneralAndAdministrative": "1597200000", "researchAndDevelopment": "None", "operatingExpenses": "-538200000", "investmentIncomeNet": "27200000", "netInterestIncome": "-271600000", "interestIncome": "27200000", "interestExpense": "271600000", "nonInterestIncome": "-28400000", "otherNonOperatingIncome": "-32500000", "depreciation": "306300000", "depreciationAndAmortization": "388400000", "incomeBeforeTax": "3048200000", "incomeTaxExpense": "1454300000", "interestAndDebtExpense": "271600000", "netIncomeFromContinuingOperations": "1995800000", "comprehensiveIncomeNetOfTax": "1726200000", "ebit": "3319800000", "ebitda": "3708200000", "netIncome": "1593900000"}], "quarterlyReports": [{"fiscalDateEnding": "2021-09-30", "reportedCurrency": "USD", "grossProfit": "1193600000", "totalRevenue": "6258100000", "costOfRevenue": "2345300000", "costofGoodsAndServicesSold": "1629100000", "operatingIncome": "531400000", "sellingGeneralAndAdministrative": "664800000", "researchAndDevelopment": "None", "operatingExpenses": "716200000", "investmentIncomeNet": "None", "netInterestIncome": "-62100000", "interestIncome": "-63300000", "interestExpense": "62100000", "nonInterestIncome": "6258100000", "otherNonOperatingIncome": "None", "depreciation": "None", "depreciationAndAmortization": "200300000", "incomeBeforeTax": "479800000", "incomeTaxExpense": "26800000", "interestAndDebtExpense": "62100000", "netIncomeFromContinuingOperations": "453800000", "comprehensiveIncomeNetOfTax": "356600000", "ebit": "531400000", "ebitda": "742200000", "netIncome": "453000000"}, {"fiscalDateEnding": "2021-06-30", "reportedCurrency": "USD", "grossProfit": "1271500000", "totalRevenue": "6503400000", "costOfRevenue": "2413400000", "costofGoodsAndServicesSold": "1667900000", "operatingIncome": "580800000", "sellingGeneralAndAdministrative": "681700000", "researchAndDevelopment": "None", "operatingExpenses": "745500000", "investmentIncomeNet": "None", "netInterestIncome": "-67100000", "interestIncome": "-67900000", "interestExpense": "67100000", "nonInterestIncome": "6503400000", "otherNonOperatingIncome": "-3300000", "depreciation": "None", "depreciationAndAmortization": "201600000", "incomeBeforeTax": "520900000", "incomeTaxExpense": "132300000", "interestAndDebtExpense": "67100000", "netIncomeFromContinuingOperations": "390300000", "comprehensiveIncomeNetOfTax": "395900000", "ebit": "580800000", "ebitda": "789600000", "netIncome": "388600000"}, {"fiscalDateEnding": "2021-03-31", "reportedCurrency": "USD", "grossProfit": "731000000", "totalRevenue": "2256100000", "costOfRevenue": "1525100000", "costofGoodsAndServicesSold": "1167400000", "operatingIncome": "177200000", "sellingGeneralAndAdministrative": "542900000", "researchAndDevelopment": "None", "operatingExpenses": "756100000", "investmentIncomeNet": "None", "netInterestIncome": "-64100000", "interestIncome": "-65300000", "interestExpense": "64100000", "nonInterestIncome": "1898400000", "otherNonOperatingIncome": "1400000", "depreciation": "None", "depreciationAndAmortization": "202300000", "incomeBeforeTax": "128400000", "incomeTaxExpense": "44300000", "interestAndDebtExpense": "64100000", "netIncomeFromContinuingOperations": "82000000", "comprehensiveIncomeNetOfTax": "206500000", "ebit": "177200000", "ebitda": "394800000", "netIncome": "84100000"}, {"fiscalDateEnding": "2020-12-31", "reportedCurrency": "USD", "grossProfit": "895200000", "totalRevenue": "2777800000", "costOfRevenue": "1882600000", "costofGoodsAndServicesSold": "1399100000", "operatingIncome": "-1282700000", "sellingGeneralAndAdministrative": "648300000", "researchAndDevelopment": "None", "operatingExpenses": "2385000000", "investmentIncomeNet": "None", "netInterestIncome": "-72100000", "interestIncome": "-62000000", "interestExpense": "72100000", "nonInterestIncome": "2294300000", "otherNonOperatingIncome": "36200000", "depreciation": "None", "depreciationAndAmortization": "207100000", "incomeBeforeTax": "-1333200000", "incomeTaxExpense": "36600000", "interestAndDebtExpense": "72100000", "netIncomeFromContinuingOperations": "-1373900000", "comprehensiveIncomeNetOfTax": "-1154200000", "ebit": "-1282700000", "ebitda": "-1054000000", "netIncome": "-1369800000"}, {"fiscalDateEnding": "2020-09-30", "reportedCurrency": "USD", "grossProfit": "1202500000", "totalRevenue": "3378400000", "costOfRevenue": "2175900000", "costofGoodsAndServicesSold": "1551000000", "operatingIncome": "508300000", "sellingGeneralAndAdministrative": "634500000", "researchAndDevelopment": "None", "operatingExpenses": "749600000", "investmentIncomeNet": "None", "netInterestIncome": "-66500000", "interestIncome": "-67900000", "interestExpense": "66500000", "nonInterestIncome": "2753500000", "otherNonOperatingIncome": "2400000", "depreciation": "None", "depreciationAndAmortization": "220700000", "incomeBeforeTax": "446800000", "incomeTaxExpense": "104000000", "interestAndDebtExpense": "66500000", "netIncomeFromContinuingOperations": "346400000", "comprehensiveIncomeNetOfTax": "505000000", "ebit": "508300000", "ebitda": "734000000", "netIncome": "342800000"}, {"fiscalDateEnding": "2020-06-30", "reportedCurrency": "USD", "grossProfit": "1046800000", "totalRevenue": "3029800000", "costOfRevenue": "1983000000", "costofGoodsAndServicesSold": "1456600000", "operatingIncome": "458000000", "sellingGeneralAndAdministrative": "524500000", "researchAndDevelopment": "None", "operatingExpenses": "643400000", "investmentIncomeNet": "None", "netInterestIncome": "-68400000", "interestIncome": "-69700000", "interestExpense": "68400000", "nonInterestIncome": "2503400000", "otherNonOperatingIncome": "5800000", "depreciation": "None", "depreciationAndAmortization": "237700000", "incomeBeforeTax": "399500000", "incomeTaxExpense": "204500000", "interestAndDebtExpense": "68400000", "netIncomeFromContinuingOperations": "197200000", "comprehensiveIncomeNetOfTax": "310700000", "ebit": "458000000", "ebitda": "705600000", "netIncome": "195000000"}, {"fiscalDateEnding": "2020-03-31", "reportedCurrency": "USD", "grossProfit": "623800000", "totalRevenue": "2537800000", "costOfRevenue": "1914000000", "costofGoodsAndServicesSold": "1479000000", "operatingIncome": "-92500000", "sellingGeneralAndAdministrative": "629700000", "researchAndDevelopment": "None", "operatingExpenses": "972800000", "investmentIncomeNet": "None", "netInterestIncome": "-67600000", "interestIncome": "-67200000", "interestExpense": "67600000", "nonInterestIncome": "2102800000", "otherNonOperatingIncome": "-4800000", "depreciation": "None", "depreciationAndAmortization": "256500000", "incomeBeforeTax": "-160300000", "incomeTaxExpense": "-43300000", "interestAndDebtExpense": "67600000", "netIncomeFromContinuingOperations": "-115400000", "comprehensiveIncomeNetOfTax": "-616100000", "ebit": "-92500000", "ebitda": "163800000", "netIncome": "-117000000"}, {"fiscalDateEnding": "2019-12-31", "reportedCurrency": "USD", "grossProfit": "966200000", "totalRevenue": "3091000000", "costOfRevenue": "2124800000", "costofGoodsAndServicesSold": "1520000000", "operatingIncome": "310900000", "sellingGeneralAndAdministrative": "612900000", "researchAndDevelopment": "None", "operatingExpenses": "1100000", "investmentIncomeNet": "None", "netInterestIncome": "-73900000", "interestIncome": "-102900000", "interestExpense": "73900000", "nonInterestIncome": "2486200000", "otherNonOperatingIncome": "-2900000", "depreciation": "None", "depreciationAndAmortization": "217600000", "incomeBeforeTax": "204100000", "incomeTaxExpense": "40400000", "interestAndDebtExpense": "73900000", "netIncomeFromContinuingOperations": "965100000", "comprehensiveIncomeNetOfTax": "379800000", "ebit": "310900000", "ebitda": "495600000", "netIncome": "163700000"}, {"fiscalDateEnding": "2019-09-30", "reportedCurrency": "USD", "grossProfit": "1156200000", "totalRevenue": "3498000000", "costOfRevenue": "2341800000", "costofGoodsAndServicesSold": "1685400000", "operatingIncome": "-237300000", "sellingGeneralAndAdministrative": "690200000", "researchAndDevelopment": "None", "operatingExpenses": "1448900000", "investmentIncomeNet": "None", "netInterestIncome": "-66500000", "interestIncome": "-77000000", "interestExpense": "66500000", "nonInterestIncome": "2841600000", "otherNonOperatingIncome": "-13700000", "depreciation": "None", "depreciationAndAmortization": "211700000", "incomeBeforeTax": "-312100000", "incomeTaxExpense": "90700000", "interestAndDebtExpense": "66500000", "netIncomeFromContinuingOperations": "-399300000", "comprehensiveIncomeNetOfTax": "-602500000", "ebit": "-237300000", "ebitda": "-33900000", "netIncome": "-402800000"}, {"fiscalDateEnding": "2019-06-30", "reportedCurrency": "USD", "grossProfit": "1188500000", "totalRevenue": "3620000000", "costOfRevenue": "2431500000", "costofGoodsAndServicesSold": "1759800000", "operatingIncome": "468700000", "sellingGeneralAndAdministrative": "769700000", "researchAndDevelopment": "None", "operatingExpenses": "775000000", "investmentIncomeNet": "None", "netInterestIncome": "-68400000", "interestIncome": "-80600000", "interestExpense": "68400000", "nonInterestIncome": "2948300000", "otherNonOperatingIncome": "-10900000", "depreciation": "None", "depreciationAndAmortization": "216800000", "incomeBeforeTax": "399800000", "incomeTaxExpense": "70400000", "interestAndDebtExpense": "68400000", "netIncomeFromContinuingOperations": "330200000", "comprehensiveIncomeNetOfTax": "333500000", "ebit": "468700000", "ebitda": "685000000", "netIncome": "329400000"}, {"fiscalDateEnding": "2019-03-31", "reportedCurrency": "USD", "grossProfit": "890300000", "totalRevenue": "2800100000", "costOfRevenue": "1909800000", "costofGoodsAndServicesSold": "1413000000", "operatingIncome": "222100000", "sellingGeneralAndAdministrative": "655200000", "researchAndDevelopment": "None", "operatingExpenses": "881100000", "investmentIncomeNet": "None", "netInterestIncome": "-72100000", "interestIncome": "-50400000", "interestExpense": "72100000", "nonInterestIncome": "2303300000", "otherNonOperatingIncome": "23900000", "depreciation": "None", "depreciationAndAmortization": "212900000", "incomeBeforeTax": "183600000", "incomeTaxExpense": "32200000", "interestAndDebtExpense": "72100000", "netIncomeFromContinuingOperations": "149100000", "comprehensiveIncomeNetOfTax": "193500000", "ebit": "222100000", "ebitda": "468600000", "netIncome": "151400000"}, {"fiscalDateEnding": "2018-12-31", "reportedCurrency": "USD", "grossProfit": "822700000", "totalRevenue": "3024400000", "costOfRevenue": "2201700000", "costofGoodsAndServicesSold": "1596000000", "operatingIncome": "141700000", "sellingGeneralAndAdministrative": "663000000", "researchAndDevelopment": "None", "operatingExpenses": "894300000", "investmentIncomeNet": "None", "netInterestIncome": "-74400000", "interestIncome": "None", "interestExpense": "74400000", "nonInterestIncome": "2418700000", "otherNonOperatingIncome": "34200000", "depreciation": "None", "depreciationAndAmortization": "213300000", "incomeBeforeTax": "69600000", "incomeTaxExpense": "-6400000", "interestAndDebtExpense": "74400000", "netIncomeFromContinuingOperations": "822700000", "comprehensiveIncomeNetOfTax": "-77600000", "ebit": "141700000", "ebitda": "357300000", "netIncome": "76000000"}, {"fiscalDateEnding": "2018-09-30", "reportedCurrency": "USD", "grossProfit": "1220200000", "totalRevenue": "3625100000", "costOfRevenue": "2404900000", "costofGoodsAndServicesSold": "1714000000", "operatingIncome": "469700000", "sellingGeneralAndAdministrative": "713900000", "researchAndDevelopment": "None", "operatingExpenses": "806300000", "investmentIncomeNet": "None", "netInterestIncome": "-76000000", "interestIncome": "None", "interestExpense": "76000000", "nonInterestIncome": "2934200000", "otherNonOperatingIncome": "None", "depreciation": "None", "depreciationAndAmortization": "214600000", "incomeBeforeTax": "402800000", "incomeTaxExpense": "64500000", "interestAndDebtExpense": "76000000", "netIncomeFromContinuingOperations": "345600000", "comprehensiveIncomeNetOfTax": "367300000", "ebit": "469700000", "ebitda": "693400000", "netIncome": "338300000"}, {"fiscalDateEnding": "2018-06-30", "reportedCurrency": "USD", "grossProfit": "1346100000", "totalRevenue": "3820500000", "costOfRevenue": "2474400000", "costofGoodsAndServicesSold": "1739100000", "operatingIncome": "590900000", "sellingGeneralAndAdministrative": "744700000", "researchAndDevelopment": "None", "operatingExpenses": "811400000", "investmentIncomeNet": "None", "netInterestIncome": "-76500000", "interestIncome": "None", "interestExpense": "76500000", "nonInterestIncome": "3085200000", "otherNonOperatingIncome": "None", "depreciation": "None", "depreciationAndAmortization": "215900000", "incomeBeforeTax": "516300000", "incomeTaxExpense": "92200000", "interestAndDebtExpense": "76500000", "netIncomeFromContinuingOperations": "430800000", "comprehensiveIncomeNetOfTax": "209600000", "ebit": "590900000", "ebitda": "808700000", "netIncome": "424100000"}, {"fiscalDateEnding": "2018-03-31", "reportedCurrency": "USD", "grossProfit": "795800000", "totalRevenue": "2868000000", "costOfRevenue": "2072200000", "costofGoodsAndServicesSold": "1535700000", "operatingIncome": "429500000", "sellingGeneralAndAdministrative": "681100000", "researchAndDevelopment": "None", "operatingExpenses": "580000000", "investmentIncomeNet": "None", "netInterestIncome": "-79300000", "interestIncome": "None", "interestExpense": "79300000", "nonInterestIncome": "2331500000", "otherNonOperatingIncome": "None", "depreciation": "None", "depreciationAndAmortization": "213700000", "incomeBeforeTax": "353000000", "incomeTaxExpense": "74900000", "interestAndDebtExpense": "79300000", "netIncomeFromContinuingOperations": "282500000", "comprehensiveIncomeNetOfTax": "327200000", "ebit": "429500000", "ebitda": "646000000", "netIncome": "278100000"}, {"fiscalDateEnding": "2017-12-31", "reportedCurrency": "USD", "grossProfit": "1059800000", "totalRevenue": "3211700000", "costOfRevenue": "2151900000", "costofGoodsAndServicesSold": "1519800000", "operatingIncome": "270200000", "sellingGeneralAndAdministrative": "780500000", "researchAndDevelopment": "None", "operatingExpenses": "977800000", "investmentIncomeNet": "None", "netInterestIncome": "-90000000", "interestIncome": "None", "interestExpense": "90000000", "nonInterestIncome": "2579600000", "otherNonOperatingIncome": "6500000", "depreciation": "None", "depreciationAndAmortization": "208500000", "incomeBeforeTax": "173800000", "incomeTaxExpense": "-543100000", "interestAndDebtExpense": "90000000", "netIncomeFromContinuingOperations": "588100000", "comprehensiveIncomeNetOfTax": "951100000", "ebit": "270200000", "ebitda": "472300000", "netIncome": "716900000"}, {"fiscalDateEnding": "2017-09-30", "reportedCurrency": "USD", "grossProfit": "1294100000", "totalRevenue": "3552900000", "costOfRevenue": "2258800000", "costofGoodsAndServicesSold": "1589100000", "operatingIncome": "506200000", "sellingGeneralAndAdministrative": "783800000", "researchAndDevelopment": "None", "operatingExpenses": "842700000", "investmentIncomeNet": "None", "netInterestIncome": "-81700000", "interestIncome": "None", "interestExpense": "81700000", "nonInterestIncome": "2883200000", "otherNonOperatingIncome": "-2500000", "depreciation": "None", "depreciationAndAmortization": "208300000", "incomeBeforeTax": "460600000", "incomeTaxExpense": "147400000", "interestAndDebtExpense": "81700000", "netIncomeFromContinuingOperations": "287200000", "comprehensiveIncomeNetOfTax": "468900000", "ebit": "506200000", "ebitda": "750600000", "netIncome": "313200000"}, {"fiscalDateEnding": "2017-06-30", "reportedCurrency": "USD", "grossProfit": "1335800000", "totalRevenue": "3793100000", "costOfRevenue": "2457300000", "costofGoodsAndServicesSold": "1755500000", "operatingIncome": "536900000", "sellingGeneralAndAdministrative": "782400000", "researchAndDevelopment": "None", "operatingExpenses": "852800000", "investmentIncomeNet": "None", "netInterestIncome": "-900000", "interestIncome": "None", "interestExpense": "900000", "nonInterestIncome": "3091300000", "otherNonOperatingIncome": "1500000", "depreciation": "None", "depreciationAndAmortization": "198900000", "incomeBeforeTax": "452200000", "incomeTaxExpense": "125200000", "interestAndDebtExpense": "900000", "netIncomeFromContinuingOperations": "328300000", "comprehensiveIncomeNetOfTax": "576200000", "ebit": "536900000", "ebitda": "652000000", "netIncome": "327000000"}, {"fiscalDateEnding": "2017-03-31", "reportedCurrency": "USD", "grossProfit": "1076400000", "totalRevenue": "2913800000", "costOfRevenue": "1837400000", "costofGoodsAndServicesSold": "1372300000", "operatingIncome": "364400000", "sellingGeneralAndAdministrative": "705300000", "researchAndDevelopment": "None", "operatingExpenses": "903700000", "investmentIncomeNet": "None", "netInterestIncome": "-91700000", "interestIncome": "None", "interestExpense": "91700000", "nonInterestIncome": "2448700000", "otherNonOperatingIncome": "400000", "depreciation": "None", "depreciationAndAmortization": "197100000", "incomeBeforeTax": "274400000", "incomeTaxExpense": "65900000", "interestAndDebtExpense": "91700000", "netIncomeFromContinuingOperations": "209100000", "comprehensiveIncomeNetOfTax": "281200000", "ebit": "364400000", "ebitda": "563200000", "netIncome": "208500000"}, {"fiscalDateEnding": "2016-12-31", "reportedCurrency": "USD", "grossProfit": "812100000", "totalRevenue": "4175100000", "costOfRevenue": "2093500000", "costofGoodsAndServicesSold": "372000000", "operatingIncome": "2522300000", "sellingGeneralAndAdministrative": "753800000", "researchAndDevelopment": "None", "operatingExpenses": "-1506900000", "investmentIncomeNet": "None", "netInterestIncome": "-100700000", "interestIncome": "None", "interestExpense": "100700000", "nonInterestIncome": "-30600000", "otherNonOperatingIncome": "42400000", "depreciation": "None", "depreciationAndAmortization": "184100000", "incomeBeforeTax": "2836100000", "incomeTaxExpense": "1396800000", "interestAndDebtExpense": "100700000", "netIncomeFromContinuingOperations": "1439800000", "comprehensiveIncomeNetOfTax": "1127100000", "ebit": "2522300000", "ebitda": "3120900000", "netIncome": "1439300000"}]}