{"symbol": "TDY", "annualReports": [{"fiscalDateEnding": "2020-12-31", "reportedCurrency": "USD", "grossProfit": "1180900000", "totalRevenue": "3086200000", "costOfRevenue": "1905300000", "costofGoodsAndServicesSold": "1905300000", "operatingIncome": "480100000", "sellingGeneralAndAdministrative": "700800000", "researchAndDevelopment": "None", "operatingExpenses": "700800000", "investmentIncomeNet": "None", "netInterestIncome": "-15300000", "interestIncome": "-15300000", "interestExpense": "15300000", "nonInterestIncome": "None", "otherNonOperatingIncome": "-7200000", "depreciation": "76600000", "depreciationAndAmortization": "116200000", "incomeBeforeTax": "469700000", "incomeTaxExpense": "67800000", "interestAndDebtExpense": "15300000", "netIncomeFromContinuingOperations": "401900000", "comprehensiveIncomeNetOfTax": "447600000", "ebit": "480100000", "ebitda": "596300000", "netIncome": "401900000"}, {"fiscalDateEnding": "2019-12-31", "reportedCurrency": "USD", "grossProfit": "396100000", "totalRevenue": "3171900000", "costOfRevenue": "2775800000", "costofGoodsAndServicesSold": "1920300000", "operatingIncome": "491700000", "sellingGeneralAndAdministrative": "751600000", "researchAndDevelopment": "None", "operatingExpenses": "863500000", "investmentIncomeNet": "None", "netInterestIncome": "-22000000", "interestIncome": "-21000000", "interestExpense": "22000000", "nonInterestIncome": "3163600000", "otherNonOperatingIncome": "-5000000", "depreciation": "74500000", "depreciationAndAmortization": "111900000", "incomeBeforeTax": "473700000", "incomeTaxExpense": "71400000", "interestAndDebtExpense": "21000000", "netIncomeFromContinuingOperations": "402300000", "comprehensiveIncomeNetOfTax": "419700000", "ebit": "491700000", "ebitda": "607600000", "netIncome": "402300000"}, {"fiscalDateEnding": "2018-12-31", "reportedCurrency": "USD", "grossProfit": "311300000", "totalRevenue": "2896000000", "costOfRevenue": "2584700000", "costofGoodsAndServicesSold": "1791000000", "operatingIncome": "416600000", "sellingGeneralAndAdministrative": "694200000", "researchAndDevelopment": "None", "operatingExpenses": "807200000", "investmentIncomeNet": "None", "netInterestIncome": "-29200000", "interestIncome": "-26000000", "interestExpense": "29200000", "nonInterestIncome": "2901800000", "otherNonOperatingIncome": "-10700000", "depreciation": "73500000", "depreciationAndAmortization": "113000000", "incomeBeforeTax": "393900000", "incomeTaxExpense": "60100000", "interestAndDebtExpense": "25500000", "netIncomeFromContinuingOperations": "333800000", "comprehensiveIncomeNetOfTax": "217500000", "ebit": "416600000", "ebitda": "536100000", "netIncome": "333800000"}, {"fiscalDateEnding": "2017-12-31", "reportedCurrency": "USD", "grossProfit": "186900000", "totalRevenue": "2568300000", "costOfRevenue": "2381400000", "costofGoodsAndServicesSold": "1624000000", "operatingIncome": "321700000", "sellingGeneralAndAdministrative": "658100000", "researchAndDevelopment": "177700000", "operatingExpenses": "769200000", "investmentIncomeNet": "None", "netInterestIncome": "-35500000", "interestIncome": "-36100000", "interestExpense": "35500000", "nonInterestIncome": "2603800000", "otherNonOperatingIncome": "-15500000", "depreciation": "65900000", "depreciationAndAmortization": "113000000", "incomeBeforeTax": "287000000", "incomeTaxExpense": "59800000", "interestAndDebtExpense": "33100000", "netIncomeFromContinuingOperations": "227200000", "comprehensiveIncomeNetOfTax": "349100000", "ebit": "321700000", "ebitda": "435500000", "netIncome": "227200000"}, {"fiscalDateEnding": "2016-12-31", "reportedCurrency": "USD", "grossProfit": "159800000", "totalRevenue": "2144200000", "costOfRevenue": "1984400000", "costofGoodsAndServicesSold": "1329500000", "operatingIncome": "240500000", "sellingGeneralAndAdministrative": "579900000", "researchAndDevelopment": "167700000", "operatingExpenses": "648500000", "investmentIncomeNet": "None", "netInterestIncome": "-23600000", "interestIncome": "-23200000", "interestExpense": "23600000", "nonInterestIncome": "17900000", "otherNonOperatingIncome": "10700000", "depreciation": "57600000", "depreciationAndAmortization": "87300000", "incomeBeforeTax": "241300000", "incomeTaxExpense": "50400000", "interestAndDebtExpense": "23200000", "netIncomeFromContinuingOperations": "190900000", "comprehensiveIncomeNetOfTax": "152900000", "ebit": "240500000", "ebitda": "352200000", "netIncome": "190900000"}], "quarterlyReports": [{"fiscalDateEnding": "2021-09-30", "reportedCurrency": "USD", "grossProfit": "168600000", "totalRevenue": "1288100000", "costOfRevenue": "1119500000", "costofGoodsAndServicesSold": "787700000", "operatingIncome": "189600000", "sellingGeneralAndAdministrative": "279300000", "researchAndDevelopment": "None", "operatingExpenses": "334600000", "investmentIncomeNet": "None", "netInterestIncome": "-23800000", "interestIncome": "-23800000", "interestExpense": "23800000", "nonInterestIncome": "1311900000", "otherNonOperatingIncome": "-700000", "depreciation": "None", "depreciationAndAmortization": "125400000", "incomeBeforeTax": "167900000", "incomeTaxExpense": "33800000", "interestAndDebtExpense": "23800000", "netIncomeFromContinuingOperations": "134100000", "comprehensiveIncomeNetOfTax": "90000000", "ebit": "191700000", "ebitda": "317100000", "netIncome": "134100000"}, {"fiscalDateEnding": "2021-06-30", "reportedCurrency": "USD", "grossProfit": "86000000", "totalRevenue": "1099800000", "costOfRevenue": "1013800000", "costofGoodsAndServicesSold": "663100000", "operatingIncome": "104400000", "sellingGeneralAndAdministrative": "320700000", "researchAndDevelopment": "None", "operatingExpenses": "353500000", "investmentIncomeNet": "None", "netInterestIncome": "-21200000", "interestIncome": "-21200000", "interestExpense": "21200000", "nonInterestIncome": "1121000000", "otherNonOperatingIncome": "6100000", "depreciation": "None", "depreciationAndAmortization": "83100000", "incomeBeforeTax": "92100000", "incomeTaxExpense": "27400000", "interestAndDebtExpense": "21200000", "netIncomeFromContinuingOperations": "64700000", "comprehensiveIncomeNetOfTax": "72900000", "ebit": "113300000", "ebitda": "196400000", "netIncome": "64700000"}, {"fiscalDateEnding": "2021-03-31", "reportedCurrency": "USD", "grossProfit": "73000000", "totalRevenue": "770000000", "costOfRevenue": "697000000", "costofGoodsAndServicesSold": "492500000", "operatingIncome": "135200000", "sellingGeneralAndAdministrative": "178000000", "researchAndDevelopment": "None", "operatingExpenses": "207300000", "investmentIncomeNet": "None", "netInterestIncome": "-35700000", "interestIncome": "-22300000", "interestExpense": "35700000", "nonInterestIncome": "805700000", "otherNonOperatingIncome": "-1000000", "depreciation": "None", "depreciationAndAmortization": "29300000", "incomeBeforeTax": "101300000", "incomeTaxExpense": "16600000", "interestAndDebtExpense": "35700000", "netIncomeFromContinuingOperations": "84700000", "comprehensiveIncomeNetOfTax": "89900000", "ebit": "137000000", "ebitda": "166300000", "netIncome": "84700000"}, {"fiscalDateEnding": "2020-12-31", "reportedCurrency": "USD", "grossProfit": "315700000", "totalRevenue": "809300000", "costOfRevenue": "493600000", "costofGoodsAndServicesSold": "493600000", "operatingIncome": "143800000", "sellingGeneralAndAdministrative": "171900000", "researchAndDevelopment": "None", "operatingExpenses": "171900000", "investmentIncomeNet": "None", "netInterestIncome": "-3400000", "interestIncome": "-3400000", "interestExpense": "3400000", "nonInterestIncome": "None", "otherNonOperatingIncome": "-2500000", "depreciation": "None", "depreciationAndAmortization": "28700000", "incomeBeforeTax": "141100000", "incomeTaxExpense": "9000000", "interestAndDebtExpense": "3400000", "netIncomeFromContinuingOperations": "132100000", "comprehensiveIncomeNetOfTax": "188800000", "ebit": "143800000", "ebitda": "172500000", "netIncome": "132100000"}, {"fiscalDateEnding": "2020-09-30", "reportedCurrency": "USD", "grossProfit": "121600000", "totalRevenue": "744900000", "costOfRevenue": "623300000", "costofGoodsAndServicesSold": "458500000", "operatingIncome": "122500000", "sellingGeneralAndAdministrative": "158100000", "researchAndDevelopment": "None", "operatingExpenses": "168000000", "investmentIncomeNet": "None", "netInterestIncome": "-4100000", "interestIncome": "-4100000", "interestExpense": "4100000", "nonInterestIncome": "749000000", "otherNonOperatingIncome": "-1900000", "depreciation": "None", "depreciationAndAmortization": "29200000", "incomeBeforeTax": "119700000", "incomeTaxExpense": "25800000", "interestAndDebtExpense": "4100000", "netIncomeFromContinuingOperations": "93900000", "comprehensiveIncomeNetOfTax": "138100000", "ebit": "123800000", "ebitda": "153000000", "netIncome": "93900000"}, {"fiscalDateEnding": "2020-06-30", "reportedCurrency": "USD", "grossProfit": "109300000", "totalRevenue": "739600000", "costOfRevenue": "630300000", "costofGoodsAndServicesSold": "460600000", "operatingIncome": "109800000", "sellingGeneralAndAdministrative": "163200000", "researchAndDevelopment": "None", "operatingExpenses": "172900000", "investmentIncomeNet": "None", "netInterestIncome": "-3700000", "interestIncome": "-3700000", "interestExpense": "3700000", "nonInterestIncome": "743300000", "otherNonOperatingIncome": "-1400000", "depreciation": "None", "depreciationAndAmortization": "29000000", "incomeBeforeTax": "107900000", "incomeTaxExpense": "14200000", "interestAndDebtExpense": "3700000", "netIncomeFromContinuingOperations": "93700000", "comprehensiveIncomeNetOfTax": "102200000", "ebit": "111600000", "ebitda": "140600000", "netIncome": "93700000"}, {"fiscalDateEnding": "2020-03-31", "reportedCurrency": "USD", "grossProfit": "73100000", "totalRevenue": "780500000", "costOfRevenue": "707400000", "costofGoodsAndServicesSold": "492600000", "operatingIncome": "104000000", "sellingGeneralAndAdministrative": "188000000", "researchAndDevelopment": "None", "operatingExpenses": "217600000", "investmentIncomeNet": "None", "netInterestIncome": "-4100000", "interestIncome": "-4100000", "interestExpense": "4100000", "nonInterestIncome": "784600000", "otherNonOperatingIncome": "-1400000", "depreciation": "None", "depreciationAndAmortization": "29300000", "incomeBeforeTax": "101000000", "incomeTaxExpense": "18800000", "interestAndDebtExpense": "4100000", "netIncomeFromContinuingOperations": "82200000", "comprehensiveIncomeNetOfTax": "18500000", "ebit": "105100000", "ebitda": "134400000", "netIncome": "82200000"}, {"fiscalDateEnding": "2019-12-31", "reportedCurrency": "USD", "grossProfit": "135700000", "totalRevenue": "834200000", "costOfRevenue": "698500000", "costofGoodsAndServicesSold": "505100000", "operatingIncome": "133800000", "sellingGeneralAndAdministrative": "195300000", "researchAndDevelopment": "None", "operatingExpenses": "195300000", "investmentIncomeNet": "None", "netInterestIncome": "-5700000", "interestIncome": "-4700000", "interestExpense": "5700000", "nonInterestIncome": "834200000", "otherNonOperatingIncome": "-1500000", "depreciation": "None", "depreciationAndAmortization": "29300000", "incomeBeforeTax": "129500000", "incomeTaxExpense": "13800000", "interestAndDebtExpense": "4700000", "netIncomeFromContinuingOperations": "115700000", "comprehensiveIncomeNetOfTax": "131700000", "ebit": "133800000", "ebitda": "164500000", "netIncome": "115700000"}, {"fiscalDateEnding": "2019-09-30", "reportedCurrency": "USD", "grossProfit": "125100000", "totalRevenue": "796700000", "costOfRevenue": "671600000", "costofGoodsAndServicesSold": "487700000", "operatingIncome": "128700000", "sellingGeneralAndAdministrative": "185800000", "researchAndDevelopment": "None", "operatingExpenses": "185800000", "investmentIncomeNet": "None", "netInterestIncome": "-5500000", "interestIncome": "-5600000", "interestExpense": "5500000", "nonInterestIncome": "802200000", "otherNonOperatingIncome": "-1700000", "depreciation": "None", "depreciationAndAmortization": "27900000", "incomeBeforeTax": "123400000", "incomeTaxExpense": "16700000", "interestAndDebtExpense": "5500000", "netIncomeFromContinuingOperations": "106700000", "comprehensiveIncomeNetOfTax": "83100000", "ebit": "128900000", "ebitda": "156800000", "netIncome": "106700000"}, {"fiscalDateEnding": "2019-06-30", "reportedCurrency": "USD", "grossProfit": "128500000", "totalRevenue": "776600000", "costOfRevenue": "648100000", "costofGoodsAndServicesSold": "463600000", "operatingIncome": "131900000", "sellingGeneralAndAdministrative": "186500000", "researchAndDevelopment": "None", "operatingExpenses": "186500000", "investmentIncomeNet": "None", "netInterestIncome": "-5400000", "interestIncome": "-5600000", "interestExpense": "5400000", "nonInterestIncome": "782000000", "otherNonOperatingIncome": "-600000", "depreciation": "None", "depreciationAndAmortization": "27100000", "incomeBeforeTax": "127900000", "incomeTaxExpense": "23300000", "interestAndDebtExpense": "5400000", "netIncomeFromContinuingOperations": "104600000", "comprehensiveIncomeNetOfTax": "106200000", "ebit": "133300000", "ebitda": "160400000", "netIncome": "104600000"}, {"fiscalDateEnding": "2019-03-31", "reportedCurrency": "USD", "grossProfit": "66500000", "totalRevenue": "739800000", "costOfRevenue": "673300000", "costofGoodsAndServicesSold": "463900000", "operatingIncome": "97300000", "sellingGeneralAndAdministrative": "184000000", "researchAndDevelopment": "None", "operatingExpenses": "211600000", "investmentIncomeNet": "None", "netInterestIncome": "-5400000", "interestIncome": "None", "interestExpense": "5400000", "nonInterestIncome": "745200000", "otherNonOperatingIncome": "-1200000", "depreciation": "None", "depreciationAndAmortization": "27600000", "incomeBeforeTax": "92900000", "incomeTaxExpense": "17600000", "interestAndDebtExpense": "5400000", "netIncomeFromContinuingOperations": "75300000", "comprehensiveIncomeNetOfTax": "98700000", "ebit": "98300000", "ebitda": "125900000", "netIncome": "75300000"}, {"fiscalDateEnding": "2018-12-31", "reportedCurrency": "USD", "grossProfit": "114600000", "totalRevenue": "748400000", "costOfRevenue": "633800000", "costofGoodsAndServicesSold": "459600000", "operatingIncome": "111200000", "sellingGeneralAndAdministrative": "177600000", "researchAndDevelopment": "None", "operatingExpenses": "177600000", "investmentIncomeNet": "None", "netInterestIncome": "-9400000", "interestIncome": "None", "interestExpense": "9400000", "nonInterestIncome": "748400000", "otherNonOperatingIncome": "-1800000", "depreciation": "None", "depreciationAndAmortization": "29300000", "incomeBeforeTax": "107100000", "incomeTaxExpense": "16000000", "interestAndDebtExpense": "5700000", "netIncomeFromContinuingOperations": "91100000", "comprehensiveIncomeNetOfTax": "5500000", "ebit": "111200000", "ebitda": "145800000", "netIncome": "91100000"}, {"fiscalDateEnding": "2018-09-30", "reportedCurrency": "USD", "grossProfit": "102900000", "totalRevenue": "719300000", "costOfRevenue": "616400000", "costofGoodsAndServicesSold": "446200000", "operatingIncome": "105500000", "sellingGeneralAndAdministrative": "173600000", "researchAndDevelopment": "None", "operatingExpenses": "173600000", "investmentIncomeNet": "None", "netInterestIncome": "-6000000", "interestIncome": "None", "interestExpense": "6000000", "nonInterestIncome": "725300000", "otherNonOperatingIncome": "-2700000", "depreciation": "None", "depreciationAndAmortization": "27300000", "incomeBeforeTax": "100200000", "incomeTaxExpense": "9900000", "interestAndDebtExpense": "6000000", "netIncomeFromContinuingOperations": "90300000", "comprehensiveIncomeNetOfTax": "96800000", "ebit": "106200000", "ebitda": "133500000", "netIncome": "90300000"}, {"fiscalDateEnding": "2018-06-30", "reportedCurrency": "USD", "grossProfit": "114800000", "totalRevenue": "732500000", "costOfRevenue": "617700000", "costofGoodsAndServicesSold": "447000000", "operatingIncome": "111500000", "sellingGeneralAndAdministrative": "174000000", "researchAndDevelopment": "None", "operatingExpenses": "174000000", "investmentIncomeNet": "None", "netInterestIncome": "-6700000", "interestIncome": "None", "interestExpense": "6700000", "nonInterestIncome": "732500000", "otherNonOperatingIncome": "-3700000", "depreciation": "None", "depreciationAndAmortization": "27600000", "incomeBeforeTax": "104400000", "incomeTaxExpense": "18500000", "interestAndDebtExpense": "6700000", "netIncomeFromContinuingOperations": "85900000", "comprehensiveIncomeNetOfTax": "28800000", "ebit": "111100000", "ebitda": "138700000", "netIncome": "85900000"}, {"fiscalDateEnding": "2018-03-31", "reportedCurrency": "USD", "grossProfit": "91800000", "totalRevenue": "695600000", "costOfRevenue": "603800000", "costofGoodsAndServicesSold": "438200000", "operatingIncome": "88400000", "sellingGeneralAndAdministrative": "169000000", "researchAndDevelopment": "None", "operatingExpenses": "169000000", "investmentIncomeNet": "None", "netInterestIncome": "-7100000", "interestIncome": "None", "interestExpense": "7100000", "nonInterestIncome": "695600000", "otherNonOperatingIncome": "-2500000", "depreciation": "None", "depreciationAndAmortization": "28800000", "incomeBeforeTax": "82200000", "incomeTaxExpense": "15700000", "interestAndDebtExpense": "7100000", "netIncomeFromContinuingOperations": "66500000", "comprehensiveIncomeNetOfTax": "86400000", "ebit": "89300000", "ebitda": "118100000", "netIncome": "66500000"}, {"fiscalDateEnding": "2017-12-31", "reportedCurrency": "USD", "grossProfit": "98400000", "totalRevenue": "704400000", "costOfRevenue": "606000000", "costofGoodsAndServicesSold": "437200000", "operatingIncome": "94600000", "sellingGeneralAndAdministrative": "172600000", "researchAndDevelopment": "177700000", "operatingExpenses": "172100000", "investmentIncomeNet": "None", "netInterestIncome": "-10000000", "interestIncome": "None", "interestExpense": "10000000", "nonInterestIncome": "704400000", "otherNonOperatingIncome": "-2500000", "depreciation": "None", "depreciationAndAmortization": "25600000", "incomeBeforeTax": "88300000", "incomeTaxExpense": "20700000", "interestAndDebtExpense": "7600000", "netIncomeFromContinuingOperations": "67600000", "comprehensiveIncomeNetOfTax": "83100000", "ebit": "94600000", "ebitda": "123900000", "netIncome": "67600000"}, {"fiscalDateEnding": "2017-09-30", "reportedCurrency": "USD", "grossProfit": "92900000", "totalRevenue": "662200000", "costOfRevenue": "569300000", "costofGoodsAndServicesSold": "408600000", "operatingIncome": "89500000", "sellingGeneralAndAdministrative": "164100000", "researchAndDevelopment": "None", "operatingExpenses": "163500000", "investmentIncomeNet": "None", "netInterestIncome": "-8200000", "interestIncome": "None", "interestExpense": "8200000", "nonInterestIncome": "662200000", "otherNonOperatingIncome": "-3000000", "depreciation": "None", "depreciationAndAmortization": "31400000", "incomeBeforeTax": "81700000", "incomeTaxExpense": "12700000", "interestAndDebtExpense": "8200000", "netIncomeFromContinuingOperations": "69000000", "comprehensiveIncomeNetOfTax": "110900000", "ebit": "89900000", "ebitda": "121300000", "netIncome": "69000000"}, {"fiscalDateEnding": "2017-06-30", "reportedCurrency": "USD", "grossProfit": "86200000", "totalRevenue": "671100000", "costOfRevenue": "584900000", "costofGoodsAndServicesSold": "421200000", "operatingIncome": "82800000", "sellingGeneralAndAdministrative": "167100000", "researchAndDevelopment": "None", "operatingExpenses": "166600000", "investmentIncomeNet": "None", "netInterestIncome": "-9100000", "interestIncome": "None", "interestExpense": "9100000", "nonInterestIncome": "671100000", "otherNonOperatingIncome": "-700000", "depreciation": "None", "depreciationAndAmortization": "33200000", "incomeBeforeTax": "76400000", "incomeTaxExpense": "16300000", "interestAndDebtExpense": "9100000", "netIncomeFromContinuingOperations": "60100000", "comprehensiveIncomeNetOfTax": "117300000", "ebit": "85500000", "ebitda": "118700000", "netIncome": "60100000"}, {"fiscalDateEnding": "2017-03-31", "reportedCurrency": "USD", "grossProfit": "58100000", "totalRevenue": "566100000", "costOfRevenue": "508000000", "costofGoodsAndServicesSold": "357000000", "operatingIncome": "54800000", "sellingGeneralAndAdministrative": "154300000", "researchAndDevelopment": "None", "operatingExpenses": "153800000", "investmentIncomeNet": "None", "netInterestIncome": "-8200000", "interestIncome": "None", "interestExpense": "8200000", "nonInterestIncome": "566100000", "otherNonOperatingIncome": "-9300000", "depreciation": "None", "depreciationAndAmortization": "22800000", "incomeBeforeTax": "40600000", "incomeTaxExpense": "10100000", "interestAndDebtExpense": "8200000", "netIncomeFromContinuingOperations": "30500000", "comprehensiveIncomeNetOfTax": "37800000", "ebit": "48800000", "ebitda": "71600000", "netIncome": "30500000"}, {"fiscalDateEnding": "2016-12-31", "reportedCurrency": "USD", "grossProfit": "70500000", "totalRevenue": "552900000", "costOfRevenue": "482400000", "costofGoodsAndServicesSold": "340000000", "operatingIncome": "70500000", "sellingGeneralAndAdministrative": "142400000", "researchAndDevelopment": "167700000", "operatingExpenses": "142400000", "investmentIncomeNet": "None", "netInterestIncome": "-6400000", "interestIncome": "None", "interestExpense": "6400000", "nonInterestIncome": "0", "otherNonOperatingIncome": "-4400000", "depreciation": "None", "depreciationAndAmortization": "21700000", "incomeBeforeTax": "60100000", "incomeTaxExpense": "7100000", "interestAndDebtExpense": "6000000", "netIncomeFromContinuingOperations": "53000000", "comprehensiveIncomeNetOfTax": "-4000000", "ebit": "70500000", "ebitda": "88200000", "netIncome": "53000000"}]}