{"symbol": "TECH", "annualReports": [{"fiscalDateEnding": "2021-06-30", "reportedCurrency": "USD", "grossProfit": "632850000", "totalRevenue": "917080000", "costOfRevenue": "688073000", "costofGoodsAndServicesSold": "298182000", "operatingIncome": "237296000", "sellingGeneralAndAdministrative": "324951000", "researchAndDevelopment": "70603000", "operatingExpenses": "395554000", "investmentIncomeNet": "473000", "netInterestIncome": "-13952000", "interestIncome": "473000", "interestExpense": "13952000", "nonInterestIncome": "931032000", "otherNonOperatingIncome": "-75642000", "depreciation": "None", "depreciationAndAmortization": "64940000", "incomeBeforeTax": "149000000", "incomeTaxExpense": "8590000", "interestAndDebtExpense": "13952000", "netIncomeFromContinuingOperations": "139585000", "comprehensiveIncomeNetOfTax": "180318000", "ebit": "162952000", "ebitda": "227892000", "netIncome": "140410000"}, {"fiscalDateEnding": "2020-06-30", "reportedCurrency": "USD", "grossProfit": "483194000", "totalRevenue": "1458185000", "costOfRevenue": "577175000", "costofGoodsAndServicesSold": "255497000", "operatingIncome": "157419000", "sellingGeneralAndAdministrative": "260583000", "researchAndDevelopment": "65192000", "operatingExpenses": "325775000", "investmentIncomeNet": "605000", "netInterestIncome": "-19197000", "interestIncome": "605000", "interestExpense": "19197000", "nonInterestIncome": "1477382000", "otherNonOperatingIncome": "137650000", "depreciation": "None", "depreciationAndAmortization": "61095000", "incomeBeforeTax": "276477000", "incomeTaxExpense": "47181000", "interestAndDebtExpense": "19197000", "netIncomeFromContinuingOperations": "229296000", "comprehensiveIncomeNetOfTax": "215618000", "ebit": "295674000", "ebitda": "356769000", "netIncome": "229296000"}, {"fiscalDateEnding": "2019-06-30", "reportedCurrency": "USD", "grossProfit": "473491000", "totalRevenue": "692301000", "costOfRevenue": "563589000", "costofGoodsAndServicesSold": "240515000", "operatingIncome": "146719000", "sellingGeneralAndAdministrative": "264359000", "researchAndDevelopment": "62413000", "operatingExpenses": "326772000", "investmentIncomeNet": "569000", "netInterestIncome": "-21705000", "interestIncome": "569000", "interestExpense": "21705000", "nonInterestIncome": "714006000", "otherNonOperatingIncome": "-13568000", "depreciation": "None", "depreciationAndAmortization": "58715000", "incomeBeforeTax": "112015000", "incomeTaxExpense": "15943000", "interestAndDebtExpense": "21705000", "netIncomeFromContinuingOperations": "96073000", "comprehensiveIncomeNetOfTax": "82048000", "ebit": "133720000", "ebitda": "192435000", "netIncome": "96072000"}, {"fiscalDateEnding": "2018-06-30", "reportedCurrency": "USD", "grossProfit": "432143000", "totalRevenue": "632805000", "costOfRevenue": "498562000", "costofGoodsAndServicesSold": "210850000", "operatingIncome": "136178000", "sellingGeneralAndAdministrative": "240636000", "researchAndDevelopment": "55329000", "operatingExpenses": "295965000", "investmentIncomeNet": "409000", "netInterestIncome": "-10188000", "interestIncome": "409000", "interestExpense": "10188000", "nonInterestIncome": "642993000", "otherNonOperatingIncome": "-447000", "depreciation": "None", "depreciationAndAmortization": "47076000", "incomeBeforeTax": "125952000", "incomeTaxExpense": "-198000", "interestAndDebtExpense": "10188000", "netIncomeFromContinuingOperations": "126150000", "comprehensiveIncomeNetOfTax": "130271000", "ebit": "136140000", "ebitda": "183216000", "netIncome": "126150000"}, {"fiscalDateEnding": "2017-06-30", "reportedCurrency": "USD", "grossProfit": "374541000", "totalRevenue": "555642000", "costOfRevenue": "433298000", "costofGoodsAndServicesSold": "188462000", "operatingIncome": "120584000", "sellingGeneralAndAdministrative": "200443000", "researchAndDevelopment": "53514000", "operatingExpenses": "253957000", "investmentIncomeNet": "304000", "netInterestIncome": "-7361000", "interestIncome": "304000", "interestExpense": "7361000", "nonInterestIncome": "563003000", "otherNonOperatingIncome": "-1566000", "depreciation": "None", "depreciationAndAmortization": "44393000", "incomeBeforeTax": "111961000", "incomeTaxExpense": "35875000", "interestAndDebtExpense": "7361000", "netIncomeFromContinuingOperations": "76086000", "comprehensiveIncomeNetOfTax": "97556000", "ebit": "119322000", "ebitda": "163715000", "netIncome": "76086000"}], "quarterlyReports": [{"fiscalDateEnding": "2021-09-30", "reportedCurrency": "USD", "grossProfit": "170997000", "totalRevenue": "254310000", "costOfRevenue": "193234000", "costofGoodsAndServicesSold": "86722000", "operatingIncome": "63222000", "sellingGeneralAndAdministrative": "86175000", "researchAndDevelopment": "21600000", "operatingExpenses": "107775000", "investmentIncomeNet": "193000", "netInterestIncome": "-3409000", "interestIncome": "193000", "interestExpense": "3409000", "nonInterestIncome": "257719000", "otherNonOperatingIncome": "7377000", "depreciation": "None", "depreciationAndAmortization": "18606000", "incomeBeforeTax": "68017000", "incomeTaxExpense": "-1598000", "interestAndDebtExpense": "3409000", "netIncomeFromContinuingOperations": "68981000", "comprehensiveIncomeNetOfTax": "62690000", "ebit": "71426000", "ebitda": "90032000", "netIncome": "69615000"}, {"fiscalDateEnding": "2021-06-30", "reportedCurrency": "USD", "grossProfit": "175944000", "totalRevenue": "255737000", "costOfRevenue": "188428000", "costofGoodsAndServicesSold": "83084000", "operatingIncome": "68582000", "sellingGeneralAndAdministrative": "86641000", "researchAndDevelopment": "20721000", "operatingExpenses": "107362000", "investmentIncomeNet": "167000", "netInterestIncome": "-3291000", "interestIncome": "167000", "interestExpense": "3291000", "nonInterestIncome": "259028000", "otherNonOperatingIncome": "-58345000", "depreciation": "None", "depreciationAndAmortization": "18703000", "incomeBeforeTax": "7429000", "incomeTaxExpense": "-7531000", "interestAndDebtExpense": "3291000", "netIncomeFromContinuingOperations": "14644000", "comprehensiveIncomeNetOfTax": "21692000", "ebit": "10720000", "ebitda": "29423000", "netIncome": "14960000"}, {"fiscalDateEnding": "2021-03-31", "reportedCurrency": "USD", "grossProfit": "168274000", "totalRevenue": "240892000", "costOfRevenue": "157874000", "costofGoodsAndServicesSold": "75278000", "operatingIncome": "68626000", "sellingGeneralAndAdministrative": "82596000", "researchAndDevelopment": "17052000", "operatingExpenses": "99648000", "investmentIncomeNet": "114000", "netInterestIncome": "-2660000", "interestIncome": "114000", "interestExpense": "2660000", "nonInterestIncome": "243552000", "otherNonOperatingIncome": "-20726000", "depreciation": "None", "depreciationAndAmortization": "15433000", "incomeBeforeTax": "45734000", "incomeTaxExpense": "-48000", "interestAndDebtExpense": "2660000", "netIncomeFromContinuingOperations": "45402000", "comprehensiveIncomeNetOfTax": "45997000", "ebit": "48394000", "ebitda": "63827000", "netIncome": "45782000"}, {"fiscalDateEnding": "2020-12-31", "reportedCurrency": "USD", "grossProfit": "150900000", "totalRevenue": "220668000", "costOfRevenue": "156469000", "costofGoodsAndServicesSold": "73353000", "operatingIncome": "50995000", "sellingGeneralAndAdministrative": "83116000", "researchAndDevelopment": "16789000", "operatingExpenses": "99905000", "investmentIncomeNet": "78000", "netInterestIncome": "-3585000", "interestIncome": "78000", "interestExpense": "3585000", "nonInterestIncome": "224253000", "otherNonOperatingIncome": "8880000", "depreciation": "None", "depreciationAndAmortization": "15229000", "incomeBeforeTax": "56498000", "incomeTaxExpense": "10224000", "interestAndDebtExpense": "3585000", "netIncomeFromContinuingOperations": "46144000", "comprehensiveIncomeNetOfTax": "65178000", "ebit": "60083000", "ebitda": "75312000", "netIncome": "46274000"}, {"fiscalDateEnding": "2020-09-30", "reportedCurrency": "USD", "grossProfit": "137731000", "totalRevenue": "199783000", "costOfRevenue": "154641000", "costofGoodsAndServicesSold": "66468000", "operatingIncome": "49092000", "sellingGeneralAndAdministrative": "72598000", "researchAndDevelopment": "16041000", "operatingExpenses": "88639000", "investmentIncomeNet": "114000", "netInterestIncome": "-4416000", "interestIncome": "114000", "interestExpense": "4416000", "nonInterestIncome": "204199000", "otherNonOperatingIncome": "-5451000", "depreciation": "None", "depreciationAndAmortization": "15575000", "incomeBeforeTax": "39339000", "incomeTaxExpense": "5944000", "interestAndDebtExpense": "4416000", "netIncomeFromContinuingOperations": "33395000", "comprehensiveIncomeNetOfTax": "47452000", "ebit": "43755000", "ebitda": "59330000", "netIncome": "33395000"}, {"fiscalDateEnding": "2020-06-30", "reportedCurrency": "USD", "grossProfit": "113314000", "totalRevenue": "175834000", "costOfRevenue": "62520000", "costofGoodsAndServicesSold": "62520000", "operatingIncome": "39310000", "sellingGeneralAndAdministrative": "57225000", "researchAndDevelopment": "16779000", "operatingExpenses": "74004000", "investmentIncomeNet": "119000", "netInterestIncome": "-4617000", "interestIncome": "119000", "interestExpense": "4617000", "nonInterestIncome": "175834000", "otherNonOperatingIncome": "26713000", "depreciation": "None", "depreciationAndAmortization": "15470000", "incomeBeforeTax": "61527000", "incomeTaxExpense": "2680000", "interestAndDebtExpense": "4617000", "netIncomeFromContinuingOperations": "113314000", "comprehensiveIncomeNetOfTax": "65103000", "ebit": "66144000", "ebitda": "81614000", "netIncome": "58847000"}, {"fiscalDateEnding": "2020-03-31", "reportedCurrency": "USD", "grossProfit": "130063000", "totalRevenue": "190194000", "costOfRevenue": "130935000", "costofGoodsAndServicesSold": "64617000", "operatingIncome": "47791000", "sellingGeneralAndAdministrative": "66318000", "researchAndDevelopment": "15954000", "operatingExpenses": "82272000", "investmentIncomeNet": "144000", "netInterestIncome": "-4486000", "interestIncome": "144000", "interestExpense": "4486000", "nonInterestIncome": "194680000", "otherNonOperatingIncome": "3372000", "depreciation": "None", "depreciationAndAmortization": "15517000", "incomeBeforeTax": "46821000", "incomeTaxExpense": "10389000", "interestAndDebtExpense": "4486000", "netIncomeFromContinuingOperations": "36432000", "comprehensiveIncomeNetOfTax": "11327000", "ebit": "51307000", "ebitda": "66824000", "netIncome": "36432000"}, {"fiscalDateEnding": "2019-12-31", "reportedCurrency": "USD", "grossProfit": "121403000", "totalRevenue": "180062000", "costOfRevenue": "131561000", "costofGoodsAndServicesSold": "63531000", "operatingIncome": "36992000", "sellingGeneralAndAdministrative": "68030000", "researchAndDevelopment": "16381000", "operatingExpenses": "84411000", "investmentIncomeNet": "231000", "netInterestIncome": "-4872000", "interestIncome": "-4641000", "interestExpense": "4872000", "nonInterestIncome": "184934000", "otherNonOperatingIncome": "117975000", "depreciation": "None", "depreciationAndAmortization": "15159000", "incomeBeforeTax": "150326000", "incomeTaxExpense": "30704000", "interestAndDebtExpense": "4872000", "netIncomeFromContinuingOperations": "119622000", "comprehensiveIncomeNetOfTax": "132897000", "ebit": "155198000", "ebitda": "170357000", "netIncome": "119622000"}, {"fiscalDateEnding": "2019-09-30", "reportedCurrency": "USD", "grossProfit": "118414000", "totalRevenue": "178021000", "costOfRevenue": "148788000", "costofGoodsAndServicesSold": "64829000", "operatingIncome": "33327000", "sellingGeneralAndAdministrative": "69010000", "researchAndDevelopment": "16077000", "operatingExpenses": "85087000", "investmentIncomeNet": "111000", "netInterestIncome": "-5222000", "interestIncome": "111000", "interestExpense": "5222000", "nonInterestIncome": "183243000", "otherNonOperatingIncome": "-10410000", "depreciation": "None", "depreciationAndAmortization": "14949000", "incomeBeforeTax": "17806000", "incomeTaxExpense": "3408000", "interestAndDebtExpense": "5222000", "netIncomeFromContinuingOperations": "14398000", "comprehensiveIncomeNetOfTax": "6292000", "ebit": "23028000", "ebitda": "37977000", "netIncome": "14398000"}, {"fiscalDateEnding": "2019-06-30", "reportedCurrency": "USD", "grossProfit": "128260000", "totalRevenue": "191664000", "costOfRevenue": "63405000", "costofGoodsAndServicesSold": "63405000", "operatingIncome": "43264000", "sellingGeneralAndAdministrative": "68737000", "researchAndDevelopment": "16259000", "operatingExpenses": "84996000", "investmentIncomeNet": "270000", "netInterestIncome": "-5595000", "interestIncome": "270000", "interestExpense": "5595000", "nonInterestIncome": "191664000", "otherNonOperatingIncome": "-15153000", "depreciation": "None", "depreciationAndAmortization": "14918000", "incomeBeforeTax": "22785000", "incomeTaxExpense": "6326000", "interestAndDebtExpense": "5595000", "netIncomeFromContinuingOperations": "128259000", "comprehensiveIncomeNetOfTax": "12573000", "ebit": "28380000", "ebitda": "43298000", "netIncome": "16459000"}, {"fiscalDateEnding": "2019-03-31", "reportedCurrency": "USD", "grossProfit": "124610000", "totalRevenue": "179748000", "costOfRevenue": "125219000", "costofGoodsAndServicesSold": "60251000", "operatingIncome": "44090000", "sellingGeneralAndAdministrative": "64968000", "researchAndDevelopment": "15552000", "operatingExpenses": "80520000", "investmentIncomeNet": "84000", "netInterestIncome": "-5113000", "interestIncome": "-5029000", "interestExpense": "5113000", "nonInterestIncome": "184861000", "otherNonOperatingIncome": "10816000", "depreciation": "None", "depreciationAndAmortization": "14443000", "incomeBeforeTax": "49877000", "incomeTaxExpense": "5223000", "interestAndDebtExpense": "5113000", "netIncomeFromContinuingOperations": "44654000", "comprehensiveIncomeNetOfTax": "48032000", "ebit": "54990000", "ebitda": "69433000", "netIncome": "44654000"}, {"fiscalDateEnding": "2018-12-31", "reportedCurrency": "USD", "grossProfit": "113018000", "totalRevenue": "168751000", "costOfRevenue": "125095000", "costofGoodsAndServicesSold": "61492000", "operatingIncome": "33603000", "sellingGeneralAndAdministrative": "63603000", "researchAndDevelopment": "15812000", "operatingExpenses": "79415000", "investmentIncomeNet": "114000", "netInterestIncome": "-5759000", "interestIncome": "None", "interestExpense": "5759000", "nonInterestIncome": "174510000", "otherNonOperatingIncome": "-6191000", "depreciation": "None", "depreciationAndAmortization": "15041000", "incomeBeforeTax": "21767000", "incomeTaxExpense": "4211000", "interestAndDebtExpense": "5759000", "netIncomeFromContinuingOperations": "17556000", "comprehensiveIncomeNetOfTax": "5177000", "ebit": "27526000", "ebitda": "42567000", "netIncome": "17556000"}, {"fiscalDateEnding": "2018-09-30", "reportedCurrency": "USD", "grossProfit": "107603000", "totalRevenue": "157731000", "costOfRevenue": "136731000", "costofGoodsAndServicesSold": "55367000", "operatingIncome": "25763000", "sellingGeneralAndAdministrative": "67051000", "researchAndDevelopment": "14789000", "operatingExpenses": "81840000", "investmentIncomeNet": "102000", "netInterestIncome": "-5239000", "interestIncome": "None", "interestExpense": "5239000", "nonInterestIncome": "162970000", "otherNonOperatingIncome": "-3040000", "depreciation": "None", "depreciationAndAmortization": "14313000", "incomeBeforeTax": "17586000", "incomeTaxExpense": "183000", "interestAndDebtExpense": "5239000", "netIncomeFromContinuingOperations": "17403000", "comprehensiveIncomeNetOfTax": "16267000", "ebit": "22825000", "ebitda": "37138000", "netIncome": "17403000"}, {"fiscalDateEnding": "2018-06-30", "reportedCurrency": "USD", "grossProfit": "122181000", "totalRevenue": "180254000", "costOfRevenue": "58074000", "costofGoodsAndServicesSold": "58074000", "operatingIncome": "42915000", "sellingGeneralAndAdministrative": "65287000", "researchAndDevelopment": "13979000", "operatingExpenses": "79266000", "investmentIncomeNet": "102000", "netInterestIncome": "-3053000", "interestIncome": "None", "interestExpense": "3053000", "nonInterestIncome": "180254000", "otherNonOperatingIncome": "60000", "depreciation": "None", "depreciationAndAmortization": "12465000", "incomeBeforeTax": "56270000", "incomeTaxExpense": "14569000", "interestAndDebtExpense": "3053000", "netIncomeFromContinuingOperations": "122180000", "comprehensiveIncomeNetOfTax": "12749000", "ebit": "59323000", "ebitda": "71788000", "netIncome": "41701000"}, {"fiscalDateEnding": "2018-03-31", "reportedCurrency": "USD", "grossProfit": "110261000", "totalRevenue": "161413000", "costOfRevenue": "123243000", "costofGoodsAndServicesSold": "53712000", "operatingIncome": "43084000", "sellingGeneralAndAdministrative": "53285000", "researchAndDevelopment": "13892000", "operatingExpenses": "67177000", "investmentIncomeNet": "162000", "netInterestIncome": "-2560000", "interestIncome": "None", "interestExpense": "2560000", "nonInterestIncome": "163973000", "otherNonOperatingIncome": "542000", "depreciation": "None", "depreciationAndAmortization": "11936000", "incomeBeforeTax": "24982000", "incomeTaxExpense": "5244000", "interestAndDebtExpense": "2560000", "netIncomeFromContinuingOperations": "19738000", "comprehensiveIncomeNetOfTax": "60694000", "ebit": "27542000", "ebitda": "39478000", "netIncome": "19738000"}, {"fiscalDateEnding": "2017-12-31", "reportedCurrency": "USD", "grossProfit": "101834000", "totalRevenue": "151822000", "costOfRevenue": "116094000", "costofGoodsAndServicesSold": "52319000", "operatingIncome": "24148000", "sellingGeneralAndAdministrative": "63775000", "researchAndDevelopment": "13911000", "operatingExpenses": "77686000", "investmentIncomeNet": "68000", "netInterestIncome": "-2331000", "interestIncome": "None", "interestExpense": "2331000", "nonInterestIncome": "154153000", "otherNonOperatingIncome": "-154000", "depreciation": "None", "depreciationAndAmortization": "11296000", "incomeBeforeTax": "21731000", "incomeTaxExpense": "-27116000", "interestAndDebtExpense": "2331000", "netIncomeFromContinuingOperations": "48847000", "comprehensiveIncomeNetOfTax": "41789000", "ebit": "24062000", "ebitda": "35358000", "netIncome": "48847000"}, {"fiscalDateEnding": "2017-09-30", "reportedCurrency": "USD", "grossProfit": "97868000", "totalRevenue": "142370000", "costOfRevenue": "116413000", "costofGoodsAndServicesSold": "46745000", "operatingIncome": "26031000", "sellingGeneralAndAdministrative": "58289000", "researchAndDevelopment": "13548000", "operatingExpenses": "71837000", "investmentIncomeNet": "76000", "netInterestIncome": "-2243000", "interestIncome": "None", "interestExpense": "2243000", "nonInterestIncome": "144613000", "otherNonOperatingIncome": "-897000", "depreciation": "None", "depreciationAndAmortization": "11379000", "incomeBeforeTax": "22967000", "incomeTaxExpense": "7104000", "interestAndDebtExpense": "2243000", "netIncomeFromContinuingOperations": "15863000", "comprehensiveIncomeNetOfTax": "15039000", "ebit": "25210000", "ebitda": "36589000", "netIncome": "15863000"}, {"fiscalDateEnding": "2017-06-30", "reportedCurrency": "USD", "grossProfit": "102372000", "totalRevenue": "156578000", "costOfRevenue": "54207000", "costofGoodsAndServicesSold": "54207000", "operatingIncome": "40046000", "sellingGeneralAndAdministrative": "48629000", "researchAndDevelopment": "13697000", "operatingExpenses": "62326000", "investmentIncomeNet": "93000", "netInterestIncome": "-2160000", "interestIncome": "-229000", "interestExpense": "1931000", "nonInterestIncome": "156578000", "otherNonOperatingIncome": "-360000", "depreciation": "None", "depreciationAndAmortization": "10889000", "incomeBeforeTax": "18135000", "incomeTaxExpense": "-9474000", "interestAndDebtExpense": "2160000", "netIncomeFromContinuingOperations": "102371000", "comprehensiveIncomeNetOfTax": "43969000", "ebit": "40046000", "ebitda": "30955000", "netIncome": "27609000"}, {"fiscalDateEnding": "2017-03-31", "reportedCurrency": "USD", "grossProfit": "96682000", "totalRevenue": "142015000", "costOfRevenue": "100652000", "costofGoodsAndServicesSold": "47355000", "operatingIncome": "33502000", "sellingGeneralAndAdministrative": "49409000", "researchAndDevelopment": "13771000", "operatingExpenses": "63180000", "investmentIncomeNet": "73000", "netInterestIncome": "-2022000", "interestIncome": "86000", "interestExpense": "2108000", "nonInterestIncome": "144037000", "otherNonOperatingIncome": "-326000", "depreciation": "None", "depreciationAndAmortization": "11689000", "incomeBeforeTax": "31141000", "incomeTaxExpense": "8974000", "interestAndDebtExpense": "2022000", "netIncomeFromContinuingOperations": "21389000", "comprehensiveIncomeNetOfTax": "24092000", "ebit": "33249000", "ebitda": "44938000", "netIncome": "22167000"}, {"fiscalDateEnding": "2016-12-31", "reportedCurrency": "USD", "grossProfit": "88143000", "totalRevenue": "129972000", "costOfRevenue": "113112000", "costofGoodsAndServicesSold": "43664000", "operatingIncome": "17881000", "sellingGeneralAndAdministrative": "56981000", "researchAndDevelopment": "13281000", "operatingExpenses": "70262000", "investmentIncomeNet": "89000", "netInterestIncome": "-1835000", "interestIncome": "86000", "interestExpense": "1921000", "nonInterestIncome": "131807000", "otherNonOperatingIncome": "-861000", "depreciation": "None", "depreciationAndAmortization": "11627000", "incomeBeforeTax": "15188000", "incomeTaxExpense": "7721000", "interestAndDebtExpense": "1835000", "netIncomeFromContinuingOperations": "6313000", "comprehensiveIncomeNetOfTax": "4179000", "ebit": "17109000", "ebitda": "28736000", "netIncome": "7467000"}]}