{"symbol": "TEL", "annualReports": [{"fiscalDateEnding": "2021-09-30", "reportedCurrency": "USD", "grossProfit": "4887000000", "totalRevenue": "14867000000", "costOfRevenue": "11949000000", "costofGoodsAndServicesSold": "10036000000", "operatingIncome": "2434000000", "sellingGeneralAndAdministrative": "1512000000", "researchAndDevelopment": "612000000", "operatingExpenses": "2525000000", "investmentIncomeNet": "None", "netInterestIncome": "-56000000", "interestIncome": "17000000", "interestExpense": "56000000", "nonInterestIncome": "14923000000", "otherNonOperatingIncome": "-17000000", "depreciation": "576000000", "depreciationAndAmortization": "193000000", "incomeBeforeTax": "2384000000", "incomeTaxExpense": "123000000", "interestAndDebtExpense": "56000000", "netIncomeFromContinuingOperations": "2255000000", "comprehensiveIncomeNetOfTax": "2538000000", "ebit": "2440000000", "ebitda": "2633000000", "netIncome": "2261000000"}, {"fiscalDateEnding": "2020-09-30", "reportedCurrency": "USD", "grossProfit": "3735000000", "totalRevenue": "12124000000", "costOfRevenue": "11168000000", "costofGoodsAndServicesSold": "8437000000", "operatingIncome": "537000000", "sellingGeneralAndAdministrative": "1392000000", "researchAndDevelopment": "539000000", "operatingExpenses": "3270000000", "investmentIncomeNet": "None", "netInterestIncome": "-48000000", "interestIncome": "-33000000", "interestExpense": "48000000", "nonInterestIncome": "12172000000", "otherNonOperatingIncome": "20000000", "depreciation": "529000000", "depreciationAndAmortization": "182000000", "incomeBeforeTax": "542000000", "incomeTaxExpense": "783000000", "interestAndDebtExpense": "48000000", "netIncomeFromContinuingOperations": "-259000000", "comprehensiveIncomeNetOfTax": "-183000000", "ebit": "590000000", "ebitda": "772000000", "netIncome": "-241000000"}, {"fiscalDateEnding": "2019-09-30", "reportedCurrency": "USD", "grossProfit": "4394000000", "totalRevenue": "13380000000", "costOfRevenue": "10979000000", "costofGoodsAndServicesSold": "9054000000", "operatingIncome": "1978000000", "sellingGeneralAndAdministrative": "1490000000", "researchAndDevelopment": "572000000", "operatingExpenses": "2497000000", "investmentIncomeNet": "None", "netInterestIncome": "-68000000", "interestIncome": "19000000", "interestExpense": "68000000", "nonInterestIncome": "13448000000", "otherNonOperatingIncome": "2000000", "depreciation": "510000000", "depreciationAndAmortization": "180000000", "incomeBeforeTax": "1829000000", "incomeTaxExpense": "-15000000", "interestAndDebtExpense": "68000000", "netIncomeFromContinuingOperations": "1946000000", "comprehensiveIncomeNetOfTax": "1647000000", "ebit": "1897000000", "ebitda": "2077000000", "netIncome": "1844000000"}, {"fiscalDateEnding": "2018-09-30", "reportedCurrency": "USD", "grossProfit": "4745000000", "totalRevenue": "13881000000", "costOfRevenue": "11157000000", "costofGoodsAndServicesSold": "9243000000", "operatingIncome": "2331000000", "sellingGeneralAndAdministrative": "1594000000", "researchAndDevelopment": "606000000", "operatingExpenses": "2520000000", "investmentIncomeNet": "None", "netInterestIncome": "-107000000", "interestIncome": "-92000000", "interestExpense": "107000000", "nonInterestIncome": "13988000000", "otherNonOperatingIncome": "1000000", "depreciation": "487000000", "depreciationAndAmortization": "180000000", "incomeBeforeTax": "2221000000", "incomeTaxExpense": "-344000000", "interestAndDebtExpense": "107000000", "netIncomeFromContinuingOperations": "2584000000", "comprehensiveIncomeNetOfTax": "2457000000", "ebit": "2328000000", "ebitda": "2508000000", "netIncome": "2565000000"}, {"fiscalDateEnding": "2017-09-30", "reportedCurrency": "USD", "grossProfit": "4183000000", "totalRevenue": "12983000000", "costOfRevenue": "10570000000", "costofGoodsAndServicesSold": "8002000000", "operatingIncome": "1876000000", "sellingGeneralAndAdministrative": "1543000000", "researchAndDevelopment": "548000000", "operatingExpenses": "2502000000", "investmentIncomeNet": "None", "netInterestIncome": "-130000000", "interestIncome": "20000000", "interestExpense": "130000000", "nonInterestIncome": "12185000000", "otherNonOperatingIncome": "-42000000", "depreciation": "442000000", "depreciationAndAmortization": "169000000", "incomeBeforeTax": "1863000000", "incomeTaxExpense": "180000000", "interestAndDebtExpense": "130000000", "netIncomeFromContinuingOperations": "1540000000", "comprehensiveIncomeNetOfTax": "2065000000", "ebit": "1993000000", "ebitda": "2162000000", "netIncome": "1683000000"}], "quarterlyReports": [{"fiscalDateEnding": "2021-09-30", "reportedCurrency": "USD", "grossProfit": "1263000000", "totalRevenue": "3804000000", "costOfRevenue": "3026000000", "costofGoodsAndServicesSold": "2555000000", "operatingIncome": "660000000", "sellingGeneralAndAdministrative": "384000000", "researchAndDevelopment": "173000000", "operatingExpenses": "1083000000", "investmentIncomeNet": "None", "netInterestIncome": "-14000000", "interestIncome": "3000000", "interestExpense": "14000000", "nonInterestIncome": "3818000000", "otherNonOperatingIncome": "-22000000", "depreciation": "None", "depreciationAndAmortization": "49000000", "incomeBeforeTax": "627000000", "incomeTaxExpense": "-167000000", "interestAndDebtExpense": "14000000", "netIncomeFromContinuingOperations": "794000000", "comprehensiveIncomeNetOfTax": "842000000", "ebit": "641000000", "ebitda": "690000000", "netIncome": "794000000"}, {"fiscalDateEnding": "2021-06-30", "reportedCurrency": "USD", "grossProfit": "1268000000", "totalRevenue": "3831000000", "costOfRevenue": "3001000000", "costofGoodsAndServicesSold": "2577000000", "operatingIncome": "714000000", "sellingGeneralAndAdministrative": "366000000", "researchAndDevelopment": "168000000", "operatingExpenses": "424000000", "investmentIncomeNet": "None", "netInterestIncome": "-14000000", "interestIncome": "-11000000", "interestExpense": "14000000", "nonInterestIncome": "3845000000", "otherNonOperatingIncome": "2000000", "depreciation": "None", "depreciationAndAmortization": "48000000", "incomeBeforeTax": "704000000", "incomeTaxExpense": "124000000", "interestAndDebtExpense": "14000000", "netIncomeFromContinuingOperations": "581000000", "comprehensiveIncomeNetOfTax": "610000000", "ebit": "718000000", "ebitda": "766000000", "netIncome": "580000000"}, {"fiscalDateEnding": "2021-03-31", "reportedCurrency": "USD", "grossProfit": "1210000000", "totalRevenue": "3725000000", "costOfRevenue": "2988000000", "costofGoodsAndServicesSold": "2528000000", "operatingIncome": "612000000", "sellingGeneralAndAdministrative": "401000000", "researchAndDevelopment": "174000000", "operatingExpenses": "460000000", "investmentIncomeNet": "None", "netInterestIncome": "-13000000", "interestIncome": "8000000", "interestExpense": "13000000", "nonInterestIncome": "3738000000", "otherNonOperatingIncome": "4000000", "depreciation": "None", "depreciationAndAmortization": "48000000", "incomeBeforeTax": "612000000", "incomeTaxExpense": "106000000", "interestAndDebtExpense": "13000000", "netIncomeFromContinuingOperations": "505000000", "comprehensiveIncomeNetOfTax": "565000000", "ebit": "625000000", "ebitda": "673000000", "netIncome": "506000000"}, {"fiscalDateEnding": "2020-12-31", "reportedCurrency": "USD", "grossProfit": "1146000000", "totalRevenue": "3507000000", "costOfRevenue": "2934000000", "costofGoodsAndServicesSold": "2376000000", "operatingIncome": "448000000", "sellingGeneralAndAdministrative": "361000000", "researchAndDevelopment": "162000000", "operatingExpenses": "558000000", "investmentIncomeNet": "None", "netInterestIncome": "-15000000", "interestIncome": "3000000", "interestExpense": "15000000", "nonInterestIncome": "3522000000", "otherNonOperatingIncome": "-1000000", "depreciation": "None", "depreciationAndAmortization": "48000000", "incomeBeforeTax": "441000000", "incomeTaxExpense": "60000000", "interestAndDebtExpense": "15000000", "netIncomeFromContinuingOperations": "375000000", "comprehensiveIncomeNetOfTax": "521000000", "ebit": "456000000", "ebitda": "504000000", "netIncome": "381000000"}, {"fiscalDateEnding": "2020-09-30", "reportedCurrency": "USD", "grossProfit": "969000000", "totalRevenue": "3261000000", "costOfRevenue": "2802000000", "costofGoodsAndServicesSold": "2292000000", "operatingIncome": "347000000", "sellingGeneralAndAdministrative": "352000000", "researchAndDevelopment": "148000000", "operatingExpenses": "1049000000", "investmentIncomeNet": "None", "netInterestIncome": "-12000000", "interestIncome": "-10000000", "interestExpense": "12000000", "nonInterestIncome": "3261000000", "otherNonOperatingIncome": "0", "depreciation": "None", "depreciationAndAmortization": "45000000", "incomeBeforeTax": "339000000", "incomeTaxExpense": "109000000", "interestAndDebtExpense": "12000000", "netIncomeFromContinuingOperations": "228000000", "comprehensiveIncomeNetOfTax": "294000000", "ebit": "351000000", "ebitda": "396000000", "netIncome": "230000000"}, {"fiscalDateEnding": "2020-06-30", "reportedCurrency": "USD", "grossProfit": "707000000", "totalRevenue": "2535000000", "costOfRevenue": "2306000000", "costofGoodsAndServicesSold": "1841000000", "operatingIncome": "134000000", "sellingGeneralAndAdministrative": "321000000", "researchAndDevelopment": "146000000", "operatingExpenses": "465000000", "investmentIncomeNet": "None", "netInterestIncome": "-13000000", "interestIncome": "2000000", "interestExpense": "13000000", "nonInterestIncome": "2548000000", "otherNonOperatingIncome": "4000000", "depreciation": "None", "depreciationAndAmortization": "46000000", "incomeBeforeTax": "144000000", "incomeTaxExpense": "185000000", "interestAndDebtExpense": "13000000", "netIncomeFromContinuingOperations": "-58000000", "comprehensiveIncomeNetOfTax": "21000000", "ebit": "157000000", "ebitda": "203000000", "netIncome": "-41000000"}, {"fiscalDateEnding": "2020-03-31", "reportedCurrency": "USD", "grossProfit": "1029000000", "totalRevenue": "3184000000", "costOfRevenue": "3486000000", "costofGoodsAndServicesSold": "2166000000", "operatingIncome": "-415000000", "sellingGeneralAndAdministrative": "352000000", "researchAndDevelopment": "158000000", "operatingExpenses": "1320000000", "investmentIncomeNet": "None", "netInterestIncome": "-11000000", "interestIncome": "5000000", "interestExpense": "11000000", "nonInterestIncome": "3195000000", "otherNonOperatingIncome": "11000000", "depreciation": "None", "depreciationAndAmortization": "46000000", "incomeBeforeTax": "-414000000", "incomeTaxExpense": "42000000", "interestAndDebtExpense": "11000000", "netIncomeFromContinuingOperations": "-452000000", "comprehensiveIncomeNetOfTax": "-613000000", "ebit": "-403000000", "ebitda": "-357000000", "netIncome": "-456000000"}, {"fiscalDateEnding": "2019-12-31", "reportedCurrency": "USD", "grossProfit": "1030000000", "totalRevenue": "3156000000", "costOfRevenue": "2574000000", "costofGoodsAndServicesSold": "2138000000", "operatingIncome": "471000000", "sellingGeneralAndAdministrative": "367000000", "researchAndDevelopment": "161000000", "operatingExpenses": "436000000", "investmentIncomeNet": "None", "netInterestIncome": "-12000000", "interestIncome": "6000000", "interestExpense": "12000000", "nonInterestIncome": "3168000000", "otherNonOperatingIncome": "5000000", "depreciation": "None", "depreciationAndAmortization": "45000000", "incomeBeforeTax": "473000000", "incomeTaxExpense": "447000000", "interestAndDebtExpense": "12000000", "netIncomeFromContinuingOperations": "23000000", "comprehensiveIncomeNetOfTax": "115000000", "ebit": "485000000", "ebitda": "530000000", "netIncome": "26000000"}, {"fiscalDateEnding": "2019-09-30", "reportedCurrency": "USD", "grossProfit": "1052000000", "totalRevenue": "3300000000", "costOfRevenue": "2736000000", "costofGoodsAndServicesSold": "2248000000", "operatingIncome": "444000000", "sellingGeneralAndAdministrative": "372000000", "researchAndDevelopment": "159000000", "operatingExpenses": "1060000000", "investmentIncomeNet": "None", "netInterestIncome": "-13000000", "interestIncome": "6000000", "interestExpense": "13000000", "nonInterestIncome": "3300000000", "otherNonOperatingIncome": "0", "depreciation": "None", "depreciationAndAmortization": "45000000", "incomeBeforeTax": "433000000", "incomeTaxExpense": "61000000", "interestAndDebtExpense": "13000000", "netIncomeFromContinuingOperations": "376000000", "comprehensiveIncomeNetOfTax": "70000000", "ebit": "446000000", "ebitda": "491000000", "netIncome": "372000000"}, {"fiscalDateEnding": "2019-06-30", "reportedCurrency": "USD", "grossProfit": "1110000000", "totalRevenue": "3376000000", "costOfRevenue": "2747000000", "costofGoodsAndServicesSold": "2279000000", "operatingIncome": "520000000", "sellingGeneralAndAdministrative": "356000000", "researchAndDevelopment": "158000000", "operatingExpenses": "468000000", "investmentIncomeNet": "None", "netInterestIncome": "-13000000", "interestIncome": "4000000", "interestExpense": "13000000", "nonInterestIncome": "3389000000", "otherNonOperatingIncome": "2000000", "depreciation": "None", "depreciationAndAmortization": "45000000", "incomeBeforeTax": "512000000", "incomeTaxExpense": "-245000000", "interestAndDebtExpense": "13000000", "netIncomeFromContinuingOperations": "758000000", "comprehensiveIncomeNetOfTax": "716000000", "ebit": "525000000", "ebitda": "570000000", "netIncome": "757000000"}, {"fiscalDateEnding": "2019-03-31", "reportedCurrency": "USD", "grossProfit": "1118000000", "totalRevenue": "3397000000", "costOfRevenue": "2754000000", "costofGoodsAndServicesSold": "2294000000", "operatingIncome": "530000000", "sellingGeneralAndAdministrative": "373000000", "researchAndDevelopment": "166000000", "operatingExpenses": "460000000", "investmentIncomeNet": "None", "netInterestIncome": "-15000000", "interestIncome": "4000000", "interestExpense": "15000000", "nonInterestIncome": "3412000000", "otherNonOperatingIncome": "1000000", "depreciation": "None", "depreciationAndAmortization": "45000000", "incomeBeforeTax": "530000000", "incomeTaxExpense": "91000000", "interestAndDebtExpense": "15000000", "netIncomeFromContinuingOperations": "429000000", "comprehensiveIncomeNetOfTax": "536000000", "ebit": "545000000", "ebitda": "590000000", "netIncome": "439000000"}, {"fiscalDateEnding": "2018-12-31", "reportedCurrency": "USD", "grossProfit": "1114000000", "totalRevenue": "3320000000", "costOfRevenue": "2742000000", "costofGoodsAndServicesSold": "2233000000", "operatingIncome": "484000000", "sellingGeneralAndAdministrative": "389000000", "researchAndDevelopment": "161000000", "operatingExpenses": "509000000", "investmentIncomeNet": "None", "netInterestIncome": "-27000000", "interestIncome": "None", "interestExpense": "27000000", "nonInterestIncome": "3347000000", "otherNonOperatingIncome": "-1000000", "depreciation": "None", "depreciationAndAmortization": "45000000", "incomeBeforeTax": "354000000", "incomeTaxExpense": "78000000", "interestAndDebtExpense": "27000000", "netIncomeFromContinuingOperations": "383000000", "comprehensiveIncomeNetOfTax": "325000000", "ebit": "381000000", "ebitda": "426000000", "netIncome": "276000000"}, {"fiscalDateEnding": "2018-09-30", "reportedCurrency": "USD", "grossProfit": "1182000000", "totalRevenue": "3509000000", "costOfRevenue": "2330000000", "costofGoodsAndServicesSold": "2327000000", "operatingIncome": "570000000", "sellingGeneralAndAdministrative": "414000000", "researchAndDevelopment": "141000000", "operatingExpenses": "1045000000", "investmentIncomeNet": "None", "netInterestIncome": "-27000000", "interestIncome": "None", "interestExpense": "27000000", "nonInterestIncome": "3509000000", "otherNonOperatingIncome": "-1000000", "depreciation": "None", "depreciationAndAmortization": "45000000", "incomeBeforeTax": "533000000", "incomeTaxExpense": "-1128000000", "interestAndDebtExpense": "27000000", "netIncomeFromContinuingOperations": "1674000000", "comprehensiveIncomeNetOfTax": "1654000000", "ebit": "560000000", "ebitda": "605000000", "netIncome": "1661000000"}, {"fiscalDateEnding": "2018-06-30", "reportedCurrency": "USD", "grossProfit": "1187000000", "totalRevenue": "3739000000", "costOfRevenue": "3076000000", "costofGoodsAndServicesSold": "2394000000", "operatingIncome": "554000000", "sellingGeneralAndAdministrative": "394000000", "researchAndDevelopment": "181000000", "operatingExpenses": "529000000", "investmentIncomeNet": "None", "netInterestIncome": "-25000000", "interestIncome": "1000000", "interestExpense": "26000000", "nonInterestIncome": "3581000000", "otherNonOperatingIncome": "-1000000", "depreciation": "None", "depreciationAndAmortization": "45000000", "incomeBeforeTax": "531000000", "incomeTaxExpense": "77000000", "interestAndDebtExpense": "25000000", "netIncomeFromContinuingOperations": "453000000", "comprehensiveIncomeNetOfTax": "204000000", "ebit": "557000000", "ebitda": "602000000", "netIncome": "454000000"}, {"fiscalDateEnding": "2018-03-31", "reportedCurrency": "USD", "grossProfit": "1212000000", "totalRevenue": "3716000000", "costOfRevenue": "2985000000", "costofGoodsAndServicesSold": "2350000000", "operatingIncome": "621000000", "sellingGeneralAndAdministrative": "409000000", "researchAndDevelopment": "173000000", "operatingExpenses": "483000000", "investmentIncomeNet": "None", "netInterestIncome": "-29000000", "interestIncome": "-1000000", "interestExpense": "28000000", "nonInterestIncome": "3562000000", "otherNonOperatingIncome": "1000000", "depreciation": "None", "depreciationAndAmortization": "45000000", "incomeBeforeTax": "598000000", "incomeTaxExpense": "108000000", "interestAndDebtExpense": "29000000", "netIncomeFromContinuingOperations": "490000000", "comprehensiveIncomeNetOfTax": "563000000", "ebit": "626000000", "ebitda": "671000000", "netIncome": "490000000"}, {"fiscalDateEnding": "2017-12-31", "reportedCurrency": "USD", "grossProfit": "1164000000", "totalRevenue": "3454000000", "costOfRevenue": "2766000000", "costofGoodsAndServicesSold": "2172000000", "operatingIncome": "586000000", "sellingGeneralAndAdministrative": "377000000", "researchAndDevelopment": "165000000", "operatingExpenses": "463000000", "investmentIncomeNet": "None", "netInterestIncome": "-26000000", "interestIncome": "None", "interestExpense": "26000000", "nonInterestIncome": "3336000000", "otherNonOperatingIncome": "2000000", "depreciation": "None", "depreciationAndAmortization": "45000000", "incomeBeforeTax": "559000000", "incomeTaxExpense": "599000000", "interestAndDebtExpense": "26000000", "netIncomeFromContinuingOperations": "-33000000", "comprehensiveIncomeNetOfTax": "36000000", "ebit": "585000000", "ebitda": "630000000", "netIncome": "-40000000"}, {"fiscalDateEnding": "2017-09-30", "reportedCurrency": "USD", "grossProfit": "1067000000", "totalRevenue": "3456000000", "costOfRevenue": "2778000000", "costofGoodsAndServicesSold": "1662000000", "operatingIncome": "356000000", "sellingGeneralAndAdministrative": "361000000", "researchAndDevelopment": "126000000", "operatingExpenses": "1056000000", "investmentIncomeNet": "None", "netInterestIncome": "-35000000", "interestIncome": "None", "interestExpense": "35000000", "nonInterestIncome": "None", "otherNonOperatingIncome": "-11000000", "depreciation": "None", "depreciationAndAmortization": "43000000", "incomeBeforeTax": "450000000", "incomeTaxExpense": "16000000", "interestAndDebtExpense": "35000000", "netIncomeFromContinuingOperations": "389000000", "comprehensiveIncomeNetOfTax": "780000000", "ebit": "485000000", "ebitda": "528000000", "netIncome": "434000000"}, {"fiscalDateEnding": "2017-06-30", "reportedCurrency": "USD", "grossProfit": "1060000000", "totalRevenue": "3335000000", "costOfRevenue": "2703000000", "costofGoodsAndServicesSold": "2227000000", "operatingIncome": "544000000", "sellingGeneralAndAdministrative": "408000000", "researchAndDevelopment": "168000000", "operatingExpenses": "474000000", "investmentIncomeNet": "None", "netInterestIncome": "-32000000", "interestIncome": "None", "interestExpense": "32000000", "nonInterestIncome": "None", "otherNonOperatingIncome": "-12000000", "depreciation": "None", "depreciationAndAmortization": "43000000", "incomeBeforeTax": "506000000", "incomeTaxExpense": "71000000", "interestAndDebtExpense": "32000000", "netIncomeFromContinuingOperations": "390000000", "comprehensiveIncomeNetOfTax": "513000000", "ebit": "538000000", "ebitda": "581000000", "netIncome": "435000000"}, {"fiscalDateEnding": "2017-03-31", "reportedCurrency": "USD", "grossProfit": "1041000000", "totalRevenue": "3195000000", "costOfRevenue": "2631000000", "costofGoodsAndServicesSold": "2117000000", "operatingIncome": "481000000", "sellingGeneralAndAdministrative": "407000000", "researchAndDevelopment": "161000000", "operatingExpenses": "512000000", "investmentIncomeNet": "None", "netInterestIncome": "-32000000", "interestIncome": "None", "interestExpense": "32000000", "nonInterestIncome": "None", "otherNonOperatingIncome": "-10000000", "depreciation": "None", "depreciationAndAmortization": "41000000", "incomeBeforeTax": "444000000", "incomeTaxExpense": "39000000", "interestAndDebtExpense": "32000000", "netIncomeFromContinuingOperations": "374000000", "comprehensiveIncomeNetOfTax": "519000000", "ebit": "476000000", "ebitda": "517000000", "netIncome": "405000000"}, {"fiscalDateEnding": "2016-12-31", "reportedCurrency": "USD", "grossProfit": "1015000000", "totalRevenue": "3032000000", "costOfRevenue": "2458000000", "costofGoodsAndServicesSold": "1996000000", "operatingIncome": "495000000", "sellingGeneralAndAdministrative": "367000000", "researchAndDevelopment": "156000000", "operatingExpenses": "460000000", "investmentIncomeNet": "None", "netInterestIncome": "-31000000", "interestIncome": "None", "interestExpense": "31000000", "nonInterestIncome": "None", "otherNonOperatingIncome": "-9000000", "depreciation": "None", "depreciationAndAmortization": "42000000", "incomeBeforeTax": "463000000", "incomeTaxExpense": "54000000", "interestAndDebtExpense": "31000000", "netIncomeFromContinuingOperations": "387000000", "comprehensiveIncomeNetOfTax": "253000000", "ebit": "494000000", "ebitda": "536000000", "netIncome": "409000000"}]}