{"symbol": "TFC", "annualReports": [{"fiscalDateEnding": "2020-12-31", "reportedCurrency": "USD", "grossProfit": "3462000000", "totalRevenue": "20694000000", "costOfRevenue": "17232000000", "costofGoodsAndServicesSold": "None", "operatingIncome": "-1435000000", "sellingGeneralAndAdministrative": "2429000000", "researchAndDevelopment": "None", "operatingExpenses": "4897000000", "investmentIncomeNet": "None", "netInterestIncome": "13826000000", "interestIncome": "15548000000", "interestExpense": "1722000000", "nonInterestIncome": "8879000000", "otherNonOperatingIncome": "None", "depreciation": "923000000", "depreciationAndAmortization": "1608000000", "incomeBeforeTax": "5463000000", "incomeTaxExpense": "981000000", "interestAndDebtExpense": "1957000000", "netIncomeFromContinuingOperations": "4492000000", "comprehensiveIncomeNetOfTax": "6042000000", "ebit": "7185000000", "ebitda": "8793000000", "netIncome": "4482000000"}, {"fiscalDateEnding": "2019-12-31", "reportedCurrency": "USD", "grossProfit": "3512000000", "totalRevenue": "12061000000", "costOfRevenue": "8549000000", "costofGoodsAndServicesSold": "None", "operatingIncome": "1445000000", "sellingGeneralAndAdministrative": "1077000000", "researchAndDevelopment": "None", "operatingExpenses": "2067000000", "investmentIncomeNet": "None", "netInterestIncome": "7313000000", "interestIncome": "9409000000", "interestExpense": "2096000000", "nonInterestIncome": "5255000000", "otherNonOperatingIncome": "None", "depreciation": "466000000", "depreciationAndAmortization": "630000000", "incomeBeforeTax": "4006000000", "incomeTaxExpense": "782000000", "interestAndDebtExpense": "2096000000", "netIncomeFromContinuingOperations": "3237000000", "comprehensiveIncomeNetOfTax": "4095000000", "ebit": "6102000000", "ebitda": "6732000000", "netIncome": "3224000000"}, {"fiscalDateEnding": "2018-12-31", "reportedCurrency": "USD", "grossProfit": "3560000000", "totalRevenue": "11058000000", "costOfRevenue": "7498000000", "costofGoodsAndServicesSold": "None", "operatingIncome": "1596000000", "sellingGeneralAndAdministrative": "1263000000", "researchAndDevelopment": "None", "operatingExpenses": "1964000000", "investmentIncomeNet": "None", "netInterestIncome": "6682000000", "interestIncome": "8120000000", "interestExpense": "1438000000", "nonInterestIncome": "4876000000", "otherNonOperatingIncome": "None", "depreciation": "424000000", "depreciationAndAmortization": "555000000", "incomeBeforeTax": "4040000000", "incomeTaxExpense": "803000000", "interestAndDebtExpense": "1438000000", "netIncomeFromContinuingOperations": "3257000000", "comprehensiveIncomeNetOfTax": "2989000000", "ebit": "5478000000", "ebitda": "6033000000", "netIncome": "3237000000"}, {"fiscalDateEnding": "2017-12-31", "reportedCurrency": "USD", "grossProfit": "2817000000", "totalRevenue": "10968000000", "costOfRevenue": "8151000000", "costofGoodsAndServicesSold": "160000000", "operatingIncome": "-3367000000", "sellingGeneralAndAdministrative": "5519000000", "researchAndDevelopment": "None", "operatingExpenses": "6184000000", "investmentIncomeNet": "None", "netInterestIncome": "6535000000", "interestIncome": "7374000000", "interestExpense": "839000000", "nonInterestIncome": "4782000000", "otherNonOperatingIncome": "None", "depreciation": "408000000", "depreciationAndAmortization": "550000000", "incomeBeforeTax": "3305000000", "incomeTaxExpense": "911000000", "interestAndDebtExpense": "1231000000", "netIncomeFromContinuingOperations": "2415000000", "comprehensiveIncomeNetOfTax": "2306000000", "ebit": "4144000000", "ebitda": "4694000000", "netIncome": "2394000000"}, {"fiscalDateEnding": "2016-12-31", "reportedCurrency": "USD", "grossProfit": "2931000000", "totalRevenue": "10410000000", "costOfRevenue": "7479000000", "costofGoodsAndServicesSold": "186000000", "operatingIncome": "-3149000000", "sellingGeneralAndAdministrative": "5354000000", "researchAndDevelopment": "None", "operatingExpenses": "6080000000", "investmentIncomeNet": "None", "netInterestIncome": "6321000000", "interestIncome": "7066000000", "interestExpense": "745000000", "nonInterestIncome": "4472000000", "otherNonOperatingIncome": "None", "depreciation": "405000000", "depreciationAndAmortization": "555000000", "incomeBeforeTax": "3484000000", "incomeTaxExpense": "1058000000", "interestAndDebtExpense": "744000000", "netIncomeFromContinuingOperations": "2442000000", "comprehensiveIncomeNetOfTax": "2322000000", "ebit": "4229000000", "ebitda": "4784000000", "netIncome": "2426000000"}], "quarterlyReports": [{"fiscalDateEnding": "2021-09-30", "reportedCurrency": "USD", "grossProfit": "2504000000", "totalRevenue": "5975000000", "costOfRevenue": "3471000000", "costofGoodsAndServicesSold": "None", "operatingIncome": "1534000000", "sellingGeneralAndAdministrative": "653000000", "researchAndDevelopment": "None", "operatingExpenses": "970000000", "investmentIncomeNet": "None", "netInterestIncome": "3233000000", "interestIncome": "3426000000", "interestExpense": "193000000", "nonInterestIncome": "2365000000", "otherNonOperatingIncome": "None", "depreciation": "209000000", "depreciationAndAmortization": "145000000", "incomeBeforeTax": "2127000000", "incomeTaxExpense": "423000000", "interestAndDebtExpense": "193000000", "netIncomeFromContinuingOperations": "1704000000", "comprehensiveIncomeNetOfTax": "1214000000", "ebit": "2320000000", "ebitda": "2465000000", "netIncome": "1704000000"}, {"fiscalDateEnding": "2021-06-30", "reportedCurrency": "USD", "grossProfit": "2552000000", "totalRevenue": "6129000000", "costOfRevenue": "3577000000", "costofGoodsAndServicesSold": "None", "operatingIncome": "1524000000", "sellingGeneralAndAdministrative": "589000000", "researchAndDevelopment": "None", "operatingExpenses": "1028000000", "investmentIncomeNet": "None", "netInterestIncome": "3245000000", "interestIncome": "3443000000", "interestExpense": "198000000", "nonInterestIncome": "2405000000", "otherNonOperatingIncome": "None", "depreciation": "200000000", "depreciationAndAmortization": "142000000", "incomeBeforeTax": "2072000000", "incomeTaxExpense": "415000000", "interestAndDebtExpense": "198000000", "netIncomeFromContinuingOperations": "1658000000", "comprehensiveIncomeNetOfTax": "2125000000", "ebit": "2270000000", "ebitda": "2412000000", "netIncome": "1657000000"}, {"fiscalDateEnding": "2021-03-31", "reportedCurrency": "USD", "grossProfit": "1825000000", "totalRevenue": "5483000000", "costOfRevenue": "3658000000", "costofGoodsAndServicesSold": "None", "operatingIncome": "714000000", "sellingGeneralAndAdministrative": "625000000", "researchAndDevelopment": "None", "operatingExpenses": "1111000000", "investmentIncomeNet": "None", "netInterestIncome": "3285000000", "interestIncome": "3494000000", "interestExpense": "209000000", "nonInterestIncome": "2197000000", "otherNonOperatingIncome": "None", "depreciation": "201000000", "depreciationAndAmortization": "345000000", "incomeBeforeTax": "1828000000", "incomeTaxExpense": "351000000", "interestAndDebtExpense": "206000000", "netIncomeFromContinuingOperations": "1473000000", "comprehensiveIncomeNetOfTax": "-755000000", "ebit": "2037000000", "ebitda": "2382000000", "netIncome": "1477000000"}, {"fiscalDateEnding": "2020-12-31", "reportedCurrency": "USD", "grossProfit": "1509000000", "totalRevenue": "5519000000", "costOfRevenue": "4010000000", "costofGoodsAndServicesSold": "None", "operatingIncome": "142000000", "sellingGeneralAndAdministrative": "658000000", "researchAndDevelopment": "None", "operatingExpenses": "1367000000", "investmentIncomeNet": "None", "netInterestIncome": "3366000000", "interestIncome": "3611000000", "interestExpense": "245000000", "nonInterestIncome": "2285000000", "otherNonOperatingIncome": "None", "depreciation": "229000000", "depreciationAndAmortization": "401000000", "incomeBeforeTax": "1640000000", "incomeTaxExpense": "311000000", "interestAndDebtExpense": "245000000", "netIncomeFromContinuingOperations": "1330000000", "comprehensiveIncomeNetOfTax": "1575000000", "ebit": "1885000000", "ebitda": "2286000000", "netIncome": "1329000000"}, {"fiscalDateEnding": "2020-09-30", "reportedCurrency": "USD", "grossProfit": "1031000000", "totalRevenue": "5207000000", "costOfRevenue": "4176000000", "costofGoodsAndServicesSold": "None", "operatingIncome": "-6000000", "sellingGeneralAndAdministrative": "631000000", "researchAndDevelopment": "None", "operatingExpenses": "1037000000", "investmentIncomeNet": "None", "netInterestIncome": "3362000000", "interestIncome": "3623000000", "interestExpense": "261000000", "nonInterestIncome": "2210000000", "otherNonOperatingIncome": "None", "depreciation": "218000000", "depreciationAndAmortization": "170000000", "incomeBeforeTax": "1393000000", "incomeTaxExpense": "255000000", "interestAndDebtExpense": "261000000", "netIncomeFromContinuingOperations": "1141000000", "comprehensiveIncomeNetOfTax": "761000000", "ebit": "1654000000", "ebitda": "1824000000", "netIncome": "1138000000"}, {"fiscalDateEnding": "2020-06-30", "reportedCurrency": "USD", "grossProfit": "372000000", "totalRevenue": "5094000000", "costOfRevenue": "4722000000", "costofGoodsAndServicesSold": "None", "operatingIncome": "-603000000", "sellingGeneralAndAdministrative": "588000000", "researchAndDevelopment": "None", "operatingExpenses": "975000000", "investmentIncomeNet": "None", "netInterestIncome": "3448000000", "interestIncome": "3888000000", "interestExpense": "440000000", "nonInterestIncome": "2423000000", "otherNonOperatingIncome": "None", "depreciation": "242000000", "depreciationAndAmortization": "178000000", "incomeBeforeTax": "1146000000", "incomeTaxExpense": "191000000", "interestAndDebtExpense": "675000000", "netIncomeFromContinuingOperations": "958000000", "comprehensiveIncomeNetOfTax": "904000000", "ebit": "1586000000", "ebitda": "1764000000", "netIncome": "955000000"}, {"fiscalDateEnding": "2020-03-31", "reportedCurrency": "USD", "grossProfit": "550000000", "totalRevenue": "4874000000", "costOfRevenue": "4324000000", "costofGoodsAndServicesSold": "71000000", "operatingIncome": "-508000000", "sellingGeneralAndAdministrative": "552000000", "researchAndDevelopment": "None", "operatingExpenses": "1058000000", "investmentIncomeNet": "None", "netInterestIncome": "3650000000", "interestIncome": "4426000000", "interestExpense": "776000000", "nonInterestIncome": "1961000000", "otherNonOperatingIncome": "None", "depreciation": "234000000", "depreciationAndAmortization": "399000000", "incomeBeforeTax": "1284000000", "incomeTaxExpense": "224000000", "interestAndDebtExpense": "776000000", "netIncomeFromContinuingOperations": "1063000000", "comprehensiveIncomeNetOfTax": "2802000000", "ebit": "2060000000", "ebitda": "2459000000", "netIncome": "1060000000"}, {"fiscalDateEnding": "2019-12-31", "reportedCurrency": "USD", "grossProfit": "747000000", "totalRevenue": "3493000000", "costOfRevenue": "2746000000", "costofGoodsAndServicesSold": "None", "operatingIncome": "-13000000", "sellingGeneralAndAdministrative": "324000000", "researchAndDevelopment": "None", "operatingExpenses": "760000000", "investmentIncomeNet": "None", "netInterestIncome": "2227000000", "interestIncome": "2812000000", "interestExpense": "585000000", "nonInterestIncome": "1398000000", "otherNonOperatingIncome": "None", "depreciation": "142000000", "depreciationAndAmortization": "213000000", "incomeBeforeTax": "874000000", "incomeTaxExpense": "153000000", "interestAndDebtExpense": "585000000", "netIncomeFromContinuingOperations": "726000000", "comprehensiveIncomeNetOfTax": "903000000", "ebit": "1459000000", "ebitda": "1672000000", "netIncome": "721000000"}, {"fiscalDateEnding": "2019-09-30", "reportedCurrency": "USD", "grossProfit": "946000000", "totalRevenue": "2903000000", "costOfRevenue": "1957000000", "costofGoodsAndServicesSold": "None", "operatingIncome": "622000000", "sellingGeneralAndAdministrative": "261000000", "researchAndDevelopment": "None", "operatingExpenses": "324000000", "investmentIncomeNet": "None", "netInterestIncome": "1700000000", "interestIncome": "2218000000", "interestExpense": "518000000", "nonInterestIncome": "1303000000", "otherNonOperatingIncome": "None", "depreciation": "112000000", "depreciationAndAmortization": "29000000", "incomeBeforeTax": "1043000000", "incomeTaxExpense": "218000000", "interestAndDebtExpense": "518000000", "netIncomeFromContinuingOperations": "828000000", "comprehensiveIncomeNetOfTax": "918000000", "ebit": "1561000000", "ebitda": "1590000000", "netIncome": "825000000"}, {"fiscalDateEnding": "2019-06-30", "reportedCurrency": "USD", "grossProfit": "967000000", "totalRevenue": "2890000000", "costOfRevenue": "1923000000", "costofGoodsAndServicesSold": "None", "operatingIncome": "668000000", "sellingGeneralAndAdministrative": "244000000", "researchAndDevelopment": "None", "operatingExpenses": "299000000", "investmentIncomeNet": "None", "netInterestIncome": "1690000000", "interestIncome": "2206000000", "interestExpense": "516000000", "nonInterestIncome": "1352000000", "otherNonOperatingIncome": "None", "depreciation": "107000000", "depreciationAndAmortization": "32000000", "incomeBeforeTax": "1120000000", "incomeTaxExpense": "234000000", "interestAndDebtExpense": "516000000", "netIncomeFromContinuingOperations": "885000000", "comprehensiveIncomeNetOfTax": "1188000000", "ebit": "1636000000", "ebitda": "1668000000", "netIncome": "886000000"}, {"fiscalDateEnding": "2019-03-31", "reportedCurrency": "USD", "grossProfit": "852000000", "totalRevenue": "2775000000", "costOfRevenue": "1923000000", "costofGoodsAndServicesSold": "None", "operatingIncome": "387000000", "sellingGeneralAndAdministrative": "248000000", "researchAndDevelopment": "None", "operatingExpenses": "465000000", "investmentIncomeNet": "None", "netInterestIncome": "1696000000", "interestIncome": "2173000000", "interestExpense": "477000000", "nonInterestIncome": "1202000000", "otherNonOperatingIncome": "None", "depreciation": "105000000", "depreciationAndAmortization": "137000000", "incomeBeforeTax": "969000000", "incomeTaxExpense": "177000000", "interestAndDebtExpense": "477000000", "netIncomeFromContinuingOperations": "798000000", "comprehensiveIncomeNetOfTax": "1086000000", "ebit": "1446000000", "ebitda": "1583000000", "netIncome": "792000000"}, {"fiscalDateEnding": "2018-12-31", "reportedCurrency": "USD", "grossProfit": "878000000", "totalRevenue": "2808000000", "costOfRevenue": "1930000000", "costofGoodsAndServicesSold": "None", "operatingIncome": "159000000", "sellingGeneralAndAdministrative": "501000000", "researchAndDevelopment": "None", "operatingExpenses": "719000000", "investmentIncomeNet": "None", "netInterestIncome": "1705000000", "interestIncome": "2136000000", "interestExpense": "431000000", "nonInterestIncome": "1235000000", "otherNonOperatingIncome": "None", "depreciation": "108000000", "depreciationAndAmortization": "142000000", "incomeBeforeTax": "1003000000", "incomeTaxExpense": "205000000", "interestAndDebtExpense": "431000000", "netIncomeFromContinuingOperations": "805000000", "comprehensiveIncomeNetOfTax": "935000000", "ebit": "1434000000", "ebitda": "1576000000", "netIncome": "798000000"}, {"fiscalDateEnding": "2018-09-30", "reportedCurrency": "USD", "grossProfit": "928000000", "totalRevenue": "2805000000", "costOfRevenue": "1877000000", "costofGoodsAndServicesSold": "None", "operatingIncome": "622000000", "sellingGeneralAndAdministrative": "255000000", "researchAndDevelopment": "None", "operatingExpenses": "306000000", "investmentIncomeNet": "None", "netInterestIncome": "1687000000", "interestIncome": "2069000000", "interestExpense": "382000000", "nonInterestIncome": "1239000000", "otherNonOperatingIncome": "None", "depreciation": "106000000", "depreciationAndAmortization": "33000000", "incomeBeforeTax": "1042000000", "incomeTaxExpense": "210000000", "interestAndDebtExpense": "382000000", "netIncomeFromContinuingOperations": "839000000", "comprehensiveIncomeNetOfTax": "686000000", "ebit": "1424000000", "ebitda": "1457000000", "netIncome": "832000000"}, {"fiscalDateEnding": "2018-06-30", "reportedCurrency": "USD", "grossProfit": "902000000", "totalRevenue": "2757000000", "costOfRevenue": "1855000000", "costofGoodsAndServicesSold": "None", "operatingIncome": "596000000", "sellingGeneralAndAdministrative": "251000000", "researchAndDevelopment": "None", "operatingExpenses": "306000000", "investmentIncomeNet": "None", "netInterestIncome": "1657000000", "interestIncome": "1994000000", "interestExpense": "337000000", "nonInterestIncome": "1222000000", "otherNonOperatingIncome": "None", "depreciation": "105000000", "depreciationAndAmortization": "31000000", "incomeBeforeTax": "1021000000", "incomeTaxExpense": "202000000", "interestAndDebtExpense": "337000000", "netIncomeFromContinuingOperations": "822000000", "comprehensiveIncomeNetOfTax": "758000000", "ebit": "1358000000", "ebitda": "1389000000", "netIncome": "819000000"}, {"fiscalDateEnding": "2018-03-31", "reportedCurrency": "USD", "grossProfit": "857000000", "totalRevenue": "2725000000", "costOfRevenue": "1868000000", "costofGoodsAndServicesSold": "32000000", "operatingIncome": "-637000000", "sellingGeneralAndAdministrative": "1328000000", "researchAndDevelopment": "None", "operatingExpenses": "1494000000", "investmentIncomeNet": "None", "netInterestIncome": "1633000000", "interestIncome": "1921000000", "interestExpense": "288000000", "nonInterestIncome": "1180000000", "otherNonOperatingIncome": "None", "depreciation": "105000000", "depreciationAndAmortization": "138000000", "incomeBeforeTax": "974000000", "incomeTaxExpense": "186000000", "interestAndDebtExpense": "288000000", "netIncomeFromContinuingOperations": "791000000", "comprehensiveIncomeNetOfTax": "610000000", "ebit": "1262000000", "ebitda": "1400000000", "netIncome": "788000000"}, {"fiscalDateEnding": "2017-12-31", "reportedCurrency": "USD", "grossProfit": "751000000", "totalRevenue": "2782000000", "costOfRevenue": "2031000000", "costofGoodsAndServicesSold": "38000000", "operatingIncome": "-997000000", "sellingGeneralAndAdministrative": "1589000000", "researchAndDevelopment": "None", "operatingExpenses": "1748000000", "investmentIncomeNet": "None", "netInterestIncome": "1644000000", "interestIncome": "1898000000", "interestExpense": "254000000", "nonInterestIncome": "1225000000", "otherNonOperatingIncome": "None", "depreciation": "103000000", "depreciationAndAmortization": "137000000", "incomeBeforeTax": "867000000", "incomeTaxExpense": "209000000", "interestAndDebtExpense": "254000000", "netIncomeFromContinuingOperations": "667000000", "comprehensiveIncomeNetOfTax": "474000000", "ebit": "1121000000", "ebitda": "1258000000", "netIncome": "658000000"}, {"fiscalDateEnding": "2017-09-30", "reportedCurrency": "USD", "grossProfit": "828000000", "totalRevenue": "2733000000", "costOfRevenue": "1905000000", "costofGoodsAndServicesSold": "34000000", "operatingIncome": "-564000000", "sellingGeneralAndAdministrative": "1311000000", "researchAndDevelopment": "None", "operatingExpenses": "1392000000", "investmentIncomeNet": "None", "netInterestIncome": "1647000000", "interestIncome": "1877000000", "interestExpense": "230000000", "nonInterestIncome": "1166000000", "otherNonOperatingIncome": "None", "depreciation": "105000000", "depreciationAndAmortization": "34000000", "incomeBeforeTax": "934000000", "incomeTaxExpense": "294000000", "interestAndDebtExpense": "230000000", "netIncomeFromContinuingOperations": "648000000", "comprehensiveIncomeNetOfTax": "677000000", "ebit": "1164000000", "ebitda": "1198000000", "netIncome": "640000000"}, {"fiscalDateEnding": "2017-06-30", "reportedCurrency": "USD", "grossProfit": "853000000", "totalRevenue": "2769000000", "costOfRevenue": "1916000000", "costofGoodsAndServicesSold": "39000000", "operatingIncome": "-528000000", "sellingGeneralAndAdministrative": "1335000000", "researchAndDevelopment": "None", "operatingExpenses": "1381000000", "investmentIncomeNet": "None", "netInterestIncome": "1635000000", "interestIncome": "1824000000", "interestExpense": "189000000", "nonInterestIncome": "1220000000", "otherNonOperatingIncome": "None", "depreciation": "101000000", "depreciationAndAmortization": "36000000", "incomeBeforeTax": "979000000", "incomeTaxExpense": "304000000", "interestAndDebtExpense": "189000000", "netIncomeFromContinuingOperations": "674000000", "comprehensiveIncomeNetOfTax": "727000000", "ebit": "1168000000", "ebitda": "1204000000", "netIncome": "675000000"}, {"fiscalDateEnding": "2017-03-31", "reportedCurrency": "USD", "grossProfit": "385000000", "totalRevenue": "2684000000", "costOfRevenue": "2299000000", "costofGoodsAndServicesSold": "49000000", "operatingIncome": "-1072000000", "sellingGeneralAndAdministrative": "1284000000", "researchAndDevelopment": "None", "operatingExpenses": "1457000000", "investmentIncomeNet": "None", "netInterestIncome": "1609000000", "interestIncome": "1775000000", "interestExpense": "166000000", "nonInterestIncome": "1171000000", "otherNonOperatingIncome": "None", "depreciation": "99000000", "depreciationAndAmortization": "137000000", "incomeBeforeTax": "525000000", "incomeTaxExpense": "104000000", "interestAndDebtExpense": "558000000", "netIncomeFromContinuingOperations": "426000000", "comprehensiveIncomeNetOfTax": "428000000", "ebit": "691000000", "ebitda": "828000000", "netIncome": "421000000"}, {"fiscalDateEnding": "2016-12-31", "reportedCurrency": "USD", "grossProfit": "794000000", "totalRevenue": "2641000000", "costOfRevenue": "1847000000", "costofGoodsAndServicesSold": "50000000", "operatingIncome": "-928000000", "sellingGeneralAndAdministrative": "1564000000", "researchAndDevelopment": "None", "operatingExpenses": "1722000000", "investmentIncomeNet": "None", "netInterestIncome": "1565000000", "interestIncome": "1745000000", "interestExpense": "180000000", "nonInterestIncome": "1162000000", "otherNonOperatingIncome": "None", "depreciation": "107000000", "depreciationAndAmortization": "145000000", "incomeBeforeTax": "923000000", "incomeTaxExpense": "287000000", "interestAndDebtExpense": "180000000", "netIncomeFromContinuingOperations": "643000000", "comprehensiveIncomeNetOfTax": "254000000", "ebit": "1103000000", "ebitda": "1248000000", "netIncome": "636000000"}]}