{"symbol": "TFX", "annualReports": [{"fiscalDateEnding": "2020-12-31", "reportedCurrency": "USD", "grossProfit": "1324874000", "totalRevenue": "2489840000", "costOfRevenue": "2221593000", "costofGoodsAndServicesSold": "1212282000", "operatingIncome": "423068000", "sellingGeneralAndAdministrative": "743568000", "researchAndDevelopment": "119747000", "operatingExpenses": "1129058000", "investmentIncomeNet": "1158000", "netInterestIncome": "-66494000", "interestIncome": "1158000", "interestExpense": "66494000", "nonInterestIncome": "2556334000", "otherNonOperatingIncome": "1158000", "depreciation": "68567000", "depreciationAndAmortization": "227252000", "incomeBeforeTax": "357255000", "incomeTaxExpense": "21931000", "interestAndDebtExpense": "66494000", "netIncomeFromContinuingOperations": "335801000", "comprehensiveIncomeNetOfTax": "382418000", "ebit": "423749000", "ebitda": "651001000", "netIncome": "335324000"}, {"fiscalDateEnding": "2019-12-31", "reportedCurrency": "USD", "grossProfit": "1409005000", "totalRevenue": "2525136000", "costOfRevenue": "2278697000", "costofGoodsAndServicesSold": "1186357000", "operatingIncome": "427254000", "sellingGeneralAndAdministrative": "851766000", "researchAndDevelopment": "113857000", "operatingExpenses": "1282727000", "investmentIncomeNet": "1741000", "netInterestIncome": "-80270000", "interestIncome": "1741000", "interestExpense": "80270000", "nonInterestIncome": "2605406000", "otherNonOperatingIncome": "-7081000", "depreciation": "64088000", "depreciationAndAmortization": "218369000", "incomeBeforeTax": "339388000", "incomeTaxExpense": "-122078000", "interestAndDebtExpense": "89092000", "netIncomeFromContinuingOperations": "461981000", "comprehensiveIncomeNetOfTax": "458159000", "ebit": "419658000", "ebitda": "638027000", "netIncome": "461466000"}, {"fiscalDateEnding": "2018-12-31", "reportedCurrency": "USD", "grossProfit": "1302816000", "totalRevenue": "2345363000", "costOfRevenue": "2236573000", "costofGoodsAndServicesSold": "1145567000", "operatingIncome": "321704000", "sellingGeneralAndAdministrative": "797062000", "researchAndDevelopment": "106208000", "operatingExpenses": "1277452000", "investmentIncomeNet": "944000", "netInterestIncome": "-103020000", "interestIncome": "944000", "interestExpense": "103020000", "nonInterestIncome": "2448383000", "otherNonOperatingIncome": "944000", "depreciation": "60494000", "depreciationAndAmortization": "214714000", "incomeBeforeTax": "223998000", "incomeTaxExpense": "23196000", "interestAndDebtExpense": "103020000", "netIncomeFromContinuingOperations": "196432000", "comprehensiveIncomeNetOfTax": "124808000", "ebit": "327018000", "ebitda": "541732000", "netIncome": "200802000"}, {"fiscalDateEnding": "2017-12-31", "reportedCurrency": "USD", "grossProfit": "1171802000", "totalRevenue": "2058164000", "costOfRevenue": "1849592000", "costofGoodsAndServicesSold": "974501000", "operatingIncome": "372279000", "sellingGeneralAndAdministrative": "699963000", "researchAndDevelopment": "84770000", "operatingExpenses": "959861000", "investmentIncomeNet": "771000", "netInterestIncome": "-82546000", "interestIncome": "771000", "interestExpense": "82546000", "nonInterestIncome": "-5593000", "otherNonOperatingIncome": "-4822000", "depreciation": "56497000", "depreciationAndAmortization": "160338000", "incomeBeforeTax": "282178000", "incomeTaxExpense": "129648000", "interestAndDebtExpense": "88139000", "netIncomeFromContinuingOperations": "155263000", "comprehensiveIncomeNetOfTax": "326156000", "ebit": "364724000", "ebitda": "525062000", "netIncome": "152530000"}, {"fiscalDateEnding": "2016-12-31", "reportedCurrency": "USD", "grossProfit": "996200000", "totalRevenue": "1793825000", "costOfRevenue": "1622708000", "costofGoodsAndServicesSold": "871827000", "operatingIncome": "319453000", "sellingGeneralAndAdministrative": "563308000", "researchAndDevelopment": "58579000", "operatingExpenses": "809460000", "investmentIncomeNet": "474000", "netInterestIncome": "-54941000", "interestIncome": "474000", "interestExpense": "54941000", "nonInterestIncome": "-19261000", "otherNonOperatingIncome": "-18787000", "depreciation": "54415000", "depreciationAndAmortization": "128346000", "incomeBeforeTax": "245451000", "incomeTaxExpense": "8074000", "interestAndDebtExpense": "74202000", "netIncomeFromContinuingOperations": "237187000", "comprehensiveIncomeNetOfTax": "170616000", "ebit": "300392000", "ebitda": "428738000", "netIncome": "237377000"}], "quarterlyReports": [{"fiscalDateEnding": "2021-09-30", "reportedCurrency": "USD", "grossProfit": "387787000", "totalRevenue": "688262000", "costOfRevenue": "518617000", "costofGoodsAndServicesSold": "312464000", "operatingIncome": "240975000", "sellingGeneralAndAdministrative": "205194000", "researchAndDevelopment": "31816000", "operatingExpenses": "146812000", "investmentIncomeNet": "215000", "netInterestIncome": "-11989000", "interestIncome": "215000", "interestExpense": "11989000", "nonInterestIncome": "700251000", "otherNonOperatingIncome": "215000", "depreciation": "17864000", "depreciationAndAmortization": "40965000", "incomeBeforeTax": "228876000", "incomeTaxExpense": "29695000", "interestAndDebtExpense": "11989000", "netIncomeFromContinuingOperations": "199506000", "comprehensiveIncomeNetOfTax": "186199000", "ebit": "240865000", "ebitda": "281830000", "netIncome": "199181000"}, {"fiscalDateEnding": "2021-06-30", "reportedCurrency": "USD", "grossProfit": "397556000", "totalRevenue": "684316000", "costOfRevenue": "551570000", "costofGoodsAndServicesSold": "315917000", "operatingIncome": "128620000", "sellingGeneralAndAdministrative": "224159000", "researchAndDevelopment": "33283000", "operatingExpenses": "268936000", "investmentIncomeNet": "232000", "netInterestIncome": "-16171000", "interestIncome": "-15939000", "interestExpense": "16171000", "nonInterestIncome": "700487000", "otherNonOperatingIncome": "-12754000", "depreciation": "18469000", "depreciationAndAmortization": "41945000", "incomeBeforeTax": "99660000", "incomeTaxExpense": "16412000", "interestAndDebtExpense": "29157000", "netIncomeFromContinuingOperations": "83283000", "comprehensiveIncomeNetOfTax": "91023000", "ebit": "115831000", "ebitda": "157776000", "netIncome": "83248000"}, {"fiscalDateEnding": "2021-03-31", "reportedCurrency": "USD", "grossProfit": "344527000", "totalRevenue": "621774000", "costOfRevenue": "542466000", "costofGoodsAndServicesSold": "289398000", "operatingIncome": "103434000", "sellingGeneralAndAdministrative": "203148000", "researchAndDevelopment": "29947000", "operatingExpenses": "283015000", "investmentIncomeNet": "659000", "netInterestIncome": "-16798000", "interestIncome": "659000", "interestExpense": "16798000", "nonInterestIncome": "638572000", "otherNonOperatingIncome": "659000", "depreciation": "17513000", "depreciationAndAmortization": "41922000", "incomeBeforeTax": "87294000", "incomeTaxExpense": "12428000", "interestAndDebtExpense": "16798000", "netIncomeFromContinuingOperations": "74867000", "comprehensiveIncomeNetOfTax": "52429000", "ebit": "104092000", "ebitda": "146014000", "netIncome": "74866000"}, {"fiscalDateEnding": "2020-12-31", "reportedCurrency": "USD", "grossProfit": "383554000", "totalRevenue": "711179000", "costOfRevenue": "690933000", "costofGoodsAndServicesSold": "327625000", "operatingIncome": "95080000", "sellingGeneralAndAdministrative": "232906000", "researchAndDevelopment": "33769000", "operatingExpenses": "397077000", "investmentIncomeNet": "202000", "netInterestIncome": "-18721000", "interestIncome": "202000", "interestExpense": "18721000", "nonInterestIncome": "711179000", "otherNonOperatingIncome": "202000", "depreciation": "17238000", "depreciationAndAmortization": "108603000", "incomeBeforeTax": "76091000", "incomeTaxExpense": "-40000", "interestAndDebtExpense": "18721000", "netIncomeFromContinuingOperations": "76601000", "comprehensiveIncomeNetOfTax": "102525000", "ebit": "94812000", "ebitda": "203415000", "netIncome": "76131000"}, {"fiscalDateEnding": "2020-09-30", "reportedCurrency": "USD", "grossProfit": "329324000", "totalRevenue": "611649000", "costOfRevenue": "466991000", "costofGoodsAndServicesSold": "298977000", "operatingIncome": "132092000", "sellingGeneralAndAdministrative": "171673000", "researchAndDevelopment": "29218000", "operatingExpenses": "197232000", "investmentIncomeNet": "214000", "netInterestIncome": "-16652000", "interestIncome": "-16438000", "interestExpense": "16652000", "nonInterestIncome": "628301000", "otherNonOperatingIncome": "214000", "depreciation": "16868000", "depreciationAndAmortization": "40011000", "incomeBeforeTax": "115636000", "incomeTaxExpense": "-951000", "interestAndDebtExpense": "16652000", "netIncomeFromContinuingOperations": "116605000", "comprehensiveIncomeNetOfTax": "139710000", "ebit": "132288000", "ebitda": "172299000", "netIncome": "116587000"}, {"fiscalDateEnding": "2020-06-30", "reportedCurrency": "USD", "grossProfit": "278372000", "totalRevenue": "551352000", "costOfRevenue": "498860000", "costofGoodsAndServicesSold": "288662000", "operatingIncome": "38810000", "sellingGeneralAndAdministrative": "191193000", "researchAndDevelopment": "29364000", "operatingExpenses": "239562000", "investmentIncomeNet": "163000", "netInterestIncome": "-15682000", "interestIncome": "163000", "interestExpense": "15682000", "nonInterestIncome": "567034000", "otherNonOperatingIncome": "163000", "depreciation": "17619000", "depreciationAndAmortization": "39727000", "incomeBeforeTax": "23304000", "incomeTaxExpense": "11848000", "interestAndDebtExpense": "15682000", "netIncomeFromContinuingOperations": "11443000", "comprehensiveIncomeNetOfTax": "29360000", "ebit": "38986000", "ebitda": "78713000", "netIncome": "11456000"}, {"fiscalDateEnding": "2020-03-31", "reportedCurrency": "USD", "grossProfit": "333624000", "totalRevenue": "620077000", "costOfRevenue": "485071000", "costofGoodsAndServicesSold": "297018000", "operatingIncome": "157086000", "sellingGeneralAndAdministrative": "147796000", "researchAndDevelopment": "27396000", "operatingExpenses": "215449000", "investmentIncomeNet": "579000", "netInterestIncome": "-15439000", "interestIncome": "579000", "interestExpense": "15439000", "nonInterestIncome": "635516000", "otherNonOperatingIncome": "579000", "depreciation": "16842000", "depreciationAndAmortization": "38911000", "incomeBeforeTax": "142224000", "incomeTaxExpense": "11074000", "interestAndDebtExpense": "15439000", "netIncomeFromContinuingOperations": "131152000", "comprehensiveIncomeNetOfTax": "110823000", "ebit": "157663000", "ebitda": "196574000", "netIncome": "131150000"}, {"fiscalDateEnding": "2019-12-31", "reportedCurrency": "USD", "grossProfit": "377722000", "totalRevenue": "680952000", "costOfRevenue": "630849000", "costofGoodsAndServicesSold": "303230000", "operatingIncome": "126932000", "sellingGeneralAndAdministrative": "220054000", "researchAndDevelopment": "31128000", "operatingExpenses": "377042000", "investmentIncomeNet": "460000", "netInterestIncome": "-18556000", "interestIncome": "-1281000", "interestExpense": "17275000", "nonInterestIncome": "680952000", "otherNonOperatingIncome": "-8362000", "depreciation": "16802000", "depreciationAndAmortization": "105708000", "incomeBeforeTax": "101754000", "incomeTaxExpense": "-6511000", "interestAndDebtExpense": "26097000", "netIncomeFromContinuingOperations": "107806000", "comprehensiveIncomeNetOfTax": "128374000", "ebit": "119029000", "ebitda": "224737000", "netIncome": "108265000"}, {"fiscalDateEnding": "2019-09-30", "reportedCurrency": "USD", "grossProfit": "355075000", "totalRevenue": "629244000", "costOfRevenue": "503803000", "costofGoodsAndServicesSold": "293244000", "operatingIncome": "117621000", "sellingGeneralAndAdministrative": "209291000", "researchAndDevelopment": "27984000", "operatingExpenses": "258059000", "investmentIncomeNet": "470000", "netInterestIncome": "-19075000", "interestIncome": "470000", "interestExpense": "19545000", "nonInterestIncome": "648319000", "otherNonOperatingIncome": "470000", "depreciation": "15320000", "depreciationAndAmortization": "37376000", "incomeBeforeTax": "98546000", "incomeTaxExpense": "-130383000", "interestAndDebtExpense": "19545000", "netIncomeFromContinuingOperations": "228929000", "comprehensiveIncomeNetOfTax": "190335000", "ebit": "118091000", "ebitda": "155467000", "netIncome": "228929000"}, {"fiscalDateEnding": "2019-06-30", "reportedCurrency": "USD", "grossProfit": "352238000", "totalRevenue": "632221000", "costOfRevenue": "517454000", "costofGoodsAndServicesSold": "300269000", "operatingIncome": "107458000", "sellingGeneralAndAdministrative": "215500000", "researchAndDevelopment": "27595000", "operatingExpenses": "265466000", "investmentIncomeNet": "472000", "netInterestIncome": "-20286000", "interestIncome": "472000", "interestExpense": "20758000", "nonInterestIncome": "652507000", "otherNonOperatingIncome": "472000", "depreciation": "16321000", "depreciationAndAmortization": "37534000", "incomeBeforeTax": "87219000", "incomeTaxExpense": "3844000", "interestAndDebtExpense": "20758000", "netIncomeFromContinuingOperations": "83328000", "comprehensiveIncomeNetOfTax": "98157000", "ebit": "107977000", "ebitda": "145511000", "netIncome": "83375000"}, {"fiscalDateEnding": "2019-03-31", "reportedCurrency": "USD", "grossProfit": "323970000", "totalRevenue": "591231000", "costOfRevenue": "551681000", "costofGoodsAndServicesSold": "289614000", "operatingIncome": "75243000", "sellingGeneralAndAdministrative": "206921000", "researchAndDevelopment": "27150000", "operatingExpenses": "307250000", "investmentIncomeNet": "339000", "netInterestIncome": "-22353000", "interestIncome": "339000", "interestExpense": "22692000", "nonInterestIncome": "613584000", "otherNonOperatingIncome": "339000", "depreciation": "15645000", "depreciationAndAmortization": "37751000", "incomeBeforeTax": "51869000", "incomeTaxExpense": "10972000", "interestAndDebtExpense": "22692000", "netIncomeFromContinuingOperations": "41918000", "comprehensiveIncomeNetOfTax": "41293000", "ebit": "74561000", "ebitda": "112312000", "netIncome": "40897000"}, {"fiscalDateEnding": "2018-12-31", "reportedCurrency": "USD", "grossProfit": "365821000", "totalRevenue": "641615000", "costOfRevenue": "598679000", "costofGoodsAndServicesSold": "357420000", "operatingIncome": "119266000", "sellingGeneralAndAdministrative": "136914000", "researchAndDevelopment": "27798000", "operatingExpenses": "349295000", "investmentIncomeNet": "168000", "netInterestIncome": "-24033000", "interestIncome": "-776000", "interestExpense": "23257000", "nonInterestIncome": "641615000", "otherNonOperatingIncome": "168000", "depreciation": "15977000", "depreciationAndAmortization": "102740000", "incomeBeforeTax": "99254000", "incomeTaxExpense": "8664000", "interestAndDebtExpense": "23257000", "netIncomeFromContinuingOperations": "87513000", "comprehensiveIncomeNetOfTax": "38672000", "ebit": "122511000", "ebitda": "225251000", "netIncome": "90590000"}, {"fiscalDateEnding": "2018-09-30", "reportedCurrency": "USD", "grossProfit": "342573000", "totalRevenue": "582821000", "costOfRevenue": "501202000", "costofGoodsAndServicesSold": "267099000", "operatingIncome": "82105000", "sellingGeneralAndAdministrative": "214894000", "researchAndDevelopment": "26365000", "operatingExpenses": "260468000", "investmentIncomeNet": "320000", "netInterestIncome": "-26851000", "interestIncome": "320000", "interestExpense": "27171000", "nonInterestIncome": "609672000", "otherNonOperatingIncome": "320000", "depreciation": "14990000", "depreciationAndAmortization": "36966000", "incomeBeforeTax": "55238000", "incomeTaxExpense": "-1286000", "interestAndDebtExpense": "27171000", "netIncomeFromContinuingOperations": "56540000", "comprehensiveIncomeNetOfTax": "73777000", "ebit": "82409000", "ebitda": "119375000", "netIncome": "56524000"}, {"fiscalDateEnding": "2018-06-30", "reportedCurrency": "USD", "grossProfit": "344778000", "totalRevenue": "609866000", "costOfRevenue": "550358000", "costofGoodsAndServicesSold": "265088000", "operatingIncome": "33490000", "sellingGeneralAndAdministrative": "229917000", "researchAndDevelopment": "26018000", "operatingExpenses": "311288000", "investmentIncomeNet": "183000", "netInterestIncome": "-26466000", "interestIncome": "183000", "interestExpense": "26649000", "nonInterestIncome": "609866000", "otherNonOperatingIncome": "183000", "depreciation": "14695000", "depreciationAndAmortization": "37192000", "incomeBeforeTax": "7080000", "incomeTaxExpense": "9576000", "interestAndDebtExpense": "26649000", "netIncomeFromContinuingOperations": "-2552000", "comprehensiveIncomeNetOfTax": "-126515000", "ebit": "33729000", "ebitda": "70921000", "netIncome": "-2496000"}, {"fiscalDateEnding": "2018-03-31", "reportedCurrency": "USD", "grossProfit": "331270000", "totalRevenue": "587230000", "costOfRevenue": "512176000", "costofGoodsAndServicesSold": "255960000", "operatingIncome": "86843000", "sellingGeneralAndAdministrative": "215337000", "researchAndDevelopment": "26027000", "operatingExpenses": "282243000", "investmentIncomeNet": "273000", "netInterestIncome": "-25670000", "interestIncome": "273000", "interestExpense": "25943000", "nonInterestIncome": "587230000", "otherNonOperatingIncome": "273000", "depreciation": "14832000", "depreciationAndAmortization": "37816000", "incomeBeforeTax": "62426000", "incomeTaxExpense": "6242000", "interestAndDebtExpense": "25943000", "netIncomeFromContinuingOperations": "54931000", "comprehensiveIncomeNetOfTax": "138874000", "ebit": "88369000", "ebitda": "126185000", "netIncome": "56184000"}, {"fiscalDateEnding": "2017-12-31", "reportedCurrency": "USD", "grossProfit": "330731000", "totalRevenue": "595106000", "costOfRevenue": "575093000", "costofGoodsAndServicesSold": "264375000", "operatingIncome": "90904000", "sellingGeneralAndAdministrative": "213289000", "researchAndDevelopment": "25471000", "operatingExpenses": "336189000", "investmentIncomeNet": "155000", "netInterestIncome": "-24278000", "interestIncome": "-616000", "interestExpense": "23662000", "nonInterestIncome": "595106000", "otherNonOperatingIncome": "155000", "depreciation": "14107000", "depreciationAndAmortization": "96362000", "incomeBeforeTax": "67586000", "incomeTaxExpense": "110244000", "interestAndDebtExpense": "23662000", "netIncomeFromContinuingOperations": "-42847000", "comprehensiveIncomeNetOfTax": "-32299000", "ebit": "91248000", "ebitda": "187610000", "netIncome": "-42658000"}, {"fiscalDateEnding": "2017-09-30", "reportedCurrency": "USD", "grossProfit": "295227000", "totalRevenue": "534703000", "costOfRevenue": "403155000", "costofGoodsAndServicesSold": "239476000", "operatingIncome": "110354000", "sellingGeneralAndAdministrative": "163771000", "researchAndDevelopment": "21194000", "operatingExpenses": "184873000", "investmentIncomeNet": "286000", "netInterestIncome": "-20978000", "interestIncome": "286000", "interestExpense": "21264000", "nonInterestIncome": "534703000", "otherNonOperatingIncome": "286000", "depreciation": "14306000", "depreciationAndAmortization": "22601000", "incomeBeforeTax": "86993000", "incomeTaxExpense": "9978000", "interestAndDebtExpense": "21264000", "netIncomeFromContinuingOperations": "79398000", "comprehensiveIncomeNetOfTax": "120860000", "ebit": "108257000", "ebitda": "130858000", "netIncome": "77015000"}, {"fiscalDateEnding": "2017-06-30", "reportedCurrency": "USD", "grossProfit": "290284000", "totalRevenue": "528613000", "costOfRevenue": "398133000", "costofGoodsAndServicesSold": "238329000", "operatingIncome": "110202000", "sellingGeneralAndAdministrative": "158934000", "researchAndDevelopment": "20278000", "operatingExpenses": "180082000", "investmentIncomeNet": "161000", "netInterestIncome": "-19733000", "interestIncome": "161000", "interestExpense": "19894000", "nonInterestIncome": "528602000", "otherNonOperatingIncome": "150000", "depreciation": "13904000", "depreciationAndAmortization": "22590000", "incomeBeforeTax": "90098000", "incomeTaxExpense": "12095000", "interestAndDebtExpense": "19905000", "netIncomeFromContinuingOperations": "78363000", "comprehensiveIncomeNetOfTax": "147825000", "ebit": "109992000", "ebitda": "132582000", "netIncome": "78003000"}, {"fiscalDateEnding": "2017-03-31", "reportedCurrency": "USD", "grossProfit": "255560000", "totalRevenue": "487881000", "costOfRevenue": "428020000", "costofGoodsAndServicesSold": "232321000", "operatingIncome": "60819000", "sellingGeneralAndAdministrative": "163969000", "researchAndDevelopment": "17827000", "operatingExpenses": "213526000", "investmentIncomeNet": "169000", "netInterestIncome": "-17557000", "interestIncome": "169000", "interestExpense": "17726000", "nonInterestIncome": "-5582000", "otherNonOperatingIncome": "-5413000", "depreciation": "14180000", "depreciationAndAmortization": "18785000", "incomeBeforeTax": "37501000", "incomeTaxExpense": "-2669000", "interestAndDebtExpense": "23308000", "netIncomeFromContinuingOperations": "40349000", "comprehensiveIncomeNetOfTax": "89770000", "ebit": "55227000", "ebitda": "74012000", "netIncome": "40170000"}, {"fiscalDateEnding": "2016-12-31", "reportedCurrency": "USD", "grossProfit": "273052000", "totalRevenue": "513933000", "costOfRevenue": "2400000", "costofGoodsAndServicesSold": "240881000", "operatingIncome": "67028000", "sellingGeneralAndAdministrative": "144180000", "researchAndDevelopment": "15687000", "operatingExpenses": "2400000", "investmentIncomeNet": "150000", "netInterestIncome": "-93196000", "interestIncome": "-76834000", "interestExpense": "16362000", "nonInterestIncome": "0", "otherNonOperatingIncome": "150000", "depreciation": "14143000", "depreciationAndAmortization": "80860000", "incomeBeforeTax": "51003000", "incomeTaxExpense": "-10060000", "interestAndDebtExpense": "16362000", "netIncomeFromContinuingOperations": "60876000", "comprehensiveIncomeNetOfTax": "-21504000", "ebit": "67365000", "ebitda": "148225000", "netIncome": "61063000"}]}