{"symbol": "TMO", "annualReports": [{"fiscalDateEnding": "2020-12-31", "reportedCurrency": "USD", "grossProfit": "23041000000", "totalRevenue": "31689000000", "costOfRevenue": "8648000000", "costofGoodsAndServicesSold": "16214000000", "operatingIncome": "7794000000", "sellingGeneralAndAdministrative": "6930000000", "researchAndDevelopment": "1181000000", "operatingExpenses": "9892000000", "investmentIncomeNet": "65000000", "netInterestIncome": "-553000000", "interestIncome": "-488000000", "interestExpense": "553000000", "nonInterestIncome": "32242000000", "otherNonOperatingIncome": "-81000000", "depreciation": "658000000", "depreciationAndAmortization": "1667000000", "incomeBeforeTax": "7225000000", "incomeTaxExpense": "850000000", "interestAndDebtExpense": "553000000", "netIncomeFromContinuingOperations": "6375000000", "comprehensiveIncomeNetOfTax": "6247000000", "ebit": "7794000000", "ebitda": "9445000000", "netIncome": "6375000000"}, {"fiscalDateEnding": "2019-12-31", "reportedCurrency": "USD", "grossProfit": "11328000000", "totalRevenue": "24734000000", "costOfRevenue": "7923000000", "costofGoodsAndServicesSold": "14214000000", "operatingIncome": "4594000000", "sellingGeneralAndAdministrative": "6144000000", "researchAndDevelopment": "1003000000", "operatingExpenses": "8946000000", "investmentIncomeNet": "224000000", "netInterestIncome": "-676000000", "interestIncome": "224000000", "interestExpense": "676000000", "nonInterestIncome": "25410000000", "otherNonOperatingIncome": "-72000000", "depreciation": "564000000", "depreciationAndAmortization": "1713000000", "incomeBeforeTax": "4070000000", "incomeTaxExpense": "374000000", "interestAndDebtExpense": "860000000", "netIncomeFromContinuingOperations": "3696000000", "comprehensiveIncomeNetOfTax": "3515000000", "ebit": "4594000000", "ebitda": "6459000000", "netIncome": "3696000000"}, {"fiscalDateEnding": "2018-12-31", "reportedCurrency": "USD", "grossProfit": "10857000000", "totalRevenue": "23710000000", "costOfRevenue": "7847000000", "costofGoodsAndServicesSold": "13501000000", "operatingIncome": "3783000000", "sellingGeneralAndAdministrative": "6057000000", "researchAndDevelopment": "967000000", "operatingExpenses": "8832000000", "investmentIncomeNet": "137000000", "netInterestIncome": "-667000000", "interestIncome": "137000000", "interestExpense": "667000000", "nonInterestIncome": "24377000000", "otherNonOperatingIncome": "9000000", "depreciation": "526000000", "depreciationAndAmortization": "1740000000", "incomeBeforeTax": "3262000000", "incomeTaxExpense": "324000000", "interestAndDebtExpense": "667000000", "netIncomeFromContinuingOperations": "2938000000", "comprehensiveIncomeNetOfTax": "2531000000", "ebit": "3783000000", "ebitda": "5669000000", "netIncome": "2938000000"}, {"fiscalDateEnding": "2017-12-31", "reportedCurrency": "USD", "grossProfit": "9448000000", "totalRevenue": "20918000000", "costOfRevenue": "11470000000", "costofGoodsAndServicesSold": "11470000000", "operatingIncome": "2960000000", "sellingGeneralAndAdministrative": "5504000000", "researchAndDevelopment": "887000000", "operatingExpenses": "8081000000", "investmentIncomeNet": "81000000", "netInterestIncome": "-592000000", "interestIncome": "81000000", "interestExpense": "592000000", "nonInterestIncome": "-35000000", "otherNonOperatingIncome": "-20000000", "depreciation": "439000000", "depreciationAndAmortization": "1590000000", "incomeBeforeTax": "2426000000", "incomeTaxExpense": "201000000", "interestAndDebtExpense": "596000000", "netIncomeFromContinuingOperations": "2228000000", "comprehensiveIncomeNetOfTax": "2858000000", "ebit": "2960000000", "ebitda": "4608000000", "netIncome": "2225000000"}, {"fiscalDateEnding": "2016-12-31", "reportedCurrency": "USD", "grossProfit": "8369000000", "totalRevenue": "18274000000", "costOfRevenue": "9905000000", "costofGoodsAndServicesSold": "9902000000", "operatingIncome": "2458000000", "sellingGeneralAndAdministrative": "4971000000", "researchAndDevelopment": "754000000", "operatingExpenses": "7322100000", "investmentIncomeNet": "48400000", "netInterestIncome": "-469600000", "interestIncome": "-600000", "interestExpense": "469000000", "nonInterestIncome": "5400000", "otherNonOperatingIncome": "-13000000", "depreciation": "380000000", "depreciationAndAmortization": "1380000000", "incomeBeforeTax": "2020800000", "incomeTaxExpense": "-1000000", "interestAndDebtExpense": "478600000", "netIncomeFromContinuingOperations": "2025000000", "comprehensiveIncomeNetOfTax": "1383000000", "ebit": "2458000000", "ebitda": "3869800000", "netIncome": "2021800000"}], "quarterlyReports": [{"fiscalDateEnding": "2021-09-30", "reportedCurrency": "USD", "grossProfit": "7198000000", "totalRevenue": "9202000000", "costOfRevenue": "2004000000", "costofGoodsAndServicesSold": "4679000000", "operatingIncome": "2278000000", "sellingGeneralAndAdministrative": "2004000000", "researchAndDevelopment": "351000000", "operatingExpenses": "2355000000", "investmentIncomeNet": "9000000", "netInterestIncome": "-128000000", "interestIncome": "-119000000", "interestExpense": "128000000", "nonInterestIncome": "9330000000", "otherNonOperatingIncome": "14000000", "depreciation": "205000000", "depreciationAndAmortization": "628000000", "incomeBeforeTax": "2173000000", "incomeTaxExpense": "271000000", "interestAndDebtExpense": "128000000", "netIncomeFromContinuingOperations": "1902000000", "comprehensiveIncomeNetOfTax": "1878000000", "ebit": "2278000000", "ebitda": "2947000000", "netIncome": "1902000000"}, {"fiscalDateEnding": "2021-06-30", "reportedCurrency": "USD", "grossProfit": "7252000000", "totalRevenue": "9151000000", "costOfRevenue": "1899000000", "costofGoodsAndServicesSold": "4749000000", "operatingIncome": "2163000000", "sellingGeneralAndAdministrative": "1899000000", "researchAndDevelopment": "343000000", "operatingExpenses": "2242000000", "investmentIncomeNet": "11000000", "netInterestIncome": "-122000000", "interestIncome": "11000000", "interestExpense": "122000000", "nonInterestIncome": "9273000000", "otherNonOperatingIncome": "-5000000", "depreciation": "211000000", "depreciationAndAmortization": "660000000", "incomeBeforeTax": "2047000000", "incomeTaxExpense": "219000000", "interestAndDebtExpense": "122000000", "netIncomeFromContinuingOperations": "1828000000", "comprehensiveIncomeNetOfTax": "1760000000", "ebit": "2163000000", "ebitda": "2948000000", "netIncome": "1828000000"}, {"fiscalDateEnding": "2021-03-31", "reportedCurrency": "USD", "grossProfit": "7332000000", "totalRevenue": "9584000000", "costOfRevenue": "2252000000", "costofGoodsAndServicesSold": "4697000000", "operatingIncome": "3049000000", "sellingGeneralAndAdministrative": "1826000000", "researchAndDevelopment": "320000000", "operatingExpenses": "2572000000", "investmentIncomeNet": "12000000", "netInterestIncome": "-125000000", "interestIncome": "12000000", "interestExpense": "125000000", "nonInterestIncome": "9709000000", "otherNonOperatingIncome": "-183000000", "depreciation": "198000000", "depreciationAndAmortization": "423000000", "incomeBeforeTax": "2753000000", "incomeTaxExpense": "416000000", "interestAndDebtExpense": "322000000", "netIncomeFromContinuingOperations": "2337000000", "comprehensiveIncomeNetOfTax": "2582000000", "ebit": "3049000000", "ebitda": "3301000000", "netIncome": "2337000000"}, {"fiscalDateEnding": "2020-12-31", "reportedCurrency": "USD", "grossProfit": "7932000000", "totalRevenue": "10428000000", "costOfRevenue": "2496000000", "costofGoodsAndServicesSold": "4994000000", "operatingIncome": "3071000000", "sellingGeneralAndAdministrative": "2077000000", "researchAndDevelopment": "376000000", "operatingExpenses": "2896000000", "investmentIncomeNet": "12000000", "netInterestIncome": "-146000000", "interestIncome": "12000000", "interestExpense": "146000000", "nonInterestIncome": "10574000000", "otherNonOperatingIncome": "-45000000", "depreciation": "191000000", "depreciationAndAmortization": "411000000", "incomeBeforeTax": "2892000000", "incomeTaxExpense": "394000000", "interestAndDebtExpense": "146000000", "netIncomeFromContinuingOperations": "2498000000", "comprehensiveIncomeNetOfTax": "2661000000", "ebit": "3071000000", "ebitda": "3449000000", "netIncome": "2498000000"}, {"fiscalDateEnding": "2020-09-30", "reportedCurrency": "USD", "grossProfit": "6785000000", "totalRevenue": "8377000000", "costOfRevenue": "1592000000", "costofGoodsAndServicesSold": "4190000000", "operatingIncome": "2426000000", "sellingGeneralAndAdministrative": "1592000000", "researchAndDevelopment": "296000000", "operatingExpenses": "1888000000", "investmentIncomeNet": "9000000", "netInterestIncome": "-144000000", "interestIncome": "-135000000", "interestExpense": "144000000", "nonInterestIncome": "8521000000", "otherNonOperatingIncome": "-39000000", "depreciation": "161000000", "depreciationAndAmortization": "414000000", "incomeBeforeTax": "2252000000", "incomeTaxExpense": "319000000", "interestAndDebtExpense": "144000000", "netIncomeFromContinuingOperations": "1933000000", "comprehensiveIncomeNetOfTax": "1952000000", "ebit": "2426000000", "ebitda": "2810000000", "netIncome": "1933000000"}, {"fiscalDateEnding": "2020-06-30", "reportedCurrency": "USD", "grossProfit": "5070000000", "totalRevenue": "6780000000", "costOfRevenue": "1710000000", "costofGoodsAndServicesSold": "3540000000", "operatingIncome": "1391000000", "sellingGeneralAndAdministrative": "1710000000", "researchAndDevelopment": "264000000", "operatingExpenses": "1974000000", "investmentIncomeNet": "8000000", "netInterestIncome": "-137000000", "interestIncome": "8000000", "interestExpense": "137000000", "nonInterestIncome": "6917000000", "otherNonOperatingIncome": "-9000000", "depreciation": "157000000", "depreciationAndAmortization": "417000000", "incomeBeforeTax": "1253000000", "incomeTaxExpense": "97000000", "interestAndDebtExpense": "137000000", "netIncomeFromContinuingOperations": "1156000000", "comprehensiveIncomeNetOfTax": "1255000000", "ebit": "1391000000", "ebitda": "1807000000", "netIncome": "1156000000"}, {"fiscalDateEnding": "2020-03-31", "reportedCurrency": "USD", "grossProfit": "4098000000", "totalRevenue": "6104000000", "costOfRevenue": "2006000000", "costofGoodsAndServicesSold": "3490000000", "operatingIncome": "906000000", "sellingGeneralAndAdministrative": "1551000000", "researchAndDevelopment": "245000000", "operatingExpenses": "2261000000", "investmentIncomeNet": "36000000", "netInterestIncome": "-126000000", "interestIncome": "36000000", "interestExpense": "126000000", "nonInterestIncome": "6230000000", "otherNonOperatingIncome": "12000000", "depreciation": "149000000", "depreciationAndAmortization": "425000000", "incomeBeforeTax": "828000000", "incomeTaxExpense": "40000000", "interestAndDebtExpense": "126000000", "netIncomeFromContinuingOperations": "788000000", "comprehensiveIncomeNetOfTax": "379000000", "ebit": "906000000", "ebitda": "1379000000", "netIncome": "788000000"}, {"fiscalDateEnding": "2019-12-31", "reportedCurrency": "USD", "grossProfit": "3035000000", "totalRevenue": "6829000000", "costOfRevenue": "1963000000", "costofGoodsAndServicesSold": "3794000000", "operatingIncome": "1232000000", "sellingGeneralAndAdministrative": "1512000000", "researchAndDevelopment": "262000000", "operatingExpenses": "2245000000", "investmentIncomeNet": "45000000", "netInterestIncome": "-142000000", "interestIncome": "45000000", "interestExpense": "142000000", "nonInterestIncome": "6829000000", "otherNonOperatingIncome": "-97000000", "depreciation": "148000000", "depreciationAndAmortization": "428000000", "incomeBeforeTax": "3071000000", "incomeTaxExpense": "36000000", "interestAndDebtExpense": "284000000", "netIncomeFromContinuingOperations": "1002000000", "comprehensiveIncomeNetOfTax": "1045000000", "ebit": "1232000000", "ebitda": "3641000000", "netIncome": "3035000000"}, {"fiscalDateEnding": "2019-09-30", "reportedCurrency": "USD", "grossProfit": "2763000000", "totalRevenue": "6108000000", "costOfRevenue": "1539000000", "costofGoodsAndServicesSold": "3509000000", "operatingIncome": "946000000", "sellingGeneralAndAdministrative": "1539000000", "researchAndDevelopment": "247000000", "operatingExpenses": "1786000000", "investmentIncomeNet": "52000000", "netInterestIncome": "-164000000", "interestIncome": "52000000", "interestExpense": "164000000", "nonInterestIncome": "6272000000", "otherNonOperatingIncome": "-12000000", "depreciation": "141000000", "depreciationAndAmortization": "434000000", "incomeBeforeTax": "822000000", "incomeTaxExpense": "62000000", "interestAndDebtExpense": "164000000", "netIncomeFromContinuingOperations": "760000000", "comprehensiveIncomeNetOfTax": "668000000", "ebit": "946000000", "ebitda": "1420000000", "netIncome": "760000000"}, {"fiscalDateEnding": "2019-06-30", "reportedCurrency": "USD", "grossProfit": "2823000000", "totalRevenue": "6135000000", "costOfRevenue": "1565000000", "costofGoodsAndServicesSold": "3493000000", "operatingIncome": "1496000000", "sellingGeneralAndAdministrative": "1565000000", "researchAndDevelopment": "246000000", "operatingExpenses": "1811000000", "investmentIncomeNet": "60000000", "netInterestIncome": "-181000000", "interestIncome": "60000000", "interestExpense": "181000000", "nonInterestIncome": "6316000000", "otherNonOperatingIncome": "18000000", "depreciation": "142000000", "depreciationAndAmortization": "429000000", "incomeBeforeTax": "1393000000", "incomeTaxExpense": "274000000", "interestAndDebtExpense": "181000000", "netIncomeFromContinuingOperations": "1119000000", "comprehensiveIncomeNetOfTax": "998000000", "ebit": "1496000000", "ebitda": "2003000000", "netIncome": "1119000000"}, {"fiscalDateEnding": "2019-03-31", "reportedCurrency": "USD", "grossProfit": "2707000000", "totalRevenue": "5936000000", "costOfRevenue": "1961000000", "costofGoodsAndServicesSold": "3418000000", "operatingIncome": "920000000", "sellingGeneralAndAdministrative": "1528000000", "researchAndDevelopment": "248000000", "operatingExpenses": "2209000000", "investmentIncomeNet": "67000000", "netInterestIncome": "-189000000", "interestIncome": "67000000", "interestExpense": "189000000", "nonInterestIncome": "6125000000", "otherNonOperatingIncome": "19000000", "depreciation": "133000000", "depreciationAndAmortization": "422000000", "incomeBeforeTax": "817000000", "incomeTaxExpense": "2000000", "interestAndDebtExpense": "189000000", "netIncomeFromContinuingOperations": "815000000", "comprehensiveIncomeNetOfTax": "804000000", "ebit": "920000000", "ebitda": "1428000000", "netIncome": "815000000"}, {"fiscalDateEnding": "2018-12-31", "reportedCurrency": "USD", "grossProfit": "2924000000", "totalRevenue": "6507000000", "costOfRevenue": "3265000000", "costofGoodsAndServicesSold": "3583000000", "operatingIncome": "1148000000", "sellingGeneralAndAdministrative": "1510000000", "researchAndDevelopment": "251000000", "operatingExpenses": "3534000000", "investmentIncomeNet": "45000000", "netInterestIncome": "-172000000", "interestIncome": "None", "interestExpense": "172000000", "nonInterestIncome": "6507000000", "otherNonOperatingIncome": "-9000000", "depreciation": "133000000", "depreciationAndAmortization": "424000000", "incomeBeforeTax": "3038000000", "incomeTaxExpense": "114000000", "interestAndDebtExpense": "172000000", "netIncomeFromContinuingOperations": "898000000", "comprehensiveIncomeNetOfTax": "919000000", "ebit": "1148000000", "ebitda": "3634000000", "netIncome": "2924000000"}, {"fiscalDateEnding": "2018-09-30", "reportedCurrency": "USD", "grossProfit": "2615000000", "totalRevenue": "5758000000", "costOfRevenue": "1463000000", "costofGoodsAndServicesSold": "3305000000", "operatingIncome": "912000000", "sellingGeneralAndAdministrative": "1490000000", "researchAndDevelopment": "240000000", "operatingExpenses": "1703000000", "investmentIncomeNet": "41000000", "netInterestIncome": "-162000000", "interestIncome": "None", "interestExpense": "162000000", "nonInterestIncome": "5920000000", "otherNonOperatingIncome": "19000000", "depreciation": "132000000", "depreciationAndAmortization": "431000000", "incomeBeforeTax": "810000000", "incomeTaxExpense": "101000000", "interestAndDebtExpense": "162000000", "netIncomeFromContinuingOperations": "709000000", "comprehensiveIncomeNetOfTax": "681000000", "ebit": "912000000", "ebitda": "1403000000", "netIncome": "709000000"}, {"fiscalDateEnding": "2018-06-30", "reportedCurrency": "USD", "grossProfit": "2738000000", "totalRevenue": "5908000000", "costOfRevenue": "1559000000", "costofGoodsAndServicesSold": "3340000000", "operatingIncome": "937000000", "sellingGeneralAndAdministrative": "1542000000", "researchAndDevelopment": "242000000", "operatingExpenses": "1801000000", "investmentIncomeNet": "31000000", "netInterestIncome": "-170000000", "interestIncome": "None", "interestExpense": "170000000", "nonInterestIncome": "6078000000", "otherNonOperatingIncome": "8000000", "depreciation": "130000000", "depreciationAndAmortization": "441000000", "incomeBeforeTax": "806000000", "incomeTaxExpense": "54000000", "interestAndDebtExpense": "170000000", "netIncomeFromContinuingOperations": "752000000", "comprehensiveIncomeNetOfTax": "303000000", "ebit": "937000000", "ebitda": "1417000000", "netIncome": "752000000"}, {"fiscalDateEnding": "2018-03-31", "reportedCurrency": "USD", "grossProfit": "2580000000", "totalRevenue": "5853000000", "costOfRevenue": "3273000000", "costofGoodsAndServicesSold": "3273000000", "operatingIncome": "786000000", "sellingGeneralAndAdministrative": "1515000000", "researchAndDevelopment": "234000000", "operatingExpenses": "1788000000", "investmentIncomeNet": "20000000", "netInterestIncome": "-163000000", "interestIncome": "None", "interestExpense": "163000000", "nonInterestIncome": "5853000000", "otherNonOperatingIncome": "-9000000", "depreciation": "131000000", "depreciationAndAmortization": "444000000", "incomeBeforeTax": "634000000", "incomeTaxExpense": "55000000", "interestAndDebtExpense": "163000000", "netIncomeFromContinuingOperations": "579000000", "comprehensiveIncomeNetOfTax": "628000000", "ebit": "786000000", "ebitda": "1241000000", "netIncome": "579000000"}, {"fiscalDateEnding": "2017-12-31", "reportedCurrency": "USD", "grossProfit": "2671000000", "totalRevenue": "6047000000", "costOfRevenue": "3376000000", "costofGoodsAndServicesSold": "3376000000", "operatingIncome": "957000000", "sellingGeneralAndAdministrative": "1479000000", "researchAndDevelopment": "233000000", "operatingExpenses": "3336000000", "investmentIncomeNet": "20300000", "netInterestIncome": "-166300000", "interestIncome": "-300000", "interestExpense": "166000000", "nonInterestIncome": "6047000000", "otherNonOperatingIncome": "9000000", "depreciation": "133000000", "depreciationAndAmortization": "573500000", "incomeBeforeTax": "2960000000", "incomeTaxExpense": "290000000", "interestAndDebtExpense": "166300000", "netIncomeFromContinuingOperations": "530000000", "comprehensiveIncomeNetOfTax": "708000000", "ebit": "957000000", "ebitda": "1557300000", "netIncome": "2670000000"}, {"fiscalDateEnding": "2017-09-30", "reportedCurrency": "USD", "grossProfit": "2300000000", "totalRevenue": "5116000000", "costOfRevenue": "2816000000", "costofGoodsAndServicesSold": "2816000000", "operatingIncome": "634000000", "sellingGeneralAndAdministrative": "1400000000", "researchAndDevelopment": "217000000", "operatingExpenses": "1614900000", "investmentIncomeNet": "24400000", "netInterestIncome": "-156700000", "interestIncome": "300000", "interestExpense": "157000000", "nonInterestIncome": "5116000000", "otherNonOperatingIncome": "-22000000", "depreciation": "112000000", "depreciationAndAmortization": "516800000", "incomeBeforeTax": "479900000", "incomeTaxExpense": "-54000000", "interestAndDebtExpense": "156700000", "netIncomeFromContinuingOperations": "534000000", "comprehensiveIncomeNetOfTax": "607000000", "ebit": "634000000", "ebitda": "1154100000", "netIncome": "533900000"}, {"fiscalDateEnding": "2017-06-30", "reportedCurrency": "USD", "grossProfit": "2284000000", "totalRevenue": "4990000000", "costOfRevenue": "2706000000", "costofGoodsAndServicesSold": "2706000000", "operatingIncome": "749000000", "sellingGeneralAndAdministrative": "1291000000", "researchAndDevelopment": "222000000", "operatingExpenses": "1535000000", "investmentIncomeNet": "18000000", "netInterestIncome": "-134000000", "interestIncome": "None", "interestExpense": "134000000", "nonInterestIncome": "4990000000", "otherNonOperatingIncome": "-7000000", "depreciation": "97000000", "depreciationAndAmortization": "478200000", "incomeBeforeTax": "2296000000", "incomeTaxExpense": "13000000", "interestAndDebtExpense": "134000000", "netIncomeFromContinuingOperations": "613000000", "comprehensiveIncomeNetOfTax": "829000000", "ebit": "749000000", "ebitda": "1236800000", "netIncome": "2283000000"}, {"fiscalDateEnding": "2017-03-31", "reportedCurrency": "USD", "grossProfit": "2193000000", "totalRevenue": "4765000000", "costOfRevenue": "2572000000", "costofGoodsAndServicesSold": "2572000000", "operatingIncome": "620000000", "sellingGeneralAndAdministrative": "1334000000", "researchAndDevelopment": "215000000", "operatingExpenses": "1549000000", "investmentIncomeNet": "18000000", "netInterestIncome": "-135000000", "interestIncome": "None", "interestExpense": "135000000", "nonInterestIncome": "4765000000", "otherNonOperatingIncome": "0", "depreciation": "97000000", "depreciationAndAmortization": "464500000", "incomeBeforeTax": "2144000000", "incomeTaxExpense": "-48000000", "interestAndDebtExpense": "135000000", "netIncomeFromContinuingOperations": "551400000", "comprehensiveIncomeNetOfTax": "714000000", "ebit": "620000000", "ebitda": "1102800000", "netIncome": "2192000000"}, {"fiscalDateEnding": "2016-12-31", "reportedCurrency": "USD", "grossProfit": "2279000000", "totalRevenue": "4953000000", "costOfRevenue": "2674000000", "costofGoodsAndServicesSold": "2671400000", "operatingIncome": "761400000", "sellingGeneralAndAdministrative": "1260400000", "researchAndDevelopment": "211800000", "operatingExpenses": "3069300000", "investmentIncomeNet": "14000000", "netInterestIncome": "-131300000", "interestIncome": "-600000", "interestExpense": "130700000", "nonInterestIncome": "12400000", "otherNonOperatingIncome": "7700000", "depreciation": "97400000", "depreciationAndAmortization": "473800000", "incomeBeforeTax": "2298400000", "incomeTaxExpense": "19600000", "interestAndDebtExpense": "133300000", "netIncomeFromContinuingOperations": "632700000", "comprehensiveIncomeNetOfTax": "148100000", "ebit": "761400000", "ebitda": "1253800000", "netIncome": "2278800000"}]}