{"symbol": "TPR", "annualReports": [{"fiscalDateEnding": "2021-06-30", "reportedCurrency": "USD", "grossProfit": "4081900000", "totalRevenue": "5746300000", "costOfRevenue": "1664400000", "costofGoodsAndServicesSold": "1664400000", "operatingIncome": "968000000", "sellingGeneralAndAdministrative": "3584000000", "researchAndDevelopment": "None", "operatingExpenses": "3617400000", "investmentIncomeNet": "None", "netInterestIncome": "-71400000", "interestIncome": "2700000", "interestExpense": "74100000", "nonInterestIncome": "5759500000", "otherNonOperatingIncome": "700000", "depreciation": "None", "depreciationAndAmortization": "800000", "incomeBeforeTax": "897300000", "incomeTaxExpense": "63100000", "interestAndDebtExpense": "74100000", "netIncomeFromContinuingOperations": "834200000", "comprehensiveIncomeNetOfTax": "854400000", "ebit": "968000000", "ebitda": "972200000", "netIncome": "834200000"}, {"fiscalDateEnding": "2020-06-30", "reportedCurrency": "USD", "grossProfit": "3239300000", "totalRevenue": "4961400000", "costOfRevenue": "1722100000", "costofGoodsAndServicesSold": "1596800000", "operatingIncome": "-550800000", "sellingGeneralAndAdministrative": "3617300000", "researchAndDevelopment": "None", "operatingExpenses": "4444500000", "investmentIncomeNet": "None", "netInterestIncome": "-60100000", "interestIncome": "12000000", "interestExpense": "72100000", "nonInterestIncome": "4961400000", "otherNonOperatingIncome": "-13300000", "depreciation": "None", "depreciationAndAmortization": "800000", "incomeBeforeTax": "-624200000", "incomeTaxExpense": "27900000", "interestAndDebtExpense": "72100000", "netIncomeFromContinuingOperations": "-652100000", "comprehensiveIncomeNetOfTax": "-661100000", "ebit": "-550800000", "ebitda": "-551300000", "netIncome": "-652100000"}, {"fiscalDateEnding": "2019-06-30", "reportedCurrency": "USD", "grossProfit": "4053700000", "totalRevenue": "6027100000", "costOfRevenue": "1973400000", "costofGoodsAndServicesSold": "1945600000", "operatingIncome": "819700000", "sellingGeneralAndAdministrative": "3234000000", "researchAndDevelopment": "None", "operatingExpenses": "3341400000", "investmentIncomeNet": "None", "netInterestIncome": "-47900000", "interestIncome": "19000000", "interestExpense": "66900000", "nonInterestIncome": "6027100000", "otherNonOperatingIncome": "None", "depreciation": "None", "depreciationAndAmortization": "268200000", "incomeBeforeTax": "766200000", "incomeTaxExpense": "122800000", "interestAndDebtExpense": "66900000", "netIncomeFromContinuingOperations": "643400000", "comprehensiveIncomeNetOfTax": "643000000", "ebit": "819700000", "ebitda": "1066300000", "netIncome": "643400000"}, {"fiscalDateEnding": "2018-06-30", "reportedCurrency": "USD", "grossProfit": "3848500000", "totalRevenue": "5880000000", "costOfRevenue": "2031500000", "costofGoodsAndServicesSold": "2026100000", "operatingIncome": "672000000", "sellingGeneralAndAdministrative": "3177700000", "researchAndDevelopment": "None", "operatingExpenses": "3192200000", "investmentIncomeNet": "None", "netInterestIncome": "-74000000", "interestIncome": "12300000", "interestExpense": "86300000", "nonInterestIncome": "5880000000", "otherNonOperatingIncome": "None", "depreciation": "None", "depreciationAndAmortization": "260300000", "incomeBeforeTax": "596800000", "incomeTaxExpense": "199300000", "interestAndDebtExpense": "86300000", "netIncomeFromContinuingOperations": "397500000", "comprehensiveIncomeNetOfTax": "401600000", "ebit": "672000000", "ebitda": "857100000", "netIncome": "397500000"}, {"fiscalDateEnding": "2017-06-30", "reportedCurrency": "USD", "grossProfit": "3081100000", "totalRevenue": "4488300000", "costOfRevenue": "1407200000", "costofGoodsAndServicesSold": "1407200000", "operatingIncome": "787400000", "sellingGeneralAndAdministrative": "2293700000", "researchAndDevelopment": "None", "operatingExpenses": "2307900000", "investmentIncomeNet": "None", "netInterestIncome": "-28400000", "interestIncome": "-1600000", "interestExpense": "26800000", "nonInterestIncome": "4488300000", "otherNonOperatingIncome": "None", "depreciation": "None", "depreciationAndAmortization": "212800000", "incomeBeforeTax": "759000000", "incomeTaxExpense": "168000000", "interestAndDebtExpense": "26800000", "netIncomeFromContinuingOperations": "591000000", "comprehensiveIncomeNetOfTax": "577000000", "ebit": "787400000", "ebitda": "971800000", "netIncome": "591000000"}], "quarterlyReports": [{"fiscalDateEnding": "2021-09-30", "reportedCurrency": "USD", "grossProfit": "1068700000", "totalRevenue": "1480900000", "costOfRevenue": "412200000", "costofGoodsAndServicesSold": "412200000", "operatingIncome": "295000000", "sellingGeneralAndAdministrative": "773700000", "researchAndDevelopment": "None", "operatingExpenses": "773900000", "investmentIncomeNet": "None", "netInterestIncome": "-16100000", "interestIncome": "800000", "interestExpense": "16900000", "nonInterestIncome": "1480900000", "otherNonOperatingIncome": "-2200000", "depreciation": "None", "depreciationAndAmortization": "200000", "incomeBeforeTax": "276700000", "incomeTaxExpense": "49800000", "interestAndDebtExpense": "16900000", "netIncomeFromContinuingOperations": "226900000", "comprehensiveIncomeNetOfTax": "216800000", "ebit": "295000000", "ebitda": "293800000", "netIncome": "226900000"}, {"fiscalDateEnding": "2021-06-30", "reportedCurrency": "USD", "grossProfit": "1166100000", "totalRevenue": "1615400000", "costOfRevenue": "449300000", "costofGoodsAndServicesSold": "449300000", "operatingIncome": "259700000", "sellingGeneralAndAdministrative": "1376500000", "researchAndDevelopment": "None", "operatingExpenses": "1376700000", "investmentIncomeNet": "None", "netInterestIncome": "-16400000", "interestIncome": "700000", "interestExpense": "17100000", "nonInterestIncome": "1615400000", "otherNonOperatingIncome": "-1100000", "depreciation": "None", "depreciationAndAmortization": "200000", "incomeBeforeTax": "242200000", "incomeTaxExpense": "42400000", "interestAndDebtExpense": "17100000", "netIncomeFromContinuingOperations": "1166100000", "comprehensiveIncomeNetOfTax": "199600000", "ebit": "259700000", "ebitda": "259500000", "netIncome": "199800000"}, {"fiscalDateEnding": "2021-03-31", "reportedCurrency": "USD", "grossProfit": "911900000", "totalRevenue": "1273300000", "costOfRevenue": "361400000", "costofGoodsAndServicesSold": "361400000", "operatingIncome": "116700000", "sellingGeneralAndAdministrative": "795200000", "researchAndDevelopment": "None", "operatingExpenses": "795400000", "investmentIncomeNet": "None", "netInterestIncome": "-16900000", "interestIncome": "500000", "interestExpense": "17400000", "nonInterestIncome": "1273300000", "otherNonOperatingIncome": "-4400000", "depreciation": "None", "depreciationAndAmortization": "200000", "incomeBeforeTax": "95400000", "incomeTaxExpense": "3700000", "interestAndDebtExpense": "17400000", "netIncomeFromContinuingOperations": "91700000", "comprehensiveIncomeNetOfTax": "70300000", "ebit": "116700000", "ebitda": "113000000", "netIncome": "91700000"}, {"fiscalDateEnding": "2020-12-31", "reportedCurrency": "USD", "grossProfit": "1173700000", "totalRevenue": "1685400000", "costOfRevenue": "511700000", "costofGoodsAndServicesSold": "511000000", "operatingIncome": "389400000", "sellingGeneralAndAdministrative": "784300000", "researchAndDevelopment": "None", "operatingExpenses": "784500000", "investmentIncomeNet": "None", "netInterestIncome": "-18700000", "interestIncome": "700000", "interestExpense": "19400000", "nonInterestIncome": "1685400000", "otherNonOperatingIncome": "3600000", "depreciation": "None", "depreciationAndAmortization": "200000", "incomeBeforeTax": "374300000", "incomeTaxExpense": "63300000", "interestAndDebtExpense": "19400000", "netIncomeFromContinuingOperations": "311000000", "comprehensiveIncomeNetOfTax": "337100000", "ebit": "389400000", "ebitda": "393900000", "netIncome": "311000000"}, {"fiscalDateEnding": "2020-09-30", "reportedCurrency": "USD", "grossProfit": "830200000", "totalRevenue": "1172200000", "costOfRevenue": "342000000", "costofGoodsAndServicesSold": "342000000", "operatingIncome": "202200000", "sellingGeneralAndAdministrative": "628000000", "researchAndDevelopment": "None", "operatingExpenses": "615000000", "investmentIncomeNet": "None", "netInterestIncome": "-19400000", "interestIncome": "800000", "interestExpense": "20200000", "nonInterestIncome": "1185400000", "otherNonOperatingIncome": "2600000", "depreciation": "None", "depreciationAndAmortization": "200000", "incomeBeforeTax": "185400000", "incomeTaxExpense": "-46300000", "interestAndDebtExpense": "20200000", "netIncomeFromContinuingOperations": "231700000", "comprehensiveIncomeNetOfTax": "247400000", "ebit": "202200000", "ebitda": "205800000", "netIncome": "231700000"}, {"fiscalDateEnding": "2020-06-30", "reportedCurrency": "USD", "grossProfit": "498900000", "totalRevenue": "714800000", "costOfRevenue": "215900000", "costofGoodsAndServicesSold": "200200000", "operatingIncome": "-280000000", "sellingGeneralAndAdministrative": "606100000", "researchAndDevelopment": "None", "operatingExpenses": "708300000", "investmentIncomeNet": "None", "netInterestIncome": "-20300000", "interestIncome": "1100000", "interestExpense": "21400000", "nonInterestIncome": "714800000", "otherNonOperatingIncome": "-500000", "depreciation": "None", "depreciationAndAmortization": "200000", "incomeBeforeTax": "-300800000", "incomeTaxExpense": "-7000000", "interestAndDebtExpense": "21400000", "netIncomeFromContinuingOperations": "498900000", "comprehensiveIncomeNetOfTax": "-289300000", "ebit": "-280000000", "ebitda": "-279200000", "netIncome": "-293800000"}, {"fiscalDateEnding": "2020-03-31", "reportedCurrency": "USD", "grossProfit": "616200000", "totalRevenue": "1072700000", "costOfRevenue": "456500000", "costofGoodsAndServicesSold": "352500000", "operatingIncome": "-685500000", "sellingGeneralAndAdministrative": "1301700000", "researchAndDevelopment": "None", "operatingExpenses": "1783000000", "investmentIncomeNet": "None", "netInterestIncome": "-13500000", "interestIncome": "3400000", "interestExpense": "16900000", "nonInterestIncome": "1072700000", "otherNonOperatingIncome": "-6000000", "depreciation": "None", "depreciationAndAmortization": "200000", "incomeBeforeTax": "-705000000", "incomeTaxExpense": "-27900000", "interestAndDebtExpense": "16900000", "netIncomeFromContinuingOperations": "-677100000", "comprehensiveIncomeNetOfTax": "-688800000", "ebit": "-685500000", "ebitda": "-687900000", "netIncome": "-677100000"}, {"fiscalDateEnding": "2019-12-31", "reportedCurrency": "USD", "grossProfit": "1209700000", "totalRevenue": "1816000000", "costOfRevenue": "606300000", "costofGoodsAndServicesSold": "604800000", "operatingIncome": "363100000", "sellingGeneralAndAdministrative": "846600000", "researchAndDevelopment": "None", "operatingExpenses": "850700000", "investmentIncomeNet": "None", "netInterestIncome": "-14000000", "interestIncome": "2800000", "interestExpense": "16800000", "nonInterestIncome": "1816000000", "otherNonOperatingIncome": "5900000", "depreciation": "None", "depreciationAndAmortization": "200000", "incomeBeforeTax": "355000000", "incomeTaxExpense": "56200000", "interestAndDebtExpense": "16800000", "netIncomeFromContinuingOperations": "298800000", "comprehensiveIncomeNetOfTax": "309800000", "ebit": "363100000", "ebitda": "372000000", "netIncome": "298800000"}, {"fiscalDateEnding": "2019-09-30", "reportedCurrency": "USD", "grossProfit": "914500000", "totalRevenue": "1357900000", "costOfRevenue": "443400000", "costofGoodsAndServicesSold": "439300000", "operatingIncome": "51600000", "sellingGeneralAndAdministrative": "862900000", "researchAndDevelopment": "None", "operatingExpenses": "957200000", "investmentIncomeNet": "None", "netInterestIncome": "-12300000", "interestIncome": "4700000", "interestExpense": "17000000", "nonInterestIncome": "1357900000", "otherNonOperatingIncome": "-12700000", "depreciation": "None", "depreciationAndAmortization": "200000", "incomeBeforeTax": "26600000", "incomeTaxExpense": "6600000", "interestAndDebtExpense": "17000000", "netIncomeFromContinuingOperations": "20000000", "comprehensiveIncomeNetOfTax": "7200000", "ebit": "51600000", "ebitda": "43800000", "netIncome": "20000000"}, {"fiscalDateEnding": "2019-06-30", "reportedCurrency": "USD", "grossProfit": "999200000", "totalRevenue": "1513700000", "costOfRevenue": "514500000", "costofGoodsAndServicesSold": "514500000", "operatingIncome": "171100000", "sellingGeneralAndAdministrative": "828100000", "researchAndDevelopment": "None", "operatingExpenses": "862800000", "investmentIncomeNet": "None", "netInterestIncome": "-11000000", "interestIncome": "5800000", "interestExpense": "16800000", "nonInterestIncome": "1513700000", "otherNonOperatingIncome": "None", "depreciation": "None", "depreciationAndAmortization": "78400000", "incomeBeforeTax": "158900000", "incomeTaxExpense": "10000000", "interestAndDebtExpense": "16800000", "netIncomeFromContinuingOperations": "999200000", "comprehensiveIncomeNetOfTax": "156200000", "ebit": "171100000", "ebitda": "303300000", "netIncome": "148900000"}, {"fiscalDateEnding": "2019-03-31", "reportedCurrency": "USD", "grossProfit": "915900000", "totalRevenue": "1331400000", "costOfRevenue": "415500000", "costofGoodsAndServicesSold": "415500000", "operatingIncome": "109800000", "sellingGeneralAndAdministrative": "806100000", "researchAndDevelopment": "None", "operatingExpenses": "830700000", "investmentIncomeNet": "None", "netInterestIncome": "-10600000", "interestIncome": "6100000", "interestExpense": "16700000", "nonInterestIncome": "1331400000", "otherNonOperatingIncome": "-4000000", "depreciation": "None", "depreciationAndAmortization": "63500000", "incomeBeforeTax": "95200000", "incomeTaxExpense": "-22200000", "interestAndDebtExpense": "16700000", "netIncomeFromContinuingOperations": "117400000", "comprehensiveIncomeNetOfTax": "118400000", "ebit": "109800000", "ebitda": "158700000", "netIncome": "117400000"}, {"fiscalDateEnding": "2018-12-31", "reportedCurrency": "USD", "grossProfit": "1203500000", "totalRevenue": "1800800000", "costOfRevenue": "597300000", "costofGoodsAndServicesSold": "597300000", "operatingIncome": "376500000", "sellingGeneralAndAdministrative": "827000000", "researchAndDevelopment": "None", "operatingExpenses": "838000000", "investmentIncomeNet": "None", "netInterestIncome": "-13200000", "interestIncome": "3400000", "interestExpense": "16600000", "nonInterestIncome": "1800800000", "otherNonOperatingIncome": "4200000", "depreciation": "None", "depreciationAndAmortization": "65300000", "incomeBeforeTax": "367500000", "incomeTaxExpense": "112700000", "interestAndDebtExpense": "16600000", "netIncomeFromContinuingOperations": "254800000", "comprehensiveIncomeNetOfTax": "251400000", "ebit": "376500000", "ebitda": "398700000", "netIncome": "254800000"}, {"fiscalDateEnding": "2018-09-30", "reportedCurrency": "USD", "grossProfit": "935100000", "totalRevenue": "1381200000", "costOfRevenue": "446100000", "costofGoodsAndServicesSold": "445500000", "operatingIncome": "162300000", "sellingGeneralAndAdministrative": "772800000", "researchAndDevelopment": "None", "operatingExpenses": "798300000", "investmentIncomeNet": "None", "netInterestIncome": "-13100000", "interestIncome": "3700000", "interestExpense": "16800000", "nonInterestIncome": "1381200000", "otherNonOperatingIncome": "None", "depreciation": "None", "depreciationAndAmortization": "61000000", "incomeBeforeTax": "144600000", "incomeTaxExpense": "22300000", "interestAndDebtExpense": "16800000", "netIncomeFromContinuingOperations": "122300000", "comprehensiveIncomeNetOfTax": "117000000", "ebit": "162300000", "ebitda": "205600000", "netIncome": "122300000"}, {"fiscalDateEnding": "2018-06-30", "reportedCurrency": "USD", "grossProfit": "1001800000", "totalRevenue": "1483700000", "costOfRevenue": "481900000", "costofGoodsAndServicesSold": "480500000", "operatingIncome": "188400000", "sellingGeneralAndAdministrative": "814600000", "researchAndDevelopment": "None", "operatingExpenses": "825100000", "investmentIncomeNet": "None", "netInterestIncome": "-14400000", "interestIncome": "3300000", "interestExpense": "17700000", "nonInterestIncome": "1483700000", "otherNonOperatingIncome": "None", "depreciation": "None", "depreciationAndAmortization": "71700000", "incomeBeforeTax": "172800000", "incomeTaxExpense": "-38900000", "interestAndDebtExpense": "17700000", "netIncomeFromContinuingOperations": "1003200000", "comprehensiveIncomeNetOfTax": "175300000", "ebit": "188400000", "ebitda": "244500000", "netIncome": "211700000"}, {"fiscalDateEnding": "2018-03-31", "reportedCurrency": "USD", "grossProfit": "907600000", "totalRevenue": "1322400000", "costOfRevenue": "414800000", "costofGoodsAndServicesSold": "413500000", "operatingIncome": "159000000", "sellingGeneralAndAdministrative": "748600000", "researchAndDevelopment": "None", "operatingExpenses": "749900000", "investmentIncomeNet": "None", "netInterestIncome": "-16900000", "interestIncome": "2000000", "interestExpense": "18900000", "nonInterestIncome": "1322400000", "otherNonOperatingIncome": "None", "depreciation": "None", "depreciationAndAmortization": "62300000", "incomeBeforeTax": "142100000", "incomeTaxExpense": "1800000", "interestAndDebtExpense": "18900000", "netIncomeFromContinuingOperations": "140300000", "comprehensiveIncomeNetOfTax": "166200000", "ebit": "159000000", "ebitda": "204400000", "netIncome": "140300000"}, {"fiscalDateEnding": "2017-12-31", "reportedCurrency": "USD", "grossProfit": "1176200000", "totalRevenue": "1785000000", "costOfRevenue": "608800000", "costofGoodsAndServicesSold": "607600000", "operatingIncome": "346400000", "sellingGeneralAndAdministrative": "829800000", "researchAndDevelopment": "None", "operatingExpenses": "833200000", "investmentIncomeNet": "None", "netInterestIncome": "-22200000", "interestIncome": "3100000", "interestExpense": "25300000", "nonInterestIncome": "1785000000", "otherNonOperatingIncome": "None", "depreciation": "None", "depreciationAndAmortization": "60800000", "incomeBeforeTax": "324200000", "incomeTaxExpense": "261000000", "interestAndDebtExpense": "25300000", "netIncomeFromContinuingOperations": "63200000", "comprehensiveIncomeNetOfTax": "72200000", "ebit": "346400000", "ebitda": "197700000", "netIncome": "63200000"}, {"fiscalDateEnding": "2017-09-30", "reportedCurrency": "USD", "grossProfit": "762900000", "totalRevenue": "1288900000", "costOfRevenue": "526000000", "costofGoodsAndServicesSold": "524500000", "operatingIncome": "-21800000", "sellingGeneralAndAdministrative": "784700000", "researchAndDevelopment": "None", "operatingExpenses": "786200000", "investmentIncomeNet": "None", "netInterestIncome": "-20500000", "interestIncome": "3900000", "interestExpense": "24400000", "nonInterestIncome": "1288900000", "otherNonOperatingIncome": "None", "depreciation": "None", "depreciationAndAmortization": "65500000", "incomeBeforeTax": "-42300000", "incomeTaxExpense": "-24600000", "interestAndDebtExpense": "24400000", "netIncomeFromContinuingOperations": "-17700000", "comprehensiveIncomeNetOfTax": "-12100000", "ebit": "-21800000", "ebitda": "23200000", "netIncome": "-17700000"}, {"fiscalDateEnding": "2017-06-30", "reportedCurrency": "USD", "grossProfit": "754500000", "totalRevenue": "1133800000", "costOfRevenue": "379300000", "costofGoodsAndServicesSold": "379300000", "operatingIncome": "193000000", "sellingGeneralAndAdministrative": "561500000", "researchAndDevelopment": "None", "operatingExpenses": "575700000", "investmentIncomeNet": "None", "netInterestIncome": "-13600000", "interestIncome": "-8300000", "interestExpense": "5300000", "nonInterestIncome": "1133800000", "otherNonOperatingIncome": "None", "depreciation": "None", "depreciationAndAmortization": "64100000", "incomeBeforeTax": "179400000", "incomeTaxExpense": "27700000", "interestAndDebtExpense": "5300000", "netIncomeFromContinuingOperations": "754500000", "comprehensiveIncomeNetOfTax": "158600000", "ebit": "193000000", "ebitda": "243500000", "netIncome": "151700000"}, {"fiscalDateEnding": "2017-03-31", "reportedCurrency": "USD", "grossProfit": "705700000", "totalRevenue": "995200000", "costOfRevenue": "289500000", "costofGoodsAndServicesSold": "289500000", "operatingIncome": "151100000", "sellingGeneralAndAdministrative": "554600000", "researchAndDevelopment": "None", "operatingExpenses": "554600000", "investmentIncomeNet": "None", "netInterestIncome": "-4000000", "interestIncome": "3100000", "interestExpense": "7100000", "nonInterestIncome": "995200000", "otherNonOperatingIncome": "None", "depreciation": "None", "depreciationAndAmortization": "48500000", "incomeBeforeTax": "147100000", "incomeTaxExpense": "24900000", "interestAndDebtExpense": "7100000", "netIncomeFromContinuingOperations": "705700000", "comprehensiveIncomeNetOfTax": "144100000", "ebit": "151100000", "ebitda": "195600000", "netIncome": "122200000"}, {"fiscalDateEnding": "2016-12-31", "reportedCurrency": "USD", "grossProfit": "906200000", "totalRevenue": "1321700000", "costOfRevenue": "415500000", "costofGoodsAndServicesSold": "415500000", "operatingIncome": "277400000", "sellingGeneralAndAdministrative": "628800000", "researchAndDevelopment": "None", "operatingExpenses": "628800000", "investmentIncomeNet": "None", "netInterestIncome": "-5100000", "interestIncome": "1900000", "interestExpense": "7000000", "nonInterestIncome": "1321700000", "otherNonOperatingIncome": "None", "depreciation": "None", "depreciationAndAmortization": "47900000", "incomeBeforeTax": "272300000", "incomeTaxExpense": "72600000", "interestAndDebtExpense": "7000000", "netIncomeFromContinuingOperations": "199700000", "comprehensiveIncomeNetOfTax": "151600000", "ebit": "277400000", "ebitda": "320200000", "netIncome": "199700000"}]}