{"symbol": "TRMB", "annualReports": [{"fiscalDateEnding": "2020-12-31", "reportedCurrency": "USD", "grossProfit": "1754900000", "totalRevenue": "3152000000", "costOfRevenue": "1397100000", "costofGoodsAndServicesSold": "1392800000", "operatingIncome": "419800000", "sellingGeneralAndAdministrative": "300900000", "researchAndDevelopment": "475900000", "operatingExpenses": "1335100000", "investmentIncomeNet": "None", "netInterestIncome": "-77600000", "interestIncome": "None", "interestExpense": "77600000", "nonInterestIncome": "None", "otherNonOperatingIncome": "13400000", "depreciation": "39700000", "depreciationAndAmortization": "65500000", "incomeBeforeTax": "394300000", "incomeTaxExpense": "4400000", "interestAndDebtExpense": "None", "netIncomeFromContinuingOperations": "390600000", "comprehensiveIncomeNetOfTax": "468200000", "ebit": "419800000", "ebitda": "537400000", "netIncome": "389900000"}, {"fiscalDateEnding": "2019-12-31", "reportedCurrency": "USD", "grossProfit": "1780900000", "totalRevenue": "3271300000", "costOfRevenue": "1490400000", "costofGoodsAndServicesSold": "1483400000", "operatingIncome": "375900000", "sellingGeneralAndAdministrative": "834800000", "researchAndDevelopment": "469700000", "operatingExpenses": "1405000000", "investmentIncomeNet": "None", "netInterestIncome": "-82400000", "interestIncome": "None", "interestExpense": "82400000", "nonInterestIncome": "3264300000", "otherNonOperatingIncome": "15500000", "depreciation": "39400000", "depreciationAndAmortization": "80000000", "incomeBeforeTax": "344600000", "incomeTaxExpense": "-169700000", "interestAndDebtExpense": "None", "netIncomeFromContinuingOperations": "550300000", "comprehensiveIncomeNetOfTax": "523600000", "ebit": "375900000", "ebitda": "455900000", "netIncome": "514300000"}, {"fiscalDateEnding": "2018-12-31", "reportedCurrency": "USD", "grossProfit": "1681000000", "totalRevenue": "3132000000", "costOfRevenue": "1451000000", "costofGoodsAndServicesSold": "1427400000", "operatingIncome": "320700000", "sellingGeneralAndAdministrative": "829600000", "researchAndDevelopment": "446100000", "operatingExpenses": "1360300000", "investmentIncomeNet": "None", "netInterestIncome": "-73200000", "interestIncome": "None", "interestExpense": "73200000", "nonInterestIncome": "3108900000", "otherNonOperatingIncome": "1800000", "depreciation": "35600000", "depreciationAndAmortization": "81100000", "incomeBeforeTax": "277500000", "incomeTaxExpense": "-5300000", "interestAndDebtExpense": "None", "netIncomeFromContinuingOperations": "312000000", "comprehensiveIncomeNetOfTax": "228100000", "ebit": "320700000", "ebitda": "401800000", "netIncome": "282800000"}, {"fiscalDateEnding": "2017-12-31", "reportedCurrency": "USD", "grossProfit": "1377600000", "totalRevenue": "2654200000", "costOfRevenue": "1261600000", "costofGoodsAndServicesSold": "1268900000", "operatingIncome": "235700000", "sellingGeneralAndAdministrative": "706500000", "researchAndDevelopment": "370200000", "operatingExpenses": "1141900000", "investmentIncomeNet": "None", "netInterestIncome": "-25200000", "interestIncome": "None", "interestExpense": "25000000", "nonInterestIncome": "9700000", "otherNonOperatingIncome": "8200000", "depreciation": "34600000", "depreciationAndAmortization": "63000000", "incomeBeforeTax": "248100000", "incomeTaxExpense": "129700000", "interestAndDebtExpense": "None", "netIncomeFromContinuingOperations": "150700000", "comprehensiveIncomeNetOfTax": "208800000", "ebit": "235700000", "ebitda": "298700000", "netIncome": "118400000"}, {"fiscalDateEnding": "2016-12-31", "reportedCurrency": "USD", "grossProfit": "1234500000", "totalRevenue": "2362200000", "costOfRevenue": "1124200000", "costofGoodsAndServicesSold": "1127600000", "operatingIncome": "180400000", "sellingGeneralAndAdministrative": "633600000", "researchAndDevelopment": "349600000", "operatingExpenses": "1054100000", "investmentIncomeNet": "None", "netInterestIncome": "-25900000", "interestIncome": "None", "interestExpense": "25900000", "nonInterestIncome": "1600000", "otherNonOperatingIncome": "5900000", "depreciation": "37000000", "depreciationAndAmortization": "62200000", "incomeBeforeTax": "176300000", "incomeTaxExpense": "43900000", "interestAndDebtExpense": "None", "netIncomeFromContinuingOperations": "149800000", "comprehensiveIncomeNetOfTax": "77500000", "ebit": "180400000", "ebitda": "242600000", "netIncome": "132400000"}], "quarterlyReports": [{"fiscalDateEnding": "2021-09-30", "reportedCurrency": "USD", "grossProfit": "504500000", "totalRevenue": "901400000", "costOfRevenue": "396900000", "costofGoodsAndServicesSold": "396900000", "operatingIncome": "147500000", "sellingGeneralAndAdministrative": "210700000", "researchAndDevelopment": "132500000", "operatingExpenses": "357000000", "investmentIncomeNet": "None", "netInterestIncome": "-15900000", "interestIncome": "None", "interestExpense": "15900000", "nonInterestIncome": "901400000", "otherNonOperatingIncome": "16600000", "depreciation": "10100000", "depreciationAndAmortization": "13400000", "incomeBeforeTax": "156700000", "incomeTaxExpense": "32700000", "interestAndDebtExpense": "None", "netIncomeFromContinuingOperations": "124000000", "comprehensiveIncomeNetOfTax": "95300000", "ebit": "147500000", "ebitda": "160900000", "netIncome": "124000000"}, {"fiscalDateEnding": "2021-06-30", "reportedCurrency": "USD", "grossProfit": "525400000", "totalRevenue": "945300000", "costOfRevenue": "419900000", "costofGoodsAndServicesSold": "419800000", "operatingIncome": "144800000", "sellingGeneralAndAdministrative": "224800000", "researchAndDevelopment": "138300000", "operatingExpenses": "380600000", "investmentIncomeNet": "None", "netInterestIncome": "-16600000", "interestIncome": "None", "interestExpense": "16600000", "nonInterestIncome": "945200000", "otherNonOperatingIncome": "24200000", "depreciation": "10500000", "depreciationAndAmortization": "14100000", "incomeBeforeTax": "162400000", "incomeTaxExpense": "23500000", "interestAndDebtExpense": "None", "netIncomeFromContinuingOperations": "138900000", "comprehensiveIncomeNetOfTax": "157000000", "ebit": "144800000", "ebitda": "158900000", "netIncome": "138900000"}, {"fiscalDateEnding": "2021-03-31", "reportedCurrency": "USD", "grossProfit": "493300000", "totalRevenue": "886700000", "costOfRevenue": "393400000", "costofGoodsAndServicesSold": "393200000", "operatingIncome": "140900000", "sellingGeneralAndAdministrative": "207800000", "researchAndDevelopment": "129400000", "operatingExpenses": "352400000", "investmentIncomeNet": "None", "netInterestIncome": "-16900000", "interestIncome": "None", "interestExpense": "16900000", "nonInterestIncome": "886500000", "otherNonOperatingIncome": "1600000", "depreciation": "10300000", "depreciationAndAmortization": "14900000", "incomeBeforeTax": "137300000", "incomeTaxExpense": "22800000", "interestAndDebtExpense": "None", "netIncomeFromContinuingOperations": "114600000", "comprehensiveIncomeNetOfTax": "83000000", "ebit": "140900000", "ebitda": "155800000", "netIncome": "114500000"}, {"fiscalDateEnding": "2020-12-31", "reportedCurrency": "USD", "grossProfit": "468500000", "totalRevenue": "830000000", "costOfRevenue": "361500000", "costofGoodsAndServicesSold": "361200000", "operatingIncome": "121900000", "sellingGeneralAndAdministrative": "79700000", "researchAndDevelopment": "125800000", "operatingExpenses": "346600000", "investmentIncomeNet": "None", "netInterestIncome": "-17900000", "interestIncome": "None", "interestExpense": "17900000", "nonInterestIncome": "None", "otherNonOperatingIncome": "14800000", "depreciation": "10300000", "depreciationAndAmortization": "47900000", "incomeBeforeTax": "127900000", "incomeTaxExpense": "-52400000", "interestAndDebtExpense": "None", "netIncomeFromContinuingOperations": "180700000", "comprehensiveIncomeNetOfTax": "242800000", "ebit": "121900000", "ebitda": "193700000", "netIncome": "180300000"}, {"fiscalDateEnding": "2020-09-30", "reportedCurrency": "USD", "grossProfit": "439700000", "totalRevenue": "792800000", "costOfRevenue": "353100000", "costofGoodsAndServicesSold": "352400000", "operatingIncome": "102000000", "sellingGeneralAndAdministrative": "191000000", "researchAndDevelopment": "117900000", "operatingExpenses": "337700000", "investmentIncomeNet": "None", "netInterestIncome": "-19600000", "interestIncome": "None", "interestExpense": "19600000", "nonInterestIncome": "792100000", "otherNonOperatingIncome": "3200000", "depreciation": "9900000", "depreciationAndAmortization": "18000000", "incomeBeforeTax": "96300000", "incomeTaxExpense": "11600000", "interestAndDebtExpense": "None", "netIncomeFromContinuingOperations": "84800000", "comprehensiveIncomeNetOfTax": "122000000", "ebit": "102000000", "ebitda": "120000000", "netIncome": "84700000"}, {"fiscalDateEnding": "2020-06-30", "reportedCurrency": "USD", "grossProfit": "405700000", "totalRevenue": "735200000", "costOfRevenue": "329500000", "costofGoodsAndServicesSold": "327900000", "operatingIncome": "97600000", "sellingGeneralAndAdministrative": "172400000", "researchAndDevelopment": "114000000", "operatingExpenses": "308100000", "investmentIncomeNet": "None", "netInterestIncome": "-19600000", "interestIncome": "None", "interestExpense": "19600000", "nonInterestIncome": "733600000", "otherNonOperatingIncome": "3200000", "depreciation": "9700000", "depreciationAndAmortization": "18000000", "incomeBeforeTax": "90700000", "incomeTaxExpense": "27700000", "interestAndDebtExpense": "None", "netIncomeFromContinuingOperations": "63200000", "comprehensiveIncomeNetOfTax": "95600000", "ebit": "97600000", "ebitda": "115600000", "netIncome": "63000000"}, {"fiscalDateEnding": "2020-03-31", "reportedCurrency": "USD", "grossProfit": "441000000", "totalRevenue": "794000000", "costOfRevenue": "353000000", "costofGoodsAndServicesSold": "351300000", "operatingIncome": "98300000", "sellingGeneralAndAdministrative": "204700000", "researchAndDevelopment": "118200000", "operatingExpenses": "342700000", "investmentIncomeNet": "None", "netInterestIncome": "-20500000", "interestIncome": "None", "interestExpense": "20500000", "nonInterestIncome": "792300000", "otherNonOperatingIncome": "-7800000", "depreciation": "9800000", "depreciationAndAmortization": "18400000", "incomeBeforeTax": "79400000", "incomeTaxExpense": "17500000", "interestAndDebtExpense": "None", "netIncomeFromContinuingOperations": "61900000", "comprehensiveIncomeNetOfTax": "7800000", "ebit": "98300000", "ebitda": "116700000", "netIncome": "61900000"}, {"fiscalDateEnding": "2019-12-31", "reportedCurrency": "USD", "grossProfit": "460000000", "totalRevenue": "826700000", "costOfRevenue": "366700000", "costofGoodsAndServicesSold": "364000000", "operatingIncome": "88200000", "sellingGeneralAndAdministrative": "219000000", "researchAndDevelopment": "119600000", "operatingExpenses": "371800000", "investmentIncomeNet": "None", "netInterestIncome": "-20200000", "interestIncome": "None", "interestExpense": "20200000", "nonInterestIncome": "827400000", "otherNonOperatingIncome": "2000000", "depreciation": "9700000", "depreciationAndAmortization": "17900000", "incomeBeforeTax": "75200000", "incomeTaxExpense": "-204100000", "interestAndDebtExpense": "None", "netIncomeFromContinuingOperations": "284700000", "comprehensiveIncomeNetOfTax": "309800000", "ebit": "88200000", "ebitda": "106100000", "netIncome": "279300000"}, {"fiscalDateEnding": "2019-09-30", "reportedCurrency": "USD", "grossProfit": "422000000", "totalRevenue": "784300000", "costOfRevenue": "362300000", "costofGoodsAndServicesSold": "361900000", "operatingIncome": "91700000", "sellingGeneralAndAdministrative": "196900000", "researchAndDevelopment": "112300000", "operatingExpenses": "330300000", "investmentIncomeNet": "None", "netInterestIncome": "-19700000", "interestIncome": "None", "interestExpense": "19700000", "nonInterestIncome": "782400000", "otherNonOperatingIncome": "-1900000", "depreciation": "9400000", "depreciationAndAmortization": "19000000", "incomeBeforeTax": "78900000", "incomeTaxExpense": "800000", "interestAndDebtExpense": "None", "netIncomeFromContinuingOperations": "86900000", "comprehensiveIncomeNetOfTax": "51200000", "ebit": "91700000", "ebitda": "110700000", "netIncome": "78100000"}, {"fiscalDateEnding": "2019-06-30", "reportedCurrency": "USD", "grossProfit": "460600000", "totalRevenue": "855800000", "costOfRevenue": "395200000", "costofGoodsAndServicesSold": "394200000", "operatingIncome": "109700000", "sellingGeneralAndAdministrative": "208700000", "researchAndDevelopment": "119600000", "operatingExpenses": "350900000", "investmentIncomeNet": "None", "netInterestIncome": "-20600000", "interestIncome": "None", "interestExpense": "20600000", "nonInterestIncome": "853800000", "otherNonOperatingIncome": "13400000", "depreciation": "10100000", "depreciationAndAmortization": "21300000", "incomeBeforeTax": "115400000", "incomeTaxExpense": "20800000", "interestAndDebtExpense": "None", "netIncomeFromContinuingOperations": "107500000", "comprehensiveIncomeNetOfTax": "96700000", "ebit": "109700000", "ebitda": "131000000", "netIncome": "94600000"}, {"fiscalDateEnding": "2019-03-31", "reportedCurrency": "USD", "grossProfit": "438300000", "totalRevenue": "804500000", "costOfRevenue": "366200000", "costofGoodsAndServicesSold": "363300000", "operatingIncome": "86300000", "sellingGeneralAndAdministrative": "210200000", "researchAndDevelopment": "118200000", "operatingExpenses": "352000000", "investmentIncomeNet": "None", "netInterestIncome": "-21900000", "interestIncome": "None", "interestExpense": "21900000", "nonInterestIncome": "800700000", "otherNonOperatingIncome": "2000000", "depreciation": "10200000", "depreciationAndAmortization": "21800000", "incomeBeforeTax": "75100000", "incomeTaxExpense": "12800000", "interestAndDebtExpense": "None", "netIncomeFromContinuingOperations": "71200000", "comprehensiveIncomeNetOfTax": "65900000", "ebit": "86300000", "ebitda": "108100000", "netIncome": "62300000"}, {"fiscalDateEnding": "2018-12-31", "reportedCurrency": "USD", "grossProfit": "435200000", "totalRevenue": "809100000", "costOfRevenue": "373900000", "costofGoodsAndServicesSold": "350300000", "operatingIncome": "89600000", "sellingGeneralAndAdministrative": "212400000", "researchAndDevelopment": "112600000", "operatingExpenses": "345600000", "investmentIncomeNet": "None", "netInterestIncome": "-22400000", "interestIncome": "None", "interestExpense": "22400000", "nonInterestIncome": "785500000", "otherNonOperatingIncome": "-4100000", "depreciation": "9400000", "depreciationAndAmortization": "20500000", "incomeBeforeTax": "67700000", "incomeTaxExpense": "-18800000", "interestAndDebtExpense": "None", "netIncomeFromContinuingOperations": "435200000", "comprehensiveIncomeNetOfTax": "54300000", "ebit": "89600000", "ebitda": "110100000", "netIncome": "86500000"}, {"fiscalDateEnding": "2018-09-30", "reportedCurrency": "USD", "grossProfit": "426900000", "totalRevenue": "795200000", "costOfRevenue": "368300000", "costofGoodsAndServicesSold": "368300000", "operatingIncome": "77400000", "sellingGeneralAndAdministrative": "211300000", "researchAndDevelopment": "114100000", "operatingExpenses": "349500000", "investmentIncomeNet": "None", "netInterestIncome": "-22700000", "interestIncome": "None", "interestExpense": "22700000", "nonInterestIncome": "795100000", "otherNonOperatingIncome": "700000", "depreciation": "9000000", "depreciationAndAmortization": "23400000", "incomeBeforeTax": "64100000", "incomeTaxExpense": "-9600000", "interestAndDebtExpense": "None", "netIncomeFromContinuingOperations": "82500000", "comprehensiveIncomeNetOfTax": "81000000", "ebit": "77400000", "ebitda": "100800000", "netIncome": "73700000"}, {"fiscalDateEnding": "2018-06-30", "reportedCurrency": "USD", "grossProfit": "422700000", "totalRevenue": "763900000", "costOfRevenue": "594000000", "costofGoodsAndServicesSold": "362800000", "operatingIncome": "89500000", "sellingGeneralAndAdministrative": "202200000", "researchAndDevelopment": "110100000", "operatingExpenses": "333200000", "investmentIncomeNet": "None", "netInterestIncome": "-18600000", "interestIncome": "None", "interestExpense": "18600000", "nonInterestIncome": "782500000", "otherNonOperatingIncome": "1800000", "depreciation": "8700000", "depreciationAndAmortization": "18700000", "incomeBeforeTax": "79200000", "incomeTaxExpense": "15100000", "interestAndDebtExpense": "None", "netIncomeFromContinuingOperations": "73600000", "comprehensiveIncomeNetOfTax": "4000000", "ebit": "89500000", "ebitda": "108200000", "netIncome": "64100000"}, {"fiscalDateEnding": "2018-03-31", "reportedCurrency": "USD", "grossProfit": "396200000", "totalRevenue": "742200000", "costOfRevenue": "346000000", "costofGoodsAndServicesSold": "346000000", "operatingIncome": "64200000", "sellingGeneralAndAdministrative": "203700000", "researchAndDevelopment": "109300000", "operatingExpenses": "332000000", "investmentIncomeNet": "None", "netInterestIncome": "-9500000", "interestIncome": "None", "interestExpense": "9500000", "nonInterestIncome": "3700000", "otherNonOperatingIncome": "3400000", "depreciation": "8500000", "depreciationAndAmortization": "17400000", "incomeBeforeTax": "66500000", "incomeTaxExpense": "8000000", "interestAndDebtExpense": "None", "netIncomeFromContinuingOperations": "63600000", "comprehensiveIncomeNetOfTax": "88800000", "ebit": "64200000", "ebitda": "81600000", "netIncome": "58500000"}, {"fiscalDateEnding": "2017-12-31", "reportedCurrency": "USD", "grossProfit": "435200000", "totalRevenue": "708400000", "costOfRevenue": "338400000", "costofGoodsAndServicesSold": "340300000", "operatingIncome": "55700000", "sellingGeneralAndAdministrative": "192300000", "researchAndDevelopment": "98100000", "operatingExpenses": "303800000", "investmentIncomeNet": "None", "netInterestIncome": "-6800000", "interestIncome": "None", "interestExpense": "6600000", "nonInterestIncome": "785500000", "otherNonOperatingIncome": "-4000000", "depreciation": "8200000", "depreciationAndAmortization": "16400000", "incomeBeforeTax": "170900000", "incomeTaxExpense": "84400000", "interestAndDebtExpense": "None", "netIncomeFromContinuingOperations": "370000000", "comprehensiveIncomeNetOfTax": "-36500000", "ebit": "55700000", "ebitda": "72100000", "netIncome": "86500000"}, {"fiscalDateEnding": "2017-09-30", "reportedCurrency": "USD", "grossProfit": "426900000", "totalRevenue": "676200000", "costOfRevenue": "320500000", "costofGoodsAndServicesSold": "325000000", "operatingIncome": "66300000", "sellingGeneralAndAdministrative": "174600000", "researchAndDevelopment": "92600000", "operatingExpenses": "284900000", "investmentIncomeNet": "None", "netInterestIncome": "-6300000", "interestIncome": "None", "interestExpense": "6300000", "nonInterestIncome": "1600000", "otherNonOperatingIncome": "1600000", "depreciation": "8700000", "depreciationAndAmortization": "17000000", "incomeBeforeTax": "88400000", "incomeTaxExpense": "14700000", "interestAndDebtExpense": "None", "netIncomeFromContinuingOperations": "64400000", "comprehensiveIncomeNetOfTax": "87200000", "ebit": "66300000", "ebitda": "83300000", "netIncome": "73700000"}, {"fiscalDateEnding": "2017-06-30", "reportedCurrency": "USD", "grossProfit": "422700000", "totalRevenue": "661900000", "costOfRevenue": "315400000", "costofGoodsAndServicesSold": "317300000", "operatingIncome": "59000000", "sellingGeneralAndAdministrative": "175500000", "researchAndDevelopment": "90800000", "operatingExpenses": "283600000", "investmentIncomeNet": "None", "netInterestIncome": "-6000000", "interestIncome": "None", "interestExpense": "6000000", "nonInterestIncome": "0", "otherNonOperatingIncome": "1100000", "depreciation": "8800000", "depreciationAndAmortization": "15300000", "incomeBeforeTax": "80800000", "incomeTaxExpense": "16700000", "interestAndDebtExpense": "None", "netIncomeFromContinuingOperations": "59800000", "comprehensiveIncomeNetOfTax": "82800000", "ebit": "59000000", "ebitda": "74300000", "netIncome": "64100000"}, {"fiscalDateEnding": "2017-03-31", "reportedCurrency": "USD", "grossProfit": "396200000", "totalRevenue": "610600000", "costOfRevenue": "286300000", "costofGoodsAndServicesSold": "286300000", "operatingIncome": "54700000", "sellingGeneralAndAdministrative": "164100000", "researchAndDevelopment": "88700000", "operatingExpenses": "269600000", "investmentIncomeNet": "None", "netInterestIncome": "-6100000", "interestIncome": "None", "interestExpense": "6100000", "nonInterestIncome": "9500000", "otherNonOperatingIncome": "9500000", "depreciation": "8900000", "depreciationAndAmortization": "14300000", "incomeBeforeTax": "72400000", "incomeTaxExpense": "13900000", "interestAndDebtExpense": "None", "netIncomeFromContinuingOperations": "54700000", "comprehensiveIncomeNetOfTax": "75300000", "ebit": "54700000", "ebitda": "69000000", "netIncome": "58500000"}, {"fiscalDateEnding": "2016-12-31", "reportedCurrency": "USD", "grossProfit": "359500000", "totalRevenue": "585500000", "costOfRevenue": "272700000", "costofGoodsAndServicesSold": "334000000", "operatingIncome": "54700000", "sellingGeneralAndAdministrative": "157800000", "researchAndDevelopment": "83000000", "operatingExpenses": "254600000", "investmentIncomeNet": "None", "netInterestIncome": "-6100000", "interestIncome": "None", "interestExpense": "6100000", "nonInterestIncome": "699800000", "otherNonOperatingIncome": "4200000", "depreciation": "9100000", "depreciationAndAmortization": "14900000", "incomeBeforeTax": "-17400000", "incomeTaxExpense": "18500000", "interestAndDebtExpense": "None", "netIncomeFromContinuingOperations": "312800000", "comprehensiveIncomeNetOfTax": "-28800000", "ebit": "54700000", "ebitda": "69600000", "netIncome": "-35900000"}]}