{"symbol": "TT", "annualReports": [{"fiscalDateEnding": "2020-12-31", "reportedCurrency": "USD", "grossProfit": "1158400000", "totalRevenue": "12196000000", "costOfRevenue": "11037600000", "costofGoodsAndServicesSold": "8651300000", "operatingIncome": "1532800000", "sellingGeneralAndAdministrative": "2270600000", "researchAndDevelopment": "165000000", "operatingExpenses": "2551300000", "investmentIncomeNet": "None", "netInterestIncome": "-248700000", "interestIncome": "-268400000", "interestExpense": "248700000", "nonInterestIncome": "12444700000", "otherNonOperatingIncome": "24300000", "depreciation": "172800000", "depreciationAndAmortization": "115700000", "incomeBeforeTax": "1151700000", "incomeTaxExpense": "296800000", "interestAndDebtExpense": "248700000", "netIncomeFromContinuingOperations": "977200000", "comprehensiveIncomeNetOfTax": "1095000000", "ebit": "1400400000", "ebitda": "1516100000", "netIncome": "854900000"}, {"fiscalDateEnding": "2019-12-31", "reportedCurrency": "USD", "grossProfit": "1591000000", "totalRevenue": "16343600000", "costOfRevenue": "14752600000", "costofGoodsAndServicesSold": "9085500000", "operatingIncome": "1670100000", "sellingGeneralAndAdministrative": "2320300000", "researchAndDevelopment": "174200000", "operatingExpenses": "3538100000", "investmentIncomeNet": "3100000", "netInterestIncome": "-243000000", "interestIncome": "-200000", "interestExpense": "242800000", "nonInterestIncome": "16586600000", "otherNonOperatingIncome": "15400000", "depreciation": "167200000", "depreciationAndAmortization": "171300000", "incomeBeforeTax": "1649500000", "incomeTaxExpense": "238600000", "interestAndDebtExpense": "243000000", "netIncomeFromContinuingOperations": "1145100000", "comprehensiveIncomeNetOfTax": "1368400000", "ebit": "1892300000", "ebitda": "2063600000", "netIncome": "1410900000"}, {"fiscalDateEnding": "2018-12-31", "reportedCurrency": "USD", "grossProfit": "1937600000", "totalRevenue": "15827700000", "costOfRevenue": "13890100000", "costofGoodsAndServicesSold": "8582500000", "operatingIncome": "1512100000", "sellingGeneralAndAdministrative": "2249200000", "researchAndDevelopment": "166700000", "operatingExpenses": "3042500000", "investmentIncomeNet": "6400000", "netInterestIncome": "-220700000", "interestIncome": "300000", "interestExpense": "221000000", "nonInterestIncome": "16048400000", "otherNonOperatingIncome": "-1800000", "depreciation": "160700000", "depreciationAndAmortization": "139300000", "incomeBeforeTax": "1572500000", "incomeTaxExpense": "234900000", "interestAndDebtExpense": "220700000", "netIncomeFromContinuingOperations": "1007800000", "comprehensiveIncomeNetOfTax": "1152300000", "ebit": "1793500000", "ebitda": "1932800000", "netIncome": "1337600000"}, {"fiscalDateEnding": "2017-12-31", "reportedCurrency": "USD", "grossProfit": "1706500000", "totalRevenue": "14370800000", "costOfRevenue": "12664300000", "costofGoodsAndServicesSold": "9811600000", "operatingIncome": "1665300000", "sellingGeneralAndAdministrative": "2720700000", "researchAndDevelopment": "210800000", "operatingExpenses": "3063500000", "investmentIncomeNet": "9400000", "netInterestIncome": "-215800000", "interestIncome": "-157200000", "interestExpense": "215800000", "nonInterestIncome": "389000000", "otherNonOperatingIncome": "-31600000", "depreciation": "217300000", "depreciationAndAmortization": "132000000", "incomeBeforeTax": "1382800000", "incomeTaxExpense": "80200000", "interestAndDebtExpense": "215800000", "netIncomeFromContinuingOperations": "1328000000", "comprehensiveIncomeNetOfTax": "1814300000", "ebit": "1598600000", "ebitda": "1730600000", "netIncome": "1302600000"}, {"fiscalDateEnding": "2016-12-31", "reportedCurrency": "USD", "grossProfit": "2013400000", "totalRevenue": "14081200000", "costOfRevenue": "12067800000", "costofGoodsAndServicesSold": "9307900000", "operatingIncome": "1603200000", "sellingGeneralAndAdministrative": "2597800000", "researchAndDevelopment": "207900000", "operatingExpenses": "2946400000", "investmentIncomeNet": "8000000", "netInterestIncome": "-221500000", "interestIncome": "142300000", "interestExpense": "221500000", "nonInterestIncome": "793800000", "otherNonOperatingIncome": "359600000", "depreciation": "216700000", "depreciationAndAmortization": "132000000", "incomeBeforeTax": "1757700000", "incomeTaxExpense": "281500000", "interestAndDebtExpense": "221500000", "netIncomeFromContinuingOperations": "1443300000", "comprehensiveIncomeNetOfTax": "1306600000", "ebit": "1979200000", "ebitda": "2111200000", "netIncome": "1476200000"}], "quarterlyReports": [{"fiscalDateEnding": "2021-09-30", "reportedCurrency": "USD", "grossProfit": "494500000", "totalRevenue": "3659900000", "costOfRevenue": "3165400000", "costofGoodsAndServicesSold": "2515600000", "operatingIncome": "583400000", "sellingGeneralAndAdministrative": "620800000", "researchAndDevelopment": "None", "operatingExpenses": "649800000", "investmentIncomeNet": "None", "netInterestIncome": "-57700000", "interestIncome": "-59100000", "interestExpense": "57700000", "nonInterestIncome": "3717600000", "otherNonOperatingIncome": "-6700000", "depreciation": "None", "depreciationAndAmortization": "29000000", "incomeBeforeTax": "502500000", "incomeTaxExpense": "96800000", "interestAndDebtExpense": "57700000", "netIncomeFromContinuingOperations": "419000000", "comprehensiveIncomeNetOfTax": "348700000", "ebit": "560200000", "ebitda": "589200000", "netIncome": "405700000"}, {"fiscalDateEnding": "2021-06-30", "reportedCurrency": "USD", "grossProfit": "557800000", "totalRevenue": "3767400000", "costOfRevenue": "3209600000", "costofGoodsAndServicesSold": "2559000000", "operatingIncome": "651000000", "sellingGeneralAndAdministrative": "619700000", "researchAndDevelopment": "None", "operatingExpenses": "650600000", "investmentIncomeNet": "None", "netInterestIncome": "-59300000", "interestIncome": "1100000", "interestExpense": "59300000", "nonInterestIncome": "3826700000", "otherNonOperatingIncome": "1000000", "depreciation": "None", "depreciationAndAmortization": "30900000", "incomeBeforeTax": "587500000", "incomeTaxExpense": "122800000", "interestAndDebtExpense": "59300000", "netIncomeFromContinuingOperations": "464900000", "comprehensiveIncomeNetOfTax": "512300000", "ebit": "646800000", "ebitda": "677700000", "netIncome": "464700000"}, {"fiscalDateEnding": "2021-03-31", "reportedCurrency": "USD", "grossProfit": "258000000", "totalRevenue": "2953200000", "costOfRevenue": "2695200000", "costofGoodsAndServicesSold": "2064400000", "operatingIncome": "353200000", "sellingGeneralAndAdministrative": "600000000", "researchAndDevelopment": "None", "operatingExpenses": "630800000", "investmentIncomeNet": "None", "netInterestIncome": "-60700000", "interestIncome": "-63300000", "interestExpense": "60700000", "nonInterestIncome": "3013900000", "otherNonOperatingIncome": "1100000", "depreciation": "None", "depreciationAndAmortization": "30800000", "incomeBeforeTax": "283600000", "incomeTaxExpense": "48400000", "interestAndDebtExpense": "60700000", "netIncomeFromContinuingOperations": "234300000", "comprehensiveIncomeNetOfTax": "166900000", "ebit": "344300000", "ebitda": "375100000", "netIncome": "235200000"}, {"fiscalDateEnding": "2020-12-31", "reportedCurrency": "USD", "grossProfit": "298700000", "totalRevenue": "3115700000", "costOfRevenue": "2817000000", "costofGoodsAndServicesSold": "2231200000", "operatingIncome": "388000000", "sellingGeneralAndAdministrative": "559900000", "researchAndDevelopment": "None", "operatingExpenses": "750800000", "investmentIncomeNet": "None", "netInterestIncome": "-61900000", "interestIncome": "-63400000", "interestExpense": "61900000", "nonInterestIncome": "3177600000", "otherNonOperatingIncome": "2800000", "depreciation": "None", "depreciationAndAmortization": "25900000", "incomeBeforeTax": "317100000", "incomeTaxExpense": "72400000", "interestAndDebtExpense": "61900000", "netIncomeFromContinuingOperations": "245700000", "comprehensiveIncomeNetOfTax": "378500000", "ebit": "379000000", "ebitda": "404900000", "netIncome": "244700000"}, {"fiscalDateEnding": "2020-09-30", "reportedCurrency": "USD", "grossProfit": "472100000", "totalRevenue": "3430600000", "costOfRevenue": "2958500000", "costofGoodsAndServicesSold": "2360800000", "operatingIncome": "566900000", "sellingGeneralAndAdministrative": "567800000", "researchAndDevelopment": "None", "operatingExpenses": "597700000", "investmentIncomeNet": "None", "netInterestIncome": "-62400000", "interestIncome": "-63000000", "interestExpense": "62400000", "nonInterestIncome": "3493000000", "otherNonOperatingIncome": "0", "depreciation": "None", "depreciationAndAmortization": "29900000", "incomeBeforeTax": "490500000", "incomeTaxExpense": "89900000", "interestAndDebtExpense": "62400000", "netIncomeFromContinuingOperations": "406100000", "comprehensiveIncomeNetOfTax": "515700000", "ebit": "552900000", "ebitda": "582800000", "netIncome": "400600000"}, {"fiscalDateEnding": "2020-06-30", "reportedCurrency": "USD", "grossProfit": "330800000", "totalRevenue": "3075700000", "costOfRevenue": "2744900000", "costofGoodsAndServicesSold": "2160500000", "operatingIncome": "423500000", "sellingGeneralAndAdministrative": "554800000", "researchAndDevelopment": "None", "operatingExpenses": "584400000", "investmentIncomeNet": "None", "netInterestIncome": "-61300000", "interestIncome": "-61300000", "interestExpense": "61300000", "nonInterestIncome": "3137000000", "otherNonOperatingIncome": "3000000", "depreciation": "74200000", "depreciationAndAmortization": "29600000", "incomeBeforeTax": "322300000", "incomeTaxExpense": "83500000", "interestAndDebtExpense": "61300000", "netIncomeFromContinuingOperations": "275400000", "comprehensiveIncomeNetOfTax": "288700000", "ebit": "383600000", "ebitda": "413200000", "netIncome": "238800000"}, {"fiscalDateEnding": "2020-03-31", "reportedCurrency": "USD", "grossProfit": "56800000", "totalRevenue": "2574000000", "costOfRevenue": "2517200000", "costofGoodsAndServicesSold": "1898800000", "operatingIncome": "154400000", "sellingGeneralAndAdministrative": "588100000", "researchAndDevelopment": "None", "operatingExpenses": "618400000", "investmentIncomeNet": "None", "netInterestIncome": "-63100000", "interestIncome": "-59100000", "interestExpense": "63100000", "nonInterestIncome": "2637100000", "otherNonOperatingIncome": "18500000", "depreciation": "75000000", "depreciationAndAmortization": "30300000", "incomeBeforeTax": "21800000", "incomeTaxExpense": "51000000", "interestAndDebtExpense": "63100000", "netIncomeFromContinuingOperations": "50000000", "comprehensiveIncomeNetOfTax": "-87900000", "ebit": "84900000", "ebitda": "115200000", "netIncome": "-29200000"}, {"fiscalDateEnding": "2019-12-31", "reportedCurrency": "USD", "grossProfit": "310700000", "totalRevenue": "4084100000", "costOfRevenue": "3773400000", "costofGoodsAndServicesSold": "2266900000", "operatingIncome": "330200000", "sellingGeneralAndAdministrative": "586600000", "researchAndDevelopment": "None", "operatingExpenses": "1106100000", "investmentIncomeNet": "900000", "netInterestIncome": "-63300000", "interestIncome": "100000", "interestExpense": "63400000", "nonInterestIncome": "4147400000", "otherNonOperatingIncome": "2800000", "depreciation": "None", "depreciationAndAmortization": "47900000", "incomeBeforeTax": "342100000", "incomeTaxExpense": "46000000", "interestAndDebtExpense": "63300000", "netIncomeFromContinuingOperations": "209200000", "comprehensiveIncomeNetOfTax": "359300000", "ebit": "405500000", "ebitda": "453400000", "netIncome": "296100000"}, {"fiscalDateEnding": "2019-09-30", "reportedCurrency": "USD", "grossProfit": "506500000", "totalRevenue": "4275100000", "costOfRevenue": "3768600000", "costofGoodsAndServicesSold": "2366600000", "operatingIncome": "536500000", "sellingGeneralAndAdministrative": "567800000", "researchAndDevelopment": "None", "operatingExpenses": "832800000", "investmentIncomeNet": "400000", "netInterestIncome": "-64100000", "interestIncome": "-200000", "interestExpense": "63900000", "nonInterestIncome": "4339200000", "otherNonOperatingIncome": "6500000", "depreciation": "None", "depreciationAndAmortization": "47500000", "incomeBeforeTax": "539300000", "incomeTaxExpense": "80500000", "interestAndDebtExpense": "64100000", "netIncomeFromContinuingOperations": "382600000", "comprehensiveIncomeNetOfTax": "328200000", "ebit": "603200000", "ebitda": "650700000", "netIncome": "458800000"}, {"fiscalDateEnding": "2019-06-30", "reportedCurrency": "USD", "grossProfit": "545200000", "totalRevenue": "4463700000", "costOfRevenue": "3918500000", "costofGoodsAndServicesSold": "2462800000", "operatingIncome": "566900000", "sellingGeneralAndAdministrative": "587900000", "researchAndDevelopment": "None", "operatingExpenses": "824400000", "investmentIncomeNet": "3200000", "netInterestIncome": "-64700000", "interestIncome": "-200000", "interestExpense": "64500000", "nonInterestIncome": "4528400000", "otherNonOperatingIncome": "8900000", "depreciation": "72200000", "depreciationAndAmortization": "41200000", "incomeBeforeTax": "548000000", "incomeTaxExpense": "91900000", "interestAndDebtExpense": "64700000", "netIncomeFromContinuingOperations": "409100000", "comprehensiveIncomeNetOfTax": "475500000", "ebit": "612500000", "ebitda": "653700000", "netIncome": "456100000"}, {"fiscalDateEnding": "2019-03-31", "reportedCurrency": "USD", "grossProfit": "263300000", "totalRevenue": "3520700000", "costOfRevenue": "3257400000", "costofGoodsAndServicesSold": "1989200000", "operatingIncome": "236500000", "sellingGeneralAndAdministrative": "578000000", "researchAndDevelopment": "None", "operatingExpenses": "740100000", "investmentIncomeNet": "-600000", "netInterestIncome": "-50900000", "interestIncome": "100000", "interestExpense": "51000000", "nonInterestIncome": "3571600000", "otherNonOperatingIncome": "-18000000", "depreciation": "70900000", "depreciationAndAmortization": "29100000", "incomeBeforeTax": "220100000", "incomeTaxExpense": "20200000", "interestAndDebtExpense": "50900000", "netIncomeFromContinuingOperations": "144200000", "comprehensiveIncomeNetOfTax": "205400000", "ebit": "271100000", "ebitda": "300200000", "netIncome": "199900000"}, {"fiscalDateEnding": "2018-12-31", "reportedCurrency": "USD", "grossProfit": "757900000", "totalRevenue": "4240500000", "costOfRevenue": "3482600000", "costofGoodsAndServicesSold": "479900000", "operatingIncome": "41400000", "sellingGeneralAndAdministrative": "49400000", "researchAndDevelopment": "None", "operatingExpenses": "737600000", "investmentIncomeNet": "100000", "netInterestIncome": "-49000000", "interestIncome": "300000", "interestExpense": "49300000", "nonInterestIncome": "16062600000", "otherNonOperatingIncome": "14200000", "depreciation": "None", "depreciationAndAmortization": "34200000", "incomeBeforeTax": "329000000", "incomeTaxExpense": "75000000", "interestAndDebtExpense": "49000000", "netIncomeFromContinuingOperations": "-102800000", "comprehensiveIncomeNetOfTax": "209700000", "ebit": "378300000", "ebitda": "412500000", "netIncome": "254000000"}, {"fiscalDateEnding": "2018-09-30", "reportedCurrency": "USD", "grossProfit": "533400000", "totalRevenue": "3977300000", "costOfRevenue": "3443900000", "costofGoodsAndServicesSold": "2718300000", "operatingIncome": "587000000", "sellingGeneralAndAdministrative": "725600000", "researchAndDevelopment": "None", "operatingExpenses": "725600000", "investmentIncomeNet": "100000", "netInterestIncome": "-48500000", "interestIncome": "None", "interestExpense": "48500000", "nonInterestIncome": "-5100000", "otherNonOperatingIncome": "-8500000", "depreciation": "None", "depreciationAndAmortization": "34700000", "incomeBeforeTax": "514000000", "incomeTaxExpense": "-1100000", "interestAndDebtExpense": "48500000", "netIncomeFromContinuingOperations": "526800000", "comprehensiveIncomeNetOfTax": "499900000", "ebit": "562500000", "ebitda": "597200000", "netIncome": "515100000"}, {"fiscalDateEnding": "2018-06-30", "reportedCurrency": "USD", "grossProfit": "588200000", "totalRevenue": "4305600000", "costOfRevenue": "3717400000", "costofGoodsAndServicesSold": "2964100000", "operatingIncome": "640300000", "sellingGeneralAndAdministrative": "753300000", "researchAndDevelopment": "None", "operatingExpenses": "753300000", "investmentIncomeNet": "2600000", "netInterestIncome": "-50300000", "interestIncome": "None", "interestExpense": "50300000", "nonInterestIncome": "-1800000", "otherNonOperatingIncome": "-3500000", "depreciation": "None", "depreciationAndAmortization": "35200000", "incomeBeforeTax": "576100000", "incomeTaxExpense": "128000000", "interestAndDebtExpense": "50300000", "netIncomeFromContinuingOperations": "454000000", "comprehensiveIncomeNetOfTax": "170200000", "ebit": "626400000", "ebitda": "661600000", "netIncome": "448100000"}, {"fiscalDateEnding": "2018-03-31", "reportedCurrency": "USD", "grossProfit": "128000000", "totalRevenue": "3304300000", "costOfRevenue": "3176300000", "costofGoodsAndServicesSold": "2420200000", "operatingIncome": "243400000", "sellingGeneralAndAdministrative": "720900000", "researchAndDevelopment": "None", "operatingExpenses": "756100000", "investmentIncomeNet": "3600000", "netInterestIncome": "-72900000", "interestIncome": "None", "interestExpense": "72900000", "nonInterestIncome": "-7300000", "otherNonOperatingIncome": "-4000000", "depreciation": "None", "depreciationAndAmortization": "35200000", "incomeBeforeTax": "153400000", "incomeTaxExpense": "33000000", "interestAndDebtExpense": "72900000", "netIncomeFromContinuingOperations": "129800000", "comprehensiveIncomeNetOfTax": "272500000", "ebit": "226300000", "ebitda": "261500000", "netIncome": "120400000"}, {"fiscalDateEnding": "2017-12-31", "reportedCurrency": "USD", "grossProfit": "691400000", "totalRevenue": "3956800000", "costOfRevenue": "3265400000", "costofGoodsAndServicesSold": "2542500000", "operatingIncome": "386600000", "sellingGeneralAndAdministrative": "689000000", "researchAndDevelopment": "210800000", "operatingExpenses": "933700000", "investmentIncomeNet": "2700000", "netInterestIncome": "-53800000", "interestIncome": "None", "interestExpense": "53800000", "nonInterestIncome": "392500000", "otherNonOperatingIncome": "-7800000", "depreciation": "None", "depreciationAndAmortization": "33900000", "incomeBeforeTax": "296900000", "incomeTaxExpense": "-163000000", "interestAndDebtExpense": "53800000", "netIncomeFromContinuingOperations": "490800000", "comprehensiveIncomeNetOfTax": "558000000", "ebit": "350700000", "ebitda": "384600000", "netIncome": "459900000"}, {"fiscalDateEnding": "2017-09-30", "reportedCurrency": "USD", "grossProfit": "450200000", "totalRevenue": "3614600000", "costOfRevenue": "3164400000", "costofGoodsAndServicesSold": "2489900000", "operatingIncome": "506100000", "sellingGeneralAndAdministrative": "674500000", "researchAndDevelopment": "None", "operatingExpenses": "674500000", "investmentIncomeNet": "2300000", "netInterestIncome": "-53900000", "interestIncome": "None", "interestExpense": "53900000", "nonInterestIncome": "-2000000", "otherNonOperatingIncome": "-7600000", "depreciation": "None", "depreciationAndAmortization": "33400000", "incomeBeforeTax": "443400000", "incomeTaxExpense": "76400000", "interestAndDebtExpense": "53900000", "netIncomeFromContinuingOperations": "363300000", "comprehensiveIncomeNetOfTax": "483800000", "ebit": "497300000", "ebitda": "530700000", "netIncome": "367000000"}, {"fiscalDateEnding": "2017-06-30", "reportedCurrency": "USD", "grossProfit": "500100000", "totalRevenue": "3850900000", "costOfRevenue": "3350800000", "costofGoodsAndServicesSold": "2653100000", "operatingIncome": "557600000", "sellingGeneralAndAdministrative": "697700000", "researchAndDevelopment": "None", "operatingExpenses": "697700000", "investmentIncomeNet": "1300000", "netInterestIncome": "-54100000", "interestIncome": "None", "interestExpense": "54100000", "nonInterestIncome": "-3400000", "otherNonOperatingIncome": "-11500000", "depreciation": "None", "depreciationAndAmortization": "32400000", "incomeBeforeTax": "496700000", "incomeTaxExpense": "138100000", "interestAndDebtExpense": "54100000", "netIncomeFromContinuingOperations": "350300000", "comprehensiveIncomeNetOfTax": "534800000", "ebit": "550800000", "ebitda": "583200000", "netIncome": "358600000"}, {"fiscalDateEnding": "2017-03-31", "reportedCurrency": "USD", "grossProfit": "130600000", "totalRevenue": "2948500000", "costOfRevenue": "2817900000", "costofGoodsAndServicesSold": "2126100000", "operatingIncome": "215000000", "sellingGeneralAndAdministrative": "659500000", "researchAndDevelopment": "None", "operatingExpenses": "691800000", "investmentIncomeNet": "3100000", "netInterestIncome": "-54000000", "interestIncome": "None", "interestExpense": "54000000", "nonInterestIncome": "1900000", "otherNonOperatingIncome": "-4700000", "depreciation": "None", "depreciationAndAmortization": "32300000", "incomeBeforeTax": "145800000", "incomeTaxExpense": "28700000", "interestAndDebtExpense": "54000000", "netIncomeFromContinuingOperations": "123600000", "comprehensiveIncomeNetOfTax": "237700000", "ebit": "199800000", "ebitda": "232100000", "netIncome": "117100000"}, {"fiscalDateEnding": "2016-12-31", "reportedCurrency": "USD", "grossProfit": "649800000", "totalRevenue": "3694600000", "costOfRevenue": "3044800000", "costofGoodsAndServicesSold": "2347300000", "operatingIncome": "352800000", "sellingGeneralAndAdministrative": "658700000", "researchAndDevelopment": "207900000", "operatingExpenses": "901400000", "investmentIncomeNet": "2600000", "netInterestIncome": "-53800000", "interestIncome": "None", "interestExpense": "53800000", "nonInterestIncome": "389600000", "otherNonOperatingIncome": "-30900000", "depreciation": "None", "depreciationAndAmortization": "32900000", "incomeBeforeTax": "262700000", "incomeTaxExpense": "63900000", "interestAndDebtExpense": "53800000", "netIncomeFromContinuingOperations": "200200000", "comprehensiveIncomeNetOfTax": "-58300000", "ebit": "316500000", "ebitda": "349400000", "netIncome": "198800000"}]}