{"symbol": "TTWO", "annualReports": [{"fiscalDateEnding": "2021-03-31", "reportedCurrency": "USD", "grossProfit": "1837687000", "totalRevenue": "3369915000", "costOfRevenue": "2402722000", "costofGoodsAndServicesSold": "1535085000", "operatingIncome": "629384000", "sellingGeneralAndAdministrative": "835668000", "researchAndDevelopment": "317311000", "operatingExpenses": "1208303000", "investmentIncomeNet": "None", "netInterestIncome": "12494000", "interestIncome": "18701000", "interestExpense": "6207000", "nonInterestIncome": "3369915000", "otherNonOperatingIncome": "8796000", "depreciation": "56309000", "depreciationAndAmortization": "32241000", "incomeBeforeTax": "677816000", "incomeTaxExpense": "88930000", "interestAndDebtExpense": "None", "netIncomeFromContinuingOperations": "588886000", "comprehensiveIncomeNetOfTax": "638598000", "ebit": "629384000", "ebitda": "661625000", "netIncome": "588886000"}, {"fiscalDateEnding": "2020-03-31", "reportedCurrency": "USD", "grossProfit": "1546520000", "totalRevenue": "3084422000", "costOfRevenue": "2340182000", "costofGoodsAndServicesSold": "1542450000", "operatingIncome": "425267000", "sellingGeneralAndAdministrative": "776659000", "researchAndDevelopment": "296398000", "operatingExpenses": "1121253000", "investmentIncomeNet": "None", "netInterestIncome": "44704000", "interestIncome": "47341000", "interestExpense": "2637000", "nonInterestIncome": "3084422000", "otherNonOperatingIncome": "38505000", "depreciation": "47628000", "depreciationAndAmortization": "20990000", "incomeBeforeTax": "458439000", "incomeTaxExpense": "53980000", "interestAndDebtExpense": "None", "netIncomeFromContinuingOperations": "404459000", "comprehensiveIncomeNetOfTax": "383272000", "ebit": "425267000", "ebitda": "446257000", "netIncome": "404459000"}, {"fiscalDateEnding": "2019-03-31", "reportedCurrency": "USD", "grossProfit": "1144750000", "totalRevenue": "2683820000", "costOfRevenue": "2215199000", "costofGoodsAndServicesSold": "1523644000", "operatingIncome": "206672000", "sellingGeneralAndAdministrative": "672634000", "researchAndDevelopment": "230170000", "operatingExpenses": "938078000", "investmentIncomeNet": "None", "netInterestIncome": "-900000", "interestIncome": "38019000", "interestExpense": "900000", "nonInterestIncome": "2684720000", "otherNonOperatingIncome": "26113000", "depreciation": "39726000", "depreciationAndAmortization": "23879000", "incomeBeforeTax": "232785000", "incomeTaxExpense": "-101052000", "interestAndDebtExpense": "900000", "netIncomeFromContinuingOperations": "333837000", "comprehensiveIncomeNetOfTax": "312380000", "ebit": "206672000", "ebitda": "257564000", "netIncome": "333837000"}, {"fiscalDateEnding": "2018-03-31", "reportedCurrency": "USD", "grossProfit": "894581000", "totalRevenue": "1793087000", "costOfRevenue": "1463060000", "costofGoodsAndServicesSold": "898311000", "operatingIncome": "135577000", "sellingGeneralAndAdministrative": "503920000", "researchAndDevelopment": "196373000", "operatingExpenses": "759004000", "investmentIncomeNet": "None", "netInterestIncome": "-16240000", "interestIncome": "-4043000", "interestExpense": "16240000", "nonInterestIncome": "16435000", "otherNonOperatingIncome": "1048000", "depreciation": "32202000", "depreciationAndAmortization": "34830000", "incomeBeforeTax": "136625000", "incomeTaxExpense": "-36908000", "interestAndDebtExpense": "16240000", "netIncomeFromContinuingOperations": "173533000", "comprehensiveIncomeNetOfTax": "204943000", "ebit": "135577000", "ebitda": "187695000", "netIncome": "173533000"}, {"fiscalDateEnding": "2017-03-31", "reportedCurrency": "USD", "grossProfit": "756789000", "totalRevenue": "1769486000", "costOfRevenue": "1526637000", "costofGoodsAndServicesSold": "1022959000", "operatingIncome": "91305000", "sellingGeneralAndAdministrative": "496862000", "researchAndDevelopment": "137915000", "operatingExpenses": "665484000", "investmentIncomeNet": "None", "netInterestIncome": "-22449000", "interestIncome": "-15360000", "interestExpense": "22449000", "nonInterestIncome": "12187000", "otherNonOperatingIncome": "-15690000", "depreciation": "30707000", "depreciationAndAmortization": "6816000", "incomeBeforeTax": "76965000", "incomeTaxExpense": "9662000", "interestAndDebtExpense": "22449000", "netIncomeFromContinuingOperations": "67303000", "comprehensiveIncomeNetOfTax": "58057000", "ebit": "91305000", "ebitda": "106230000", "netIncome": "67303000"}], "quarterlyReports": [{"fiscalDateEnding": "2021-09-30", "reportedCurrency": "USD", "grossProfit": "401516000", "totalRevenue": "858800000", "costOfRevenue": "775636000", "costofGoodsAndServicesSold": "456682000", "operatingIncome": "20151000", "sellingGeneralAndAdministrative": "263350000", "researchAndDevelopment": "101508000", "operatingExpenses": "381365000", "investmentIncomeNet": "None", "netInterestIncome": "-572000", "interestIncome": "None", "interestExpense": "None", "nonInterestIncome": "858800000", "otherNonOperatingIncome": "-572000", "depreciation": "15972000", "depreciationAndAmortization": "105253000", "incomeBeforeTax": "19974000", "incomeTaxExpense": "9677000", "interestAndDebtExpense": "None", "netIncomeFromContinuingOperations": "10297000", "comprehensiveIncomeNetOfTax": "-6680000", "ebit": "20151000", "ebitda": "125227000", "netIncome": "10297000"}, {"fiscalDateEnding": "2021-06-30", "reportedCurrency": "USD", "grossProfit": "483631000", "totalRevenue": "811518000", "costOfRevenue": "547884000", "costofGoodsAndServicesSold": "329715000", "operatingIncome": "170474000", "sellingGeneralAndAdministrative": "208301000", "researchAndDevelopment": "92294000", "operatingExpenses": "313157000", "investmentIncomeNet": "None", "netInterestIncome": "-1027000", "interestIncome": "None", "interestExpense": "1027000", "nonInterestIncome": "811518000", "otherNonOperatingIncome": "-1027000", "depreciation": "12464000", "depreciationAndAmortization": "52190000", "incomeBeforeTax": "171444000", "incomeTaxExpense": "19188000", "interestAndDebtExpense": "None", "netIncomeFromContinuingOperations": "152256000", "comprehensiveIncomeNetOfTax": "158150000", "ebit": "170474000", "ebitda": "224661000", "netIncome": "152256000"}, {"fiscalDateEnding": "2021-03-31", "reportedCurrency": "USD", "grossProfit": "559784000", "totalRevenue": "846092000", "costOfRevenue": "491589000", "costofGoodsAndServicesSold": "279647000", "operatingIncome": "255817000", "sellingGeneralAndAdministrative": "205062000", "researchAndDevelopment": "83559000", "operatingExpenses": "303967000", "investmentIncomeNet": "None", "netInterestIncome": "472000", "interestIncome": "None", "interestExpense": "None", "nonInterestIncome": "846092000", "otherNonOperatingIncome": "-3226000", "depreciation": "15519000", "depreciationAndAmortization": "56625000", "incomeBeforeTax": "253591000", "incomeTaxExpense": "34779000", "interestAndDebtExpense": "None", "netIncomeFromContinuingOperations": "218812000", "comprehensiveIncomeNetOfTax": "215732000", "ebit": "255817000", "ebitda": "310216000", "netIncome": "218812000"}, {"fiscalDateEnding": "2020-12-31", "reportedCurrency": "USD", "grossProfit": "514645000", "totalRevenue": "855057000", "costOfRevenue": "589929000", "costofGoodsAndServicesSold": "346244000", "operatingIncome": "176057000", "sellingGeneralAndAdministrative": "238530000", "researchAndDevelopment": "86428000", "operatingExpenses": "338588000", "investmentIncomeNet": "None", "netInterestIncome": "1098000", "interestIncome": "None", "interestExpense": "None", "nonInterestIncome": "855057000", "otherNonOperatingIncome": "1098000", "depreciation": "14964000", "depreciationAndAmortization": "113392000", "incomeBeforeTax": "216446000", "incomeTaxExpense": "34198000", "interestAndDebtExpense": "None", "netIncomeFromContinuingOperations": "182248000", "comprehensiveIncomeNetOfTax": "211488000", "ebit": "176057000", "ebitda": "329838000", "netIncome": "182248000"}, {"fiscalDateEnding": "2020-09-30", "reportedCurrency": "USD", "grossProfit": "408637000", "totalRevenue": "840113000", "costOfRevenue": "637868000", "costofGoodsAndServicesSold": "432505000", "operatingIncome": "115367000", "sellingGeneralAndAdministrative": "205124000", "researchAndDevelopment": "74216000", "operatingExpenses": "293270000", "investmentIncomeNet": "None", "netInterestIncome": "2706000", "interestIncome": "2706000", "interestExpense": "None", "nonInterestIncome": "840113000", "otherNonOperatingIncome": "2706000", "depreciation": "13528000", "depreciationAndAmortization": "55566000", "incomeBeforeTax": "117418000", "incomeTaxExpense": "18097000", "interestAndDebtExpense": "None", "netIncomeFromContinuingOperations": "99321000", "comprehensiveIncomeNetOfTax": "116628000", "ebit": "115367000", "ebitda": "172984000", "netIncome": "99321000"}, {"fiscalDateEnding": "2020-06-30", "reportedCurrency": "USD", "grossProfit": "354621000", "totalRevenue": "828653000", "costOfRevenue": "663641000", "costofGoodsAndServicesSold": "476689000", "operatingIncome": "82143000", "sellingGeneralAndAdministrative": "186952000", "researchAndDevelopment": "73108000", "operatingExpenses": "272478000", "investmentIncomeNet": "None", "netInterestIncome": "8218000", "interestIncome": "8218000", "interestExpense": "-8218000", "nonInterestIncome": "828653000", "otherNonOperatingIncome": "8218000", "depreciation": "12298000", "depreciationAndAmortization": "74725000", "incomeBeforeTax": "90361000", "incomeTaxExpense": "1856000", "interestAndDebtExpense": "None", "netIncomeFromContinuingOperations": "88505000", "comprehensiveIncomeNetOfTax": "94750000", "ebit": "82143000", "ebitda": "156868000", "netIncome": "88505000"}, {"fiscalDateEnding": "2020-03-31", "reportedCurrency": "USD", "grossProfit": "364901000", "totalRevenue": "760541000", "costOfRevenue": "578427000", "costofGoodsAndServicesSold": "395640000", "operatingIncome": "121884000", "sellingGeneralAndAdministrative": "162181000", "researchAndDevelopment": "68718000", "operatingExpenses": "243017000", "investmentIncomeNet": "None", "netInterestIncome": "14282000", "interestIncome": "2750000", "interestExpense": "-8083000", "nonInterestIncome": "760541000", "otherNonOperatingIncome": "8083000", "depreciation": "12382000", "depreciationAndAmortization": "69493000", "incomeBeforeTax": "124634000", "incomeTaxExpense": "1912000", "interestAndDebtExpense": "None", "netIncomeFromContinuingOperations": "121884000", "comprehensiveIncomeNetOfTax": "102833000", "ebit": "121884000", "ebitda": "186044000", "netIncome": "122722000"}, {"fiscalDateEnding": "2019-12-31", "reportedCurrency": "USD", "grossProfit": "493036000", "totalRevenue": "929573000", "costOfRevenue": "658446000", "costofGoodsAndServicesSold": "437093000", "operatingIncome": "176833000", "sellingGeneralAndAdministrative": "221599000", "researchAndDevelopment": "82520000", "operatingExpenses": "316203000", "investmentIncomeNet": "None", "netInterestIncome": "11943000", "interestIncome": "11943000", "interestExpense": "-82000", "nonInterestIncome": "929573000", "otherNonOperatingIncome": "11943000", "depreciation": "12209000", "depreciationAndAmortization": "60881000", "incomeBeforeTax": "188776000", "incomeTaxExpense": "25134000", "interestAndDebtExpense": "None", "netIncomeFromContinuingOperations": "163642000", "comprehensiveIncomeNetOfTax": "179617000", "ebit": "176833000", "ebitda": "249657000", "netIncome": "163642000"}, {"fiscalDateEnding": "2019-09-30", "reportedCurrency": "USD", "grossProfit": "389593000", "totalRevenue": "860051000", "costOfRevenue": "694800000", "costofGoodsAndServicesSold": "468248000", "operatingIncome": "74820000", "sellingGeneralAndAdministrative": "226225000", "researchAndDevelopment": "76197000", "operatingExpenses": "314773000", "investmentIncomeNet": "None", "netInterestIncome": "8054000", "interestIncome": "8054000", "interestExpense": "-8054000", "nonInterestIncome": "860051000", "otherNonOperatingIncome": "8054000", "depreciation": "11903000", "depreciationAndAmortization": "58977000", "incomeBeforeTax": "82874000", "incomeTaxExpense": "11059000", "interestAndDebtExpense": "None", "netIncomeFromContinuingOperations": "71815000", "comprehensiveIncomeNetOfTax": "61341000", "ebit": "74820000", "ebitda": "133797000", "netIncome": "71815000"}, {"fiscalDateEnding": "2019-06-30", "reportedCurrency": "USD", "grossProfit": "298990000", "totalRevenue": "537161000", "costOfRevenue": "408509000", "costofGoodsAndServicesSold": "241469000", "operatingIncome": "51730000", "sellingGeneralAndAdministrative": "166654000", "researchAndDevelopment": "68963000", "operatingExpenses": "247260000", "investmentIncomeNet": "None", "netInterestIncome": "10425000", "interestIncome": "10425000", "interestExpense": "-10425000", "nonInterestIncome": "537161000", "otherNonOperatingIncome": "10425000", "depreciation": "11134000", "depreciationAndAmortization": "47192000", "incomeBeforeTax": "62155000", "incomeTaxExpense": "15875000", "interestAndDebtExpense": "None", "netIncomeFromContinuingOperations": "46280000", "comprehensiveIncomeNetOfTax": "39481000", "ebit": "51730000", "ebitda": "98922000", "netIncome": "46280000"}, {"fiscalDateEnding": "2019-03-31", "reportedCurrency": "USD", "grossProfit": "280092000", "totalRevenue": "539007000", "costOfRevenue": "437155000", "costofGoodsAndServicesSold": "258914000", "operatingIncome": "58061000", "sellingGeneralAndAdministrative": "153148000", "researchAndDevelopment": "56588000", "operatingExpenses": "222031000", "investmentIncomeNet": "None", "netInterestIncome": "-721000", "interestIncome": "6466000", "interestExpense": "721000", "nonInterestIncome": "539007000", "otherNonOperatingIncome": "6466000", "depreciation": "10957000", "depreciationAndAmortization": "58105000", "incomeBeforeTax": "64527000", "incomeTaxExpense": "7698000", "interestAndDebtExpense": "721000", "netIncomeFromContinuingOperations": "58061000", "comprehensiveIncomeNetOfTax": "70595000", "ebit": "58061000", "ebitda": "150312000", "netIncome": "56829000"}, {"fiscalDateEnding": "2018-12-31", "reportedCurrency": "USD", "grossProfit": "350254000", "totalRevenue": "1259549000", "costOfRevenue": "1124514000", "costofGoodsAndServicesSold": "898484000", "operatingIncome": "51779000", "sellingGeneralAndAdministrative": "231960000", "researchAndDevelopment": "62305000", "operatingExpenses": "298475000", "investmentIncomeNet": "None", "netInterestIncome": "-56000", "interestIncome": "None", "interestExpense": "56000", "nonInterestIncome": "1259549000", "otherNonOperatingIncome": "8071000", "depreciation": "10016000", "depreciationAndAmortization": "155427000", "incomeBeforeTax": "59850000", "incomeTaxExpense": "-120098000", "interestAndDebtExpense": "56000", "netIncomeFromContinuingOperations": "179948000", "comprehensiveIncomeNetOfTax": "166193000", "ebit": "51779000", "ebitda": "207206000", "netIncome": "179948000"}, {"fiscalDateEnding": "2018-09-30", "reportedCurrency": "USD", "grossProfit": "257787000", "totalRevenue": "492420000", "costOfRevenue": "396365000", "costofGoodsAndServicesSold": "234880000", "operatingIncome": "25986000", "sellingGeneralAndAdministrative": "161485000", "researchAndDevelopment": "60565000", "operatingExpenses": "231801000", "investmentIncomeNet": "None", "netInterestIncome": "-28000", "interestIncome": "None", "interestExpense": "28000", "nonInterestIncome": "492420000", "otherNonOperatingIncome": "4975000", "depreciation": "9623000", "depreciationAndAmortization": "28445000", "incomeBeforeTax": "30961000", "incomeTaxExpense": "5594000", "interestAndDebtExpense": "28000", "netIncomeFromContinuingOperations": "25367000", "comprehensiveIncomeNetOfTax": "29184000", "ebit": "25986000", "ebitda": "54431000", "netIncome": "25367000"}, {"fiscalDateEnding": "2018-06-30", "reportedCurrency": "USD", "grossProfit": "256617000", "totalRevenue": "385483000", "costOfRevenue": "257164000", "costofGoodsAndServicesSold": "131365000", "operatingIncome": "70846000", "sellingGeneralAndAdministrative": "126041000", "researchAndDevelopment": "50712000", "operatingExpenses": "185771000", "investmentIncomeNet": "None", "netInterestIncome": "-95000", "interestIncome": "None", "interestExpense": "95000", "nonInterestIncome": "385578000", "otherNonOperatingIncome": "6601000", "depreciation": "9130000", "depreciationAndAmortization": "22849000", "incomeBeforeTax": "77447000", "incomeTaxExpense": "5754000", "interestAndDebtExpense": "95000", "netIncomeFromContinuingOperations": "71693000", "comprehensiveIncomeNetOfTax": "46409000", "ebit": "70846000", "ebitda": "93695000", "netIncome": "71693000"}, {"fiscalDateEnding": "2018-03-31", "reportedCurrency": "USD", "grossProfit": "261063000", "totalRevenue": "450274000", "costOfRevenue": "333672000", "costofGoodsAndServicesSold": "189211000", "operatingIncome": "87825000", "sellingGeneralAndAdministrative": "107901000", "researchAndDevelopment": "54128000", "operatingExpenses": "173238000", "investmentIncomeNet": "None", "netInterestIncome": "-262000", "interestIncome": "None", "interestExpense": "262000", "nonInterestIncome": "450274000", "otherNonOperatingIncome": "3451000", "depreciation": "8969000", "depreciationAndAmortization": "32981000", "incomeBeforeTax": "91276000", "incomeTaxExpense": "423000", "interestAndDebtExpense": "262000", "netIncomeFromContinuingOperations": "87825000", "comprehensiveIncomeNetOfTax": "106216000", "ebit": "87825000", "ebitda": "120806000", "netIncome": "90853000"}, {"fiscalDateEnding": "2017-12-31", "reportedCurrency": "USD", "grossProfit": "212857000", "totalRevenue": "480220000", "costOfRevenue": "414147000", "costofGoodsAndServicesSold": "267983000", "operatingIncome": "8852000", "sellingGeneralAndAdministrative": "145464000", "researchAndDevelopment": "49977000", "operatingExpenses": "204005000", "investmentIncomeNet": "None", "netInterestIncome": "-1581000", "interestIncome": "None", "interestExpense": "1581000", "nonInterestIncome": "-620000", "otherNonOperatingIncome": "3374000", "depreciation": "7864000", "depreciationAndAmortization": "40421000", "incomeBeforeTax": "12226000", "incomeTaxExpense": "-12914000", "interestAndDebtExpense": "1581000", "netIncomeFromContinuingOperations": "25140000", "comprehensiveIncomeNetOfTax": "22516000", "ebit": "8852000", "ebitda": "49273000", "netIncome": "25140000"}, {"fiscalDateEnding": "2017-09-30", "reportedCurrency": "USD", "grossProfit": "197014000", "totalRevenue": "437460000", "costOfRevenue": "385999000", "costofGoodsAndServicesSold": "246548000", "operatingIncome": "-11319000", "sellingGeneralAndAdministrative": "137738000", "researchAndDevelopment": "49999000", "operatingExpenses": "208333000", "investmentIncomeNet": "None", "netInterestIncome": "-8972000", "interestIncome": "None", "interestExpense": "8972000", "nonInterestIncome": "-6102000", "otherNonOperatingIncome": "-2969000", "depreciation": "7626000", "depreciationAndAmortization": "37387000", "incomeBeforeTax": "13815000", "incomeTaxExpense": "-11552000", "interestAndDebtExpense": "8972000", "netIncomeFromContinuingOperations": "-2736000", "comprehensiveIncomeNetOfTax": "6371000", "ebit": "-11319000", "ebitda": "26068000", "netIncome": "25367000"}, {"fiscalDateEnding": "2017-06-30", "reportedCurrency": "USD", "grossProfit": "223647000", "totalRevenue": "404188000", "costOfRevenue": "317985000", "costofGoodsAndServicesSold": "194569000", "operatingIncome": "50219000", "sellingGeneralAndAdministrative": "112817000", "researchAndDevelopment": "42269000", "operatingExpenses": "173428000", "investmentIncomeNet": "None", "netInterestIncome": "-5425000", "interestIncome": "None", "interestExpense": "5425000", "nonInterestIncome": "-8603000", "otherNonOperatingIncome": "-2808000", "depreciation": "7743000", "depreciationAndAmortization": "34130000", "incomeBeforeTax": "47411000", "incomeTaxExpense": "-12865000", "interestAndDebtExpense": "5425000", "netIncomeFromContinuingOperations": "60276000", "comprehensiveIncomeNetOfTax": "69836000", "ebit": "50219000", "ebitda": "84349000", "netIncome": "60276000"}, {"fiscalDateEnding": "2017-03-31", "reportedCurrency": "USD", "grossProfit": "256657000", "totalRevenue": "571555000", "costOfRevenue": "422070000", "costofGoodsAndServicesSold": "314900000", "operatingIncome": "111503000", "sellingGeneralAndAdministrative": "100354000", "researchAndDevelopment": "36421000", "operatingExpenses": "145153000", "investmentIncomeNet": "None", "netInterestIncome": "-3501000", "interestIncome": "None", "interestExpense": "3501000", "nonInterestIncome": "456000", "otherNonOperatingIncome": "-392000", "depreciation": "8378000", "depreciationAndAmortization": "105610000", "incomeBeforeTax": "111111000", "incomeTaxExpense": "11831000", "interestAndDebtExpense": "3501000", "netIncomeFromContinuingOperations": "111503000", "comprehensiveIncomeNetOfTax": "100313000", "ebit": "111503000", "ebitda": "217113000", "netIncome": "99280000"}, {"fiscalDateEnding": "2016-12-31", "reportedCurrency": "USD", "grossProfit": "165399000", "totalRevenue": "476473000", "costOfRevenue": "459833000", "costofGoodsAndServicesSold": "311074000", "operatingIncome": "-28409000", "sellingGeneralAndAdministrative": "148759000", "researchAndDevelopment": "37589000", "operatingExpenses": "193808000", "investmentIncomeNet": "None", "netInterestIncome": "-5188000", "interestIncome": "None", "interestExpense": "5188000", "nonInterestIncome": "11158000", "otherNonOperatingIncome": "-3715000", "depreciation": "7460000", "depreciationAndAmortization": "75418000", "incomeBeforeTax": "-32124000", "incomeTaxExpense": "-2282000", "interestAndDebtExpense": "5188000", "netIncomeFromContinuingOperations": "-29842000", "comprehensiveIncomeNetOfTax": "-35146000", "ebit": "-28409000", "ebitda": "47009000", "netIncome": "-29842000"}]}