{"symbol": "TWTR", "annualReports": [{"fiscalDateEnding": "2020-12-31", "reportedCurrency": "USD", "grossProfit": "2349961000", "totalRevenue": "3716349000", "costOfRevenue": "1366388000", "costofGoodsAndServicesSold": "1366388000", "operatingIncome": "26658000", "sellingGeneralAndAdministrative": "1450292000", "researchAndDevelopment": "873011000", "operatingExpenses": "2837255000", "investmentIncomeNet": "None", "netInterestIncome": "-152878000", "interestIncome": "88178000", "interestExpense": "152878000", "nonInterestIncome": "None", "otherNonOperatingIncome": "-12897000", "depreciation": "None", "depreciationAndAmortization": "495177000", "incomeBeforeTax": "-50939000", "incomeTaxExpense": "1084687000", "interestAndDebtExpense": "152878000", "netIncomeFromContinuingOperations": "-1135626000", "comprehensiveIncomeNetOfTax": "-1131186000", "ebit": "101939000", "ebitda": "597116000", "netIncome": "-1135626000"}, {"fiscalDateEnding": "2019-12-31", "reportedCurrency": "USD", "grossProfit": "2322288000", "totalRevenue": "3459329000", "costOfRevenue": "1137041000", "costofGoodsAndServicesSold": "1137041000", "operatingIncome": "366373000", "sellingGeneralAndAdministrative": "1273634000", "researchAndDevelopment": "682281000", "operatingExpenses": "2421464000", "investmentIncomeNet": "None", "netInterestIncome": "-138180000", "interestIncome": "157703000", "interestExpense": "138180000", "nonInterestIncome": "None", "otherNonOperatingIncome": "4243000", "depreciation": "None", "depreciationAndAmortization": "465549000", "incomeBeforeTax": "390139000", "incomeTaxExpense": "-1075520000", "interestAndDebtExpense": "138180000", "netIncomeFromContinuingOperations": "1465659000", "comprehensiveIncomeNetOfTax": "1460436000", "ebit": "528319000", "ebitda": "993868000", "netIncome": "1465659000"}, {"fiscalDateEnding": "2018-12-31", "reportedCurrency": "USD", "grossProfit": "2077362000", "totalRevenue": "3042359000", "costOfRevenue": "964997000", "costofGoodsAndServicesSold": "964997000", "operatingIncome": "453325000", "sellingGeneralAndAdministrative": "1070179000", "researchAndDevelopment": "553858000", "operatingExpenses": "2049535000", "investmentIncomeNet": "None", "netInterestIncome": "-132606000", "interestIncome": "111221000", "interestExpense": "132606000", "nonInterestIncome": "None", "otherNonOperatingIncome": "-8396000", "depreciation": "406500000", "depreciationAndAmortization": "425498000", "incomeBeforeTax": "423544000", "incomeTaxExpense": "-782052000", "interestAndDebtExpense": "132606000", "netIncomeFromContinuingOperations": "1205596000", "comprehensiveIncomeNetOfTax": "1171864000", "ebit": "556150000", "ebitda": "981648000", "netIncome": "1205596000"}, {"fiscalDateEnding": "2017-12-31", "reportedCurrency": "USD", "grossProfit": "1582057000", "totalRevenue": "2443299000", "costOfRevenue": "861242000", "costofGoodsAndServicesSold": "861242000", "operatingIncome": "38740000", "sellingGeneralAndAdministrative": "1001307000", "researchAndDevelopment": "542010000", "operatingExpenses": "1939184000", "investmentIncomeNet": "None", "netInterestIncome": "-105237000", "interestIncome": "-105237000", "interestExpense": "105237000", "nonInterestIncome": "None", "otherNonOperatingIncome": "-73304000", "depreciation": "349300000", "depreciationAndAmortization": "395867000", "incomeBeforeTax": "-95418000", "incomeTaxExpense": "12645000", "interestAndDebtExpense": "105237000", "netIncomeFromContinuingOperations": "-108063000", "comprehensiveIncomeNetOfTax": "-70389000", "ebit": "9819000", "ebitda": "405686000", "netIncome": "-108063000"}, {"fiscalDateEnding": "2016-12-31", "reportedCurrency": "USD", "grossProfit": "1597379000", "totalRevenue": "2529619000", "costOfRevenue": "932240000", "costofGoodsAndServicesSold": "932240000", "operatingIncome": "-367208000", "sellingGeneralAndAdministrative": "1251105000", "researchAndDevelopment": "713482000", "operatingExpenses": "2366759000", "investmentIncomeNet": "None", "netInterestIncome": "-99968000", "interestIncome": "25300000", "interestExpense": "99968000", "nonInterestIncome": "None", "otherNonOperatingIncome": "2065000", "depreciation": "332800000", "depreciationAndAmortization": "402172000", "incomeBeforeTax": "-440834000", "incomeTaxExpense": "16039000", "interestAndDebtExpense": "99968000", "netIncomeFromContinuingOperations": "-456873000", "comprehensiveIncomeNetOfTax": "-480560000", "ebit": "-340866000", "ebitda": "61306000", "netIncome": "-456873000"}], "quarterlyReports": [{"fiscalDateEnding": "2021-09-30", "reportedCurrency": "USD", "grossProfit": "799338000", "totalRevenue": "1283817000", "costOfRevenue": "484479000", "costofGoodsAndServicesSold": "484479000", "operatingIncome": "-742548000", "sellingGeneralAndAdministrative": "451933000", "researchAndDevelopment": "324252000", "operatingExpenses": "1552686000", "investmentIncomeNet": "None", "netInterestIncome": "-13284000", "interestIncome": "8125000", "interestExpense": "13284000", "nonInterestIncome": "None", "otherNonOperatingIncome": "20625000", "depreciation": "None", "depreciationAndAmortization": "133448000", "incomeBeforeTax": "-727057000", "incomeTaxExpense": "-190300000", "interestAndDebtExpense": "13284000", "netIncomeFromContinuingOperations": "-536782000", "comprehensiveIncomeNetOfTax": "-554495000", "ebit": "-713773000", "ebitda": "-580325000", "netIncome": "-536757000"}, {"fiscalDateEnding": "2021-06-30", "reportedCurrency": "USD", "grossProfit": "773495000", "totalRevenue": "1190427000", "costOfRevenue": "416932000", "costofGoodsAndServicesSold": "416932000", "operatingIncome": "30252000", "sellingGeneralAndAdministrative": "443384000", "researchAndDevelopment": "299859000", "operatingExpenses": "754943000", "investmentIncomeNet": "None", "netInterestIncome": "-13893000", "interestIncome": "9202000", "interestExpense": "13893000", "nonInterestIncome": "None", "otherNonOperatingIncome": "55739000", "depreciation": "None", "depreciationAndAmortization": "134812000", "incomeBeforeTax": "81300000", "incomeTaxExpense": "15651000", "interestAndDebtExpense": "13893000", "netIncomeFromContinuingOperations": "65649000", "comprehensiveIncomeNetOfTax": "73525000", "ebit": "95193000", "ebitda": "230005000", "netIncome": "65649000"}, {"fiscalDateEnding": "2021-03-31", "reportedCurrency": "USD", "grossProfit": "655010000", "totalRevenue": "1036018000", "costOfRevenue": "381008000", "costofGoodsAndServicesSold": "381008000", "operatingIncome": "52182000", "sellingGeneralAndAdministrative": "352119000", "researchAndDevelopment": "250709000", "operatingExpenses": "732475000", "investmentIncomeNet": "None", "netInterestIncome": "-13185000", "interestIncome": "11001000", "interestExpense": "13185000", "nonInterestIncome": "None", "otherNonOperatingIncome": "6000", "depreciation": "None", "depreciationAndAmortization": "131052000", "incomeBeforeTax": "50005000", "incomeTaxExpense": "-18000000", "interestAndDebtExpense": "13185000", "netIncomeFromContinuingOperations": "68004000", "comprehensiveIncomeNetOfTax": "37167000", "ebit": "63190000", "ebitda": "194242000", "netIncome": "68005000"}, {"fiscalDateEnding": "2020-12-31", "reportedCurrency": "USD", "grossProfit": "856117000", "totalRevenue": "1289041000", "costOfRevenue": "432924000", "costofGoodsAndServicesSold": "432924000", "operatingIncome": "251924000", "sellingGeneralAndAdministrative": "356253000", "researchAndDevelopment": "247940000", "operatingExpenses": "734815000", "investmentIncomeNet": "None", "netInterestIncome": "-40166000", "interestIncome": "13101000", "interestExpense": "40166000", "nonInterestIncome": "None", "otherNonOperatingIncome": "-840000", "depreciation": "None", "depreciationAndAmortization": "128708000", "incomeBeforeTax": "224019000", "incomeTaxExpense": "1903000", "interestAndDebtExpense": "40166000", "netIncomeFromContinuingOperations": "222116000", "comprehensiveIncomeNetOfTax": "246109000", "ebit": "264185000", "ebitda": "392893000", "netIncome": "222116000"}, {"fiscalDateEnding": "2020-09-30", "reportedCurrency": "USD", "grossProfit": "574845000", "totalRevenue": "936233000", "costOfRevenue": "361388000", "costofGoodsAndServicesSold": "361388000", "operatingIncome": "56107000", "sellingGeneralAndAdministrative": "309861000", "researchAndDevelopment": "208877000", "operatingExpenses": "524138000", "investmentIncomeNet": "None", "netInterestIncome": "-39614000", "interestIncome": "17167000", "interestExpense": "39614000", "nonInterestIncome": "None", "otherNonOperatingIncome": "-3977000", "depreciation": "None", "depreciationAndAmortization": "121983000", "incomeBeforeTax": "29659000", "incomeTaxExpense": "1000000", "interestAndDebtExpense": "39614000", "netIncomeFromContinuingOperations": "28683000", "comprehensiveIncomeNetOfTax": "31572000", "ebit": "69273000", "ebitda": "191256000", "netIncome": "28659000"}, {"fiscalDateEnding": "2020-06-30", "reportedCurrency": "USD", "grossProfit": "395399000", "totalRevenue": "683438000", "costOfRevenue": "288039000", "costofGoodsAndServicesSold": "288039000", "operatingIncome": "-273930000", "sellingGeneralAndAdministrative": "453523000", "researchAndDevelopment": "215806000", "operatingExpenses": "676929000", "investmentIncomeNet": "None", "netInterestIncome": "-39828000", "interestIncome": "25013000", "interestExpense": "39828000", "nonInterestIncome": "None", "otherNonOperatingIncome": "-361000", "depreciation": "None", "depreciationAndAmortization": "123837000", "incomeBeforeTax": "-289106000", "incomeTaxExpense": "1088899000", "interestAndDebtExpense": "39828000", "netIncomeFromContinuingOperations": "-1378005000", "comprehensiveIncomeNetOfTax": "-1313008000", "ebit": "-249278000", "ebitda": "-125441000", "netIncome": "-1378005000"}, {"fiscalDateEnding": "2020-03-31", "reportedCurrency": "USD", "grossProfit": "523600000", "totalRevenue": "807637000", "costOfRevenue": "284037000", "costofGoodsAndServicesSold": "284037000", "operatingIncome": "-7443000", "sellingGeneralAndAdministrative": "330655000", "researchAndDevelopment": "200388000", "operatingExpenses": "665759000", "investmentIncomeNet": "None", "netInterestIncome": "-33270000", "interestIncome": "32897000", "interestExpense": "33270000", "nonInterestIncome": "None", "otherNonOperatingIncome": "-7719000", "depreciation": "None", "depreciationAndAmortization": "120649000", "incomeBeforeTax": "-15535000", "incomeTaxExpense": "-7139000", "interestAndDebtExpense": "33270000", "netIncomeFromContinuingOperations": "-8396000", "comprehensiveIncomeNetOfTax": "-95859000", "ebit": "17735000", "ebitda": "138384000", "netIncome": "-8396000"}, {"fiscalDateEnding": "2019-12-31", "reportedCurrency": "USD", "grossProfit": "693333000", "totalRevenue": "1007341000", "costOfRevenue": "314008000", "costofGoodsAndServicesSold": "314008000", "operatingIncome": "152884000", "sellingGeneralAndAdministrative": "342209000", "researchAndDevelopment": "198240000", "operatingExpenses": "656922000", "investmentIncomeNet": "None", "netInterestIncome": "-26377000", "interestIncome": "33927000", "interestExpense": "26377000", "nonInterestIncome": "None", "otherNonOperatingIncome": "-2340000", "depreciation": "None", "depreciationAndAmortization": "116473000", "incomeBeforeTax": "158094000", "incomeTaxExpense": "39321000", "interestAndDebtExpense": "26377000", "netIncomeFromContinuingOperations": "123614000", "comprehensiveIncomeNetOfTax": "164148000", "ebit": "184471000", "ebitda": "300944000", "netIncome": "118773000"}, {"fiscalDateEnding": "2019-09-30", "reportedCurrency": "USD", "grossProfit": "542660000", "totalRevenue": "823717000", "costOfRevenue": "281057000", "costofGoodsAndServicesSold": "281057000", "operatingIncome": "44145000", "sellingGeneralAndAdministrative": "319962000", "researchAndDevelopment": "178553000", "operatingExpenses": "517178000", "investmentIncomeNet": "None", "netInterestIncome": "-36226000", "interestIncome": "40348000", "interestExpense": "36226000", "nonInterestIncome": "None", "otherNonOperatingIncome": "-504000", "depreciation": "None", "depreciationAndAmortization": "119986000", "incomeBeforeTax": "47722000", "incomeTaxExpense": "11200000", "interestAndDebtExpense": "36226000", "netIncomeFromContinuingOperations": "36563000", "comprehensiveIncomeNetOfTax": "-32443000", "ebit": "83948000", "ebitda": "203934000", "netIncome": "36522000"}, {"fiscalDateEnding": "2019-06-30", "reportedCurrency": "USD", "grossProfit": "563416000", "totalRevenue": "841381000", "costOfRevenue": "277965000", "costofGoodsAndServicesSold": "277965000", "operatingIncome": "75686000", "sellingGeneralAndAdministrative": "328488000", "researchAndDevelopment": "159242000", "operatingExpenses": "509214000", "investmentIncomeNet": "None", "netInterestIncome": "-38317000", "interestIncome": "42887000", "interestExpense": "38317000", "nonInterestIncome": "None", "otherNonOperatingIncome": "7523000", "depreciation": "None", "depreciationAndAmortization": "115616000", "incomeBeforeTax": "89560000", "incomeTaxExpense": "-1030000000", "interestAndDebtExpense": "38317000", "netIncomeFromContinuingOperations": "1117779000", "comprehensiveIncomeNetOfTax": "1129281000", "ebit": "127877000", "ebitda": "243493000", "netIncome": "1119560000"}, {"fiscalDateEnding": "2019-03-31", "reportedCurrency": "USD", "grossProfit": "522879000", "totalRevenue": "786890000", "costOfRevenue": "264011000", "costofGoodsAndServicesSold": "264011000", "operatingIncome": "93658000", "sellingGeneralAndAdministrative": "282975000", "researchAndDevelopment": "146246000", "operatingExpenses": "542695000", "investmentIncomeNet": "None", "netInterestIncome": "-37260000", "interestIncome": "40541000", "interestExpense": "37260000", "nonInterestIncome": "None", "otherNonOperatingIncome": "-436000", "depreciation": "None", "depreciationAndAmortization": "113474000", "incomeBeforeTax": "96503000", "incomeTaxExpense": "-94301000", "interestAndDebtExpense": "37260000", "netIncomeFromContinuingOperations": "190804000", "comprehensiveIncomeNetOfTax": "199450000", "ebit": "133763000", "ebitda": "247237000", "netIncome": "190804000"}, {"fiscalDateEnding": "2018-12-31", "reportedCurrency": "USD", "grossProfit": "640491000", "totalRevenue": "908836000", "costOfRevenue": "268345000", "costofGoodsAndServicesSold": "268345000", "operatingIncome": "206908000", "sellingGeneralAndAdministrative": "292409000", "researchAndDevelopment": "141174000", "operatingExpenses": "544306000", "investmentIncomeNet": "None", "netInterestIncome": "-37273000", "interestIncome": "None", "interestExpense": "37273000", "nonInterestIncome": "None", "otherNonOperatingIncome": "-111000", "depreciation": "None", "depreciationAndAmortization": "110723000", "incomeBeforeTax": "206537000", "incomeTaxExpense": "-48766000", "interestAndDebtExpense": "37273000", "netIncomeFromContinuingOperations": "255303000", "comprehensiveIncomeNetOfTax": "253085000", "ebit": "243810000", "ebitda": "354533000", "netIncome": "255303000"}, {"fiscalDateEnding": "2018-09-30", "reportedCurrency": "USD", "grossProfit": "514467000", "totalRevenue": "758111000", "costOfRevenue": "243644000", "costofGoodsAndServicesSold": "243644000", "operatingIncome": "91868000", "sellingGeneralAndAdministrative": "271835000", "researchAndDevelopment": "150764000", "operatingExpenses": "426999000", "investmentIncomeNet": "None", "netInterestIncome": "-38336000", "interestIncome": "None", "interestExpense": "38336000", "nonInterestIncome": "None", "otherNonOperatingIncome": "-2341000", "depreciation": "None", "depreciationAndAmortization": "111947000", "incomeBeforeTax": "87279000", "incomeTaxExpense": "-701900000", "interestAndDebtExpense": "38336000", "netIncomeFromContinuingOperations": "789179000", "comprehensiveIncomeNetOfTax": "782520000", "ebit": "125615000", "ebitda": "237562000", "netIncome": "789179000"}, {"fiscalDateEnding": "2018-06-30", "reportedCurrency": "USD", "grossProfit": "480356000", "totalRevenue": "710541000", "costOfRevenue": "230185000", "costofGoodsAndServicesSold": "230185000", "operatingIncome": "79624000", "sellingGeneralAndAdministrative": "262158000", "researchAndDevelopment": "138574000", "operatingExpenses": "405632000", "investmentIncomeNet": "None", "netInterestIncome": "-29982000", "interestIncome": "None", "interestExpense": "29982000", "nonInterestIncome": "None", "otherNonOperatingIncome": "-5735000", "depreciation": "None", "depreciationAndAmortization": "105982000", "incomeBeforeTax": "65867000", "incomeTaxExpense": "-34250000", "interestAndDebtExpense": "29982000", "netIncomeFromContinuingOperations": "100117000", "comprehensiveIncomeNetOfTax": "66008000", "ebit": "95849000", "ebitda": "201831000", "netIncome": "100117000"}, {"fiscalDateEnding": "2018-03-31", "reportedCurrency": "USD", "grossProfit": "442048000", "totalRevenue": "664871000", "costOfRevenue": "222823000", "costofGoodsAndServicesSold": "222823000", "operatingIncome": "74925000", "sellingGeneralAndAdministrative": "243777000", "researchAndDevelopment": "123346000", "operatingExpenses": "463969000", "investmentIncomeNet": "None", "netInterestIncome": "-27015000", "interestIncome": "None", "interestExpense": "27015000", "nonInterestIncome": "None", "otherNonOperatingIncome": "-209000", "depreciation": "None", "depreciationAndAmortization": "96846000", "incomeBeforeTax": "63882000", "incomeTaxExpense": "2885000", "interestAndDebtExpense": "27015000", "netIncomeFromContinuingOperations": "60997000", "comprehensiveIncomeNetOfTax": "70251000", "ebit": "90897000", "ebitda": "187743000", "netIncome": "60997000"}, {"fiscalDateEnding": "2017-12-31", "reportedCurrency": "USD", "grossProfit": "513581000", "totalRevenue": "731560000", "costOfRevenue": "217979000", "costofGoodsAndServicesSold": "217979000", "operatingIncome": "110098000", "sellingGeneralAndAdministrative": "269487000", "researchAndDevelopment": "133996000", "operatingExpenses": "496003000", "investmentIncomeNet": "None", "netInterestIncome": "-26700000", "interestIncome": "None", "interestExpense": "26700000", "nonInterestIncome": "None", "otherNonOperatingIncome": "-3194000", "depreciation": "None", "depreciationAndAmortization": "92520000", "incomeBeforeTax": "93553000", "incomeTaxExpense": "2474000", "interestAndDebtExpense": "26700000", "netIncomeFromContinuingOperations": "91079000", "comprehensiveIncomeNetOfTax": "96256000", "ebit": "120253000", "ebitda": "212773000", "netIncome": "91079000"}, {"fiscalDateEnding": "2017-09-30", "reportedCurrency": "USD", "grossProfit": "379617000", "totalRevenue": "589633000", "costOfRevenue": "210016000", "costofGoodsAndServicesSold": "210016000", "operatingIncome": "7279000", "sellingGeneralAndAdministrative": "236223000", "researchAndDevelopment": "136115000", "operatingExpenses": "383438000", "investmentIncomeNet": "None", "netInterestIncome": "-26732000", "interestIncome": "None", "interestExpense": "26732000", "nonInterestIncome": "None", "otherNonOperatingIncome": "-10106000", "depreciation": "None", "depreciationAndAmortization": "97492000", "incomeBeforeTax": "-17531000", "incomeTaxExpense": "3564000", "interestAndDebtExpense": "26732000", "netIncomeFromContinuingOperations": "-21095000", "comprehensiveIncomeNetOfTax": "-11023000", "ebit": "9201000", "ebitda": "106693000", "netIncome": "-21095000"}, {"fiscalDateEnding": "2017-06-30", "reportedCurrency": "USD", "grossProfit": "360947000", "totalRevenue": "573855000", "costOfRevenue": "212908000", "costofGoodsAndServicesSold": "212908000", "operatingIncome": "-38359000", "sellingGeneralAndAdministrative": "256135000", "researchAndDevelopment": "143171000", "operatingExpenses": "413606000", "investmentIncomeNet": "None", "netInterestIncome": "-26396000", "interestIncome": "None", "interestExpense": "26396000", "nonInterestIncome": "None", "otherNonOperatingIncome": "-58806000", "depreciation": "None", "depreciationAndAmortization": "103063000", "incomeBeforeTax": "-113075000", "incomeTaxExpense": "3413000", "interestAndDebtExpense": "26396000", "netIncomeFromContinuingOperations": "-116488000", "comprehensiveIncomeNetOfTax": "-101957000", "ebit": "-86679000", "ebitda": "16384000", "netIncome": "-116488000"}, {"fiscalDateEnding": "2017-03-31", "reportedCurrency": "USD", "grossProfit": "327912000", "totalRevenue": "548251000", "costOfRevenue": "220339000", "costofGoodsAndServicesSold": "220339000", "operatingIncome": "-40278000", "sellingGeneralAndAdministrative": "239462000", "researchAndDevelopment": "128728000", "operatingExpenses": "470982000", "investmentIncomeNet": "None", "netInterestIncome": "-25409000", "interestIncome": "None", "interestExpense": "25409000", "nonInterestIncome": "None", "otherNonOperatingIncome": "-1198000", "depreciation": "None", "depreciationAndAmortization": "102792000", "incomeBeforeTax": "-58365000", "incomeTaxExpense": "3194000", "interestAndDebtExpense": "25409000", "netIncomeFromContinuingOperations": "-61559000", "comprehensiveIncomeNetOfTax": "-53665000", "ebit": "-32956000", "ebitda": "69836000", "netIncome": "-61559000"}, {"fiscalDateEnding": "2016-12-31", "reportedCurrency": "USD", "grossProfit": "411496000", "totalRevenue": "717206000", "costOfRevenue": "305710000", "costofGoodsAndServicesSold": "305710000", "operatingIncome": "-143627000", "sellingGeneralAndAdministrative": "352995000", "researchAndDevelopment": "202128000", "operatingExpenses": "674513000", "investmentIncomeNet": "None", "netInterestIncome": "-25281000", "interestIncome": "None", "interestExpense": "25281000", "nonInterestIncome": "None", "otherNonOperatingIncome": "-17615000", "depreciation": "None", "depreciationAndAmortization": "119390000", "incomeBeforeTax": "-162246000", "incomeTaxExpense": "4808000", "interestAndDebtExpense": "25281000", "netIncomeFromContinuingOperations": "-167054000", "comprehensiveIncomeNetOfTax": "-189998000", "ebit": "-136965000", "ebitda": "-17575000", "netIncome": "-167054000"}]}