{"symbol": "UA", "annualReports": [{"fiscalDateEnding": "2020-12-31", "reportedCurrency": "USD", "grossProfit": "2160095000", "totalRevenue": "4474667000", "costOfRevenue": "2314572000", "costofGoodsAndServicesSold": "2314572000", "operatingIncome": "-613438000", "sellingGeneralAndAdministrative": "2171934000", "researchAndDevelopment": "None", "operatingExpenses": "2821657000", "investmentIncomeNet": "None", "netInterestIncome": "-47259000", "interestIncome": "-29989000", "interestExpense": "17270000", "nonInterestIncome": "5555000", "otherNonOperatingIncome": "168153000", "depreciation": "154400000", "depreciationAndAmortization": "164984000", "incomeBeforeTax": "-499790000", "incomeTaxExpense": "49387000", "interestAndDebtExpense": "17270000", "netIncomeFromContinuingOperations": "-549177000", "comprehensiveIncomeNetOfTax": "-557597000", "ebit": "-613438000", "ebitda": "-317536000", "netIncome": "-549177000"}, {"fiscalDateEnding": "2019-12-31", "reportedCurrency": "USD", "grossProfit": "2470533000", "totalRevenue": "5267132000", "costOfRevenue": "2796599000", "costofGoodsAndServicesSold": "2796599000", "operatingIncome": "236770000", "sellingGeneralAndAdministrative": "2233763000", "researchAndDevelopment": "None", "operatingExpenses": "2463828000", "investmentIncomeNet": "None", "netInterestIncome": "-21240000", "interestIncome": "-16986000", "interestExpense": "4254000", "nonInterestIncome": "-2567000", "otherNonOperatingIncome": "-5688000", "depreciation": "177300000", "depreciationAndAmortization": "186425000", "incomeBeforeTax": "162163000", "incomeTaxExpense": "70024000", "interestAndDebtExpense": "4254000", "netIncomeFromContinuingOperations": "92139000", "comprehensiveIncomeNetOfTax": "80361000", "ebit": "236770000", "ebitda": "352842000", "netIncome": "92139000"}, {"fiscalDateEnding": "2018-12-31", "reportedCurrency": "USD", "grossProfit": "2340471000", "totalRevenue": "5193185000", "costOfRevenue": "2852714000", "costofGoodsAndServicesSold": "2852714000", "operatingIncome": "-25017000", "sellingGeneralAndAdministrative": "2182339000", "researchAndDevelopment": "None", "operatingExpenses": "2378256000", "investmentIncomeNet": "None", "netInterestIncome": "-33568000", "interestIncome": "-29914000", "interestExpense": "3654000", "nonInterestIncome": "-18279000", "otherNonOperatingIncome": "-9203000", "depreciation": "173400000", "depreciationAndAmortization": "181768000", "incomeBeforeTax": "-66854000", "incomeTaxExpense": "-20552000", "interestAndDebtExpense": "3654000", "netIncomeFromContinuingOperations": "-46302000", "comprehensiveIncomeNetOfTax": "-47078000", "ebit": "-25017000", "ebitda": "118568000", "netIncome": "-46302000"}, {"fiscalDateEnding": "2017-12-31", "reportedCurrency": "USD", "grossProfit": "2251414000", "totalRevenue": "4989244000", "costOfRevenue": "2737830000", "costofGoodsAndServicesSold": "2737830000", "operatingIncome": "27843000", "sellingGeneralAndAdministrative": "2099522000", "researchAndDevelopment": "None", "operatingExpenses": "2347339000", "investmentIncomeNet": "None", "netInterestIncome": "-34538000", "interestIncome": "-30884000", "interestExpense": "3654000", "nonInterestIncome": "26934000", "otherNonOperatingIncome": "-3614000", "depreciation": "164300000", "depreciationAndAmortization": "173747000", "incomeBeforeTax": "-10309000", "incomeTaxExpense": "37951000", "interestAndDebtExpense": "3654000", "netIncomeFromContinuingOperations": "-48260000", "comprehensiveIncomeNetOfTax": "-34328000", "ebit": "27843000", "ebitda": "167092000", "netIncome": "-48260000"}, {"fiscalDateEnding": "2016-12-31", "reportedCurrency": "USD", "grossProfit": "2248614000", "totalRevenue": "4833338000", "costOfRevenue": "2584724000", "costofGoodsAndServicesSold": "2584724000", "operatingIncome": "417471000", "sellingGeneralAndAdministrative": "1831143000", "researchAndDevelopment": "None", "operatingExpenses": "1969490000", "investmentIncomeNet": "None", "netInterestIncome": "-26434000", "interestIncome": "-23434000", "interestExpense": "3000000", "nonInterestIncome": "-14207000", "otherNonOperatingIncome": "-2755000", "depreciation": "130700000", "depreciationAndAmortization": "144770000", "incomeBeforeTax": "388282000", "incomeTaxExpense": "131303000", "interestAndDebtExpense": "3000000", "netIncomeFromContinuingOperations": "256979000", "comprehensiveIncomeNetOfTax": "249849000", "ebit": "417471000", "ebitda": "536052000", "netIncome": "256979000"}], "quarterlyReports": [{"fiscalDateEnding": "2021-09-30", "reportedCurrency": "USD", "grossProfit": "788104000", "totalRevenue": "1545532000", "costOfRevenue": "757428000", "costofGoodsAndServicesSold": "757428000", "operatingIncome": "172064000", "sellingGeneralAndAdministrative": "599384000", "researchAndDevelopment": "None", "operatingExpenses": "599384000", "investmentIncomeNet": "None", "netInterestIncome": "-9261000", "interestIncome": "-5696000", "interestExpense": "3565000", "nonInterestIncome": "-25156000", "otherNonOperatingIncome": "-29476000", "depreciation": "None", "depreciationAndAmortization": "37188000", "incomeBeforeTax": "132406000", "incomeTaxExpense": "18962000", "interestAndDebtExpense": "27363000", "netIncomeFromContinuingOperations": "113444000", "comprehensiveIncomeNetOfTax": "119118000", "ebit": "172064000", "ebitda": "173159000", "netIncome": "113444000"}, {"fiscalDateEnding": "2021-06-30", "reportedCurrency": "USD", "grossProfit": "668821000", "totalRevenue": "1351534000", "costOfRevenue": "682713000", "costofGoodsAndServicesSold": "682713000", "operatingIncome": "121205000", "sellingGeneralAndAdministrative": "545003000", "researchAndDevelopment": "None", "operatingExpenses": "545003000", "investmentIncomeNet": "None", "netInterestIncome": "-13307000", "interestIncome": "-2243000", "interestExpense": "11064000", "nonInterestIncome": "-33070000", "otherNonOperatingIncome": "-38494000", "depreciation": "None", "depreciationAndAmortization": "35147000", "incomeBeforeTax": "69234000", "incomeTaxExpense": "10027000", "interestAndDebtExpense": "45792000", "netIncomeFromContinuingOperations": "59207000", "comprehensiveIncomeNetOfTax": "65188000", "ebit": "121205000", "ebitda": "115445000", "netIncome": "59207000"}, {"fiscalDateEnding": "2021-03-31", "reportedCurrency": "USD", "grossProfit": "628641000", "totalRevenue": "1257195000", "costOfRevenue": "628554000", "costofGoodsAndServicesSold": "628554000", "operatingIncome": "106890000", "sellingGeneralAndAdministrative": "514638000", "researchAndDevelopment": "None", "operatingExpenses": "555010000", "investmentIncomeNet": "None", "netInterestIncome": "-14137000", "interestIncome": "-8864000", "interestExpense": "5273000", "nonInterestIncome": "-15277000", "otherNonOperatingIncome": "-7180000", "depreciation": "None", "depreciationAndAmortization": "35512000", "incomeBeforeTax": "87633000", "incomeTaxExpense": "9881000", "interestAndDebtExpense": "5273000", "netIncomeFromContinuingOperations": "77752000", "comprehensiveIncomeNetOfTax": "87353000", "ebit": "106890000", "ebitda": "128418000", "netIncome": "77752000"}, {"fiscalDateEnding": "2020-12-31", "reportedCurrency": "USD", "grossProfit": "693622000", "totalRevenue": "1403766000", "costOfRevenue": "710144000", "costofGoodsAndServicesSold": "710144000", "operatingIncome": "55846000", "sellingGeneralAndAdministrative": "585778000", "researchAndDevelopment": "None", "operatingExpenses": "640336000", "investmentIncomeNet": "None", "netInterestIncome": "-15008000", "interestIncome": "-4648000", "interestExpense": "10360000", "nonInterestIncome": "5426000", "otherNonOperatingIncome": "178646000", "depreciation": "None", "depreciationAndAmortization": "40815000", "incomeBeforeTax": "219145000", "incomeTaxExpense": "34691000", "interestAndDebtExpense": "10360000", "netIncomeFromContinuingOperations": "55846000", "comprehensiveIncomeNetOfTax": "196126000", "ebit": "55846000", "ebitda": "270320000", "netIncome": "184454000"}, {"fiscalDateEnding": "2020-09-30", "reportedCurrency": "USD", "grossProfit": "686320000", "totalRevenue": "1433021000", "costOfRevenue": "746701000", "costofGoodsAndServicesSold": "746701000", "operatingIncome": "58570000", "sellingGeneralAndAdministrative": "553549000", "researchAndDevelopment": "None", "operatingExpenses": "552446000", "investmentIncomeNet": "None", "netInterestIncome": "-14955000", "interestIncome": "-9912000", "interestExpense": "5043000", "nonInterestIncome": "-180000", "otherNonOperatingIncome": "-7184000", "depreciation": "None", "depreciationAndAmortization": "37250000", "incomeBeforeTax": "35232000", "incomeTaxExpense": "-3714000", "interestAndDebtExpense": "5043000", "netIncomeFromContinuingOperations": "38946000", "comprehensiveIncomeNetOfTax": "39629000", "ebit": "58570000", "ebitda": "77525000", "netIncome": "38946000"}, {"fiscalDateEnding": "2020-06-30", "reportedCurrency": "USD", "grossProfit": "349169000", "totalRevenue": "707640000", "costOfRevenue": "358471000", "costofGoodsAndServicesSold": "358471000", "operatingIncome": "-169674000", "sellingGeneralAndAdministrative": "479906000", "researchAndDevelopment": "None", "operatingExpenses": "492515000", "investmentIncomeNet": "None", "netInterestIncome": "-11336000", "interestIncome": "-9532000", "interestExpense": "1804000", "nonInterestIncome": "13414000", "otherNonOperatingIncome": "-4843000", "depreciation": "None", "depreciationAndAmortization": "38354000", "incomeBeforeTax": "-186033000", "incomeTaxExpense": "-3137000", "interestAndDebtExpense": "1804000", "netIncomeFromContinuingOperations": "-182895000", "comprehensiveIncomeNetOfTax": "-184183000", "ebit": "-169674000", "ebitda": "-145875000", "netIncome": "-182895000"}, {"fiscalDateEnding": "2020-03-31", "reportedCurrency": "USD", "grossProfit": "430984000", "totalRevenue": "930240000", "costOfRevenue": "499256000", "costofGoodsAndServicesSold": "499256000", "operatingIncome": "-558180000", "sellingGeneralAndAdministrative": "552701000", "researchAndDevelopment": "None", "operatingExpenses": "1039612000", "investmentIncomeNet": "None", "netInterestIncome": "-5960000", "interestIncome": "-5897000", "interestExpense": "63000", "nonInterestIncome": "-13105000", "otherNonOperatingIncome": "1534000", "depreciation": "None", "depreciationAndAmortization": "48565000", "incomeBeforeTax": "-568134000", "incomeTaxExpense": "21547000", "interestAndDebtExpense": "63000", "netIncomeFromContinuingOperations": "-585553000", "comprehensiveIncomeNetOfTax": "-609169000", "ebit": "-558180000", "ebitda": "-519506000", "netIncome": "-589681000"}, {"fiscalDateEnding": "2019-12-31", "reportedCurrency": "USD", "grossProfit": "681527000", "totalRevenue": "1441225000", "costOfRevenue": "759698000", "costofGoodsAndServicesSold": "759698000", "operatingIncome": "74073000", "sellingGeneralAndAdministrative": "607454000", "researchAndDevelopment": "None", "operatingExpenses": "694192000", "investmentIncomeNet": "None", "netInterestIncome": "-5359000", "interestIncome": "-1295000", "interestExpense": "4064000", "nonInterestIncome": "13202000", "otherNonOperatingIncome": "-3464000", "depreciation": "None", "depreciationAndAmortization": "45982000", "incomeBeforeTax": "22985000", "incomeTaxExpense": "38289000", "interestAndDebtExpense": "4064000", "netIncomeFromContinuingOperations": "74073000", "comprehensiveIncomeNetOfTax": "-16698000", "ebit": "74073000", "ebitda": "73031000", "netIncome": "-15304000"}, {"fiscalDateEnding": "2019-09-30", "reportedCurrency": "USD", "grossProfit": "689898000", "totalRevenue": "1429456000", "costOfRevenue": "739558000", "costofGoodsAndServicesSold": "739558000", "operatingIncome": "138920000", "sellingGeneralAndAdministrative": "550978000", "researchAndDevelopment": "None", "operatingExpenses": "550978000", "investmentIncomeNet": "None", "netInterestIncome": "-5655000", "interestIncome": "-5592000", "interestExpense": "63000", "nonInterestIncome": "-16399000", "otherNonOperatingIncome": "-429000", "depreciation": "None", "depreciationAndAmortization": "46722000", "incomeBeforeTax": "131659000", "incomeTaxExpense": "29344000", "interestAndDebtExpense": "63000", "netIncomeFromContinuingOperations": "102315000", "comprehensiveIncomeNetOfTax": "92436000", "ebit": "138920000", "ebitda": "178444000", "netIncome": "102315000"}, {"fiscalDateEnding": "2019-06-30", "reportedCurrency": "USD", "grossProfit": "554321000", "totalRevenue": "1191729000", "costOfRevenue": "637408000", "costofGoodsAndServicesSold": "637408000", "operatingIncome": "-11482000", "sellingGeneralAndAdministrative": "565803000", "researchAndDevelopment": "None", "operatingExpenses": "565803000", "investmentIncomeNet": "None", "netInterestIncome": "-5988000", "interestIncome": "-5924000", "interestExpense": "64000", "nonInterestIncome": "-87000", "otherNonOperatingIncome": "-1128000", "depreciation": "None", "depreciationAndAmortization": "47257000", "incomeBeforeTax": "-23089000", "incomeTaxExpense": "-5740000", "interestAndDebtExpense": "64000", "netIncomeFromContinuingOperations": "-17349000", "comprehensiveIncomeNetOfTax": "-16665000", "ebit": "-11482000", "ebitda": "24232000", "netIncome": "-17349000"}, {"fiscalDateEnding": "2019-03-31", "reportedCurrency": "USD", "grossProfit": "544787000", "totalRevenue": "1204722000", "costOfRevenue": "659935000", "costofGoodsAndServicesSold": "659935000", "operatingIncome": "35259000", "sellingGeneralAndAdministrative": "509528000", "researchAndDevelopment": "None", "operatingExpenses": "557000000", "investmentIncomeNet": "None", "netInterestIncome": "-4238000", "interestIncome": "-4175000", "interestExpense": "63000", "nonInterestIncome": "717000", "otherNonOperatingIncome": "-667000", "depreciation": "None", "depreciationAndAmortization": "46464000", "incomeBeforeTax": "30608000", "incomeTaxExpense": "8131000", "interestAndDebtExpense": "63000", "netIncomeFromContinuingOperations": "22477000", "comprehensiveIncomeNetOfTax": "21288000", "ebit": "35259000", "ebitda": "77135000", "netIncome": "22477000"}, {"fiscalDateEnding": "2018-12-31", "reportedCurrency": "USD", "grossProfit": "625227000", "totalRevenue": "1389980000", "costOfRevenue": "764753000", "costofGoodsAndServicesSold": "764753000", "operatingIncome": "-10447000", "sellingGeneralAndAdministrative": "587446000", "researchAndDevelopment": "None", "operatingExpenses": "512341000", "investmentIncomeNet": "None", "netInterestIncome": "-7302000", "interestIncome": "-3838000", "interestExpense": "3464000", "nonInterestIncome": "-5551000", "otherNonOperatingIncome": "272000", "depreciation": "None", "depreciationAndAmortization": "46739000", "incomeBeforeTax": "-17025000", "incomeTaxExpense": "-21243000", "interestAndDebtExpense": "3464000", "netIncomeFromContinuingOperations": "-10447000", "comprehensiveIncomeNetOfTax": "9591000", "ebit": "-10447000", "ebitda": "33178000", "netIncome": "4218000"}, {"fiscalDateEnding": "2018-09-30", "reportedCurrency": "USD", "grossProfit": "665207000", "totalRevenue": "1442976000", "costOfRevenue": "777769000", "costofGoodsAndServicesSold": "777769000", "operatingIncome": "118966000", "sellingGeneralAndAdministrative": "527640000", "researchAndDevelopment": "None", "operatingExpenses": "546241000", "investmentIncomeNet": "None", "netInterestIncome": "-9151000", "interestIncome": "-9088000", "interestExpense": "63000", "nonInterestIncome": "2919000", "otherNonOperatingIncome": "-4294000", "depreciation": "None", "depreciationAndAmortization": "43758000", "incomeBeforeTax": "106140000", "incomeTaxExpense": "30874000", "interestAndDebtExpense": "63000", "netIncomeFromContinuingOperations": "75266000", "comprehensiveIncomeNetOfTax": "69395000", "ebit": "118966000", "ebitda": "149961000", "netIncome": "75266000"}, {"fiscalDateEnding": "2018-06-30", "reportedCurrency": "USD", "grossProfit": "526584000", "totalRevenue": "1174859000", "costOfRevenue": "648275000", "costofGoodsAndServicesSold": "648275000", "operatingIncome": "-104875000", "sellingGeneralAndAdministrative": "552619000", "researchAndDevelopment": "None", "operatingExpenses": "631459000", "investmentIncomeNet": "None", "netInterestIncome": "-8552000", "interestIncome": "-8488000", "interestExpense": "64000", "nonInterestIncome": "-20518000", "otherNonOperatingIncome": "-8069000", "depreciation": "None", "depreciationAndAmortization": "45173000", "incomeBeforeTax": "-121634000", "incomeTaxExpense": "-26090000", "interestAndDebtExpense": "64000", "netIncomeFromContinuingOperations": "-95544000", "comprehensiveIncomeNetOfTax": "-112950000", "ebit": "-104875000", "ebitda": "-76397000", "netIncome": "-95544000"}, {"fiscalDateEnding": "2018-03-31", "reportedCurrency": "USD", "grossProfit": "523453000", "totalRevenue": "1185370000", "costOfRevenue": "661917000", "costofGoodsAndServicesSold": "661917000", "operatingIncome": "-28661000", "sellingGeneralAndAdministrative": "514634000", "researchAndDevelopment": "None", "operatingExpenses": "598371000", "investmentIncomeNet": "None", "netInterestIncome": "-8564000", "interestIncome": "-8501000", "interestExpense": "63000", "nonInterestIncome": "4871000", "otherNonOperatingIncome": "2888000", "depreciation": "None", "depreciationAndAmortization": "46098000", "incomeBeforeTax": "-34335000", "incomeTaxExpense": "-4093000", "interestAndDebtExpense": "63000", "netIncomeFromContinuingOperations": "-30244000", "comprehensiveIncomeNetOfTax": "-13116000", "ebit": "-28661000", "ebitda": "11826000", "netIncome": "-30242000"}, {"fiscalDateEnding": "2017-12-31", "reportedCurrency": "USD", "grossProfit": "593558000", "totalRevenue": "1369216000", "costOfRevenue": "775658000", "costofGoodsAndServicesSold": "775658000", "operatingIncome": "-37088000", "sellingGeneralAndAdministrative": "594694000", "researchAndDevelopment": "None", "operatingExpenses": "633244000", "investmentIncomeNet": "None", "netInterestIncome": "-9301000", "interestIncome": "-5837000", "interestExpense": "3464000", "nonInterestIncome": "-1977000", "otherNonOperatingIncome": "-2231000", "depreciation": "None", "depreciationAndAmortization": "45259000", "incomeBeforeTax": "-48622000", "incomeTaxExpense": "39300000", "interestAndDebtExpense": "3464000", "netIncomeFromContinuingOperations": "-37088000", "comprehensiveIncomeNetOfTax": "-89205000", "ebit": "-37088000", "ebitda": "101000", "netIncome": "-87922000"}, {"fiscalDateEnding": "2017-09-30", "reportedCurrency": "USD", "grossProfit": "648726000", "totalRevenue": "1408991000", "costOfRevenue": "760265000", "costofGoodsAndServicesSold": "760265000", "operatingIncome": "62180000", "sellingGeneralAndAdministrative": "501548000", "researchAndDevelopment": "None", "operatingExpenses": "558072000", "investmentIncomeNet": "None", "netInterestIncome": "-9575000", "interestIncome": "-9512000", "interestExpense": "63000", "nonInterestIncome": "233000", "otherNonOperatingIncome": "-1069000", "depreciation": "None", "depreciationAndAmortization": "45121000", "incomeBeforeTax": "51536000", "incomeTaxExpense": "-2706000", "interestAndDebtExpense": "63000", "netIncomeFromContinuingOperations": "54242000", "comprehensiveIncomeNetOfTax": "64348000", "ebit": "62180000", "ebitda": "96720000", "netIncome": "54242000"}, {"fiscalDateEnding": "2017-06-30", "reportedCurrency": "USD", "grossProfit": "501193000", "totalRevenue": "1091192000", "costOfRevenue": "589999000", "costofGoodsAndServicesSold": "589999000", "operatingIncome": "-4785000", "sellingGeneralAndAdministrative": "502880000", "researchAndDevelopment": "None", "operatingExpenses": "506131000", "investmentIncomeNet": "None", "netInterestIncome": "-7841000", "interestIncome": "-7777000", "interestExpense": "64000", "nonInterestIncome": "21193000", "otherNonOperatingIncome": "-2884000", "depreciation": "None", "depreciationAndAmortization": "42354000", "incomeBeforeTax": "-15510000", "incomeTaxExpense": "-3202000", "interestAndDebtExpense": "64000", "netIncomeFromContinuingOperations": "-12308000", "comprehensiveIncomeNetOfTax": "-11129000", "ebit": "-4785000", "ebitda": "26908000", "netIncome": "-12308000"}, {"fiscalDateEnding": "2017-03-31", "reportedCurrency": "USD", "grossProfit": "507937000", "totalRevenue": "1119845000", "costOfRevenue": "611908000", "costofGoodsAndServicesSold": "611908000", "operatingIncome": "7536000", "sellingGeneralAndAdministrative": "500400000", "researchAndDevelopment": "None", "operatingExpenses": "539456000", "investmentIncomeNet": "None", "netInterestIncome": "-7820000", "interestIncome": "-7757000", "interestExpense": "63000", "nonInterestIncome": "7485000", "otherNonOperatingIncome": "2570000", "depreciation": "None", "depreciationAndAmortization": "41013000", "incomeBeforeTax": "2286000", "incomeTaxExpense": "4558000", "interestAndDebtExpense": "63000", "netIncomeFromContinuingOperations": "-2272000", "comprehensiveIncomeNetOfTax": "1660000", "ebit": "7536000", "ebitda": "43362000", "netIncome": "-2272000"}, {"fiscalDateEnding": "2016-12-31", "reportedCurrency": "USD", "grossProfit": "583704000", "totalRevenue": "1461861000", "costOfRevenue": "1180765000", "costofGoodsAndServicesSold": "721573000", "operatingIncome": "163900000", "sellingGeneralAndAdministrative": "427807000", "researchAndDevelopment": "None", "operatingExpenses": "460268000", "investmentIncomeNet": "None", "netInterestIncome": "-7958000", "interestIncome": "None", "interestExpense": "7958000", "nonInterestIncome": "-15455000", "otherNonOperatingIncome": "-1730000", "depreciation": "None", "depreciationAndAmortization": "39388000", "incomeBeforeTax": "154211000", "incomeTaxExpense": "50981000", "interestAndDebtExpense": "None", "netIncomeFromContinuingOperations": "163900000", "comprehensiveIncomeNetOfTax": "101119000", "ebit": "163900000", "ebitda": "203288000", "netIncome": "103230000"}]}