{"symbol": "UAL", "annualReports": [{"fiscalDateEnding": "2020-12-31", "reportedCurrency": "USD", "grossProfit": "-205000000", "totalRevenue": "13673000000", "costOfRevenue": "13878000000", "costofGoodsAndServicesSold": "5478000000", "operatingIncome": "-6359000000", "sellingGeneralAndAdministrative": "654000000", "researchAndDevelopment": "None", "operatingExpenses": "1667000000", "investmentIncomeNet": "50000000", "netInterestIncome": "-1008000000", "interestIncome": "50000000", "interestExpense": "1008000000", "nonInterestIncome": "15355000000", "otherNonOperatingIncome": "-1327000000", "depreciation": "None", "depreciationAndAmortization": "143000000", "incomeBeforeTax": "-8853000000", "incomeTaxExpense": "-1753000000", "interestAndDebtExpense": "1008000000", "netIncomeFromContinuingOperations": "-7069000000", "comprehensiveIncomeNetOfTax": "-7490000000", "ebit": "-6359000000", "ebitda": "-7702000000", "netIncome": "-7100000000"}, {"fiscalDateEnding": "2019-12-31", "reportedCurrency": "USD", "grossProfit": "14208000000", "totalRevenue": "42560000000", "costOfRevenue": "28352000000", "costofGoodsAndServicesSold": "11784000000", "operatingIncome": "4301000000", "sellingGeneralAndAdministrative": "1963000000", "researchAndDevelopment": "None", "operatingExpenses": "10804000000", "investmentIncomeNet": "133000000", "netInterestIncome": "-731000000", "interestIncome": "133000000", "interestExpense": "731000000", "nonInterestIncome": "43259000000", "otherNonOperatingIncome": "-27000000", "depreciation": "None", "depreciationAndAmortization": "2288000000", "incomeBeforeTax": "3914000000", "incomeTaxExpense": "905000000", "interestAndDebtExpense": "731000000", "netIncomeFromContinuingOperations": "3009000000", "comprehensiveIncomeNetOfTax": "3094000000", "ebit": "4301000000", "ebitda": "6933000000", "netIncome": "3009000000"}, {"fiscalDateEnding": "2018-12-31", "reportedCurrency": "USD", "grossProfit": "12521000000", "totalRevenue": "40574000000", "costOfRevenue": "28053000000", "costofGoodsAndServicesSold": "12099000000", "operatingIncome": "3229000000", "sellingGeneralAndAdministrative": "13227000000", "researchAndDevelopment": "None", "operatingExpenses": "21755000000", "investmentIncomeNet": "101000000", "netInterestIncome": "-729000000", "interestIncome": "-59000000", "interestExpense": "670000000", "nonInterestIncome": "41303000000", "otherNonOperatingIncome": "-72000000", "depreciation": "None", "depreciationAndAmortization": "2165000000", "incomeBeforeTax": "2648000000", "incomeTaxExpense": "526000000", "interestAndDebtExpense": "729000000", "netIncomeFromContinuingOperations": "2129000000", "comprehensiveIncomeNetOfTax": "2460000000", "ebit": "3318000000", "ebitda": "5483000000", "netIncome": "2122000000"}, {"fiscalDateEnding": "2017-12-31", "reportedCurrency": "USD", "grossProfit": "13026000000", "totalRevenue": "37736000000", "costOfRevenue": "24710000000", "costofGoodsAndServicesSold": "9774000000", "operatingIncome": "3618000000", "sellingGeneralAndAdministrative": "12611000000", "researchAndDevelopment": "None", "operatingExpenses": "20593000000", "investmentIncomeNet": "57000000", "netInterestIncome": "-643000000", "interestIncome": "-17000000", "interestExpense": "626000000", "nonInterestIncome": "37784000000", "otherNonOperatingIncome": "-100000000", "depreciation": "None", "depreciationAndAmortization": "2096000000", "incomeBeforeTax": "3023000000", "incomeTaxExpense": "880000000", "interestAndDebtExpense": "643000000", "netIncomeFromContinuingOperations": "2131000000", "comprehensiveIncomeNetOfTax": "1943000000", "ebit": "3649000000", "ebitda": "5745000000", "netIncome": "2143000000"}, {"fiscalDateEnding": "2016-12-31", "reportedCurrency": "USD", "grossProfit": "13485000000", "totalRevenue": "36556000000", "costOfRevenue": "23071000000", "costofGoodsAndServicesSold": "8658000000", "operatingIncome": "4344000000", "sellingGeneralAndAdministrative": "11798000000", "researchAndDevelopment": "None", "operatingExpenses": "19885000000", "investmentIncomeNet": "42000000", "netInterestIncome": "-614000000", "interestIncome": "60000000", "interestExpense": "674000000", "nonInterestIncome": "-7000000", "otherNonOperatingIncome": "-11000000", "depreciation": "None", "depreciationAndAmortization": "1977000000", "incomeBeforeTax": "3773000000", "incomeTaxExpense": "1539000000", "interestAndDebtExpense": "613000000", "netIncomeFromContinuingOperations": "2263000000", "comprehensiveIncomeNetOfTax": "2236000000", "ebit": "4447000000", "ebitda": "6424000000", "netIncome": "2234000000"}], "quarterlyReports": [{"fiscalDateEnding": "2021-09-30", "reportedCurrency": "USD", "grossProfit": "3221000000", "totalRevenue": "7319000000", "costOfRevenue": "4098000000", "costofGoodsAndServicesSold": "2420000000", "operatingIncome": "1037000000", "sellingGeneralAndAdministrative": "289000000", "researchAndDevelopment": "None", "operatingExpenses": "388000000", "investmentIncomeNet": "11000000", "netInterestIncome": "-431000000", "interestIncome": "11000000", "interestExpense": "431000000", "nonInterestIncome": "7750000000", "otherNonOperatingIncome": "20000000", "depreciation": "None", "depreciationAndAmortization": "None", "incomeBeforeTax": "603000000", "incomeTaxExpense": "130000000", "interestAndDebtExpense": "431000000", "netIncomeFromContinuingOperations": "473000000", "comprehensiveIncomeNetOfTax": "463000000", "ebit": "1037000000", "ebitda": "1034000000", "netIncome": "473000000"}, {"fiscalDateEnding": "2021-06-30", "reportedCurrency": "USD", "grossProfit": "1683000000", "totalRevenue": "5067000000", "costOfRevenue": "3384000000", "costofGoodsAndServicesSold": "1848000000", "operatingIncome": "-270000000", "sellingGeneralAndAdministrative": "208000000", "researchAndDevelopment": "None", "operatingExpenses": "217000000", "investmentIncomeNet": "12000000", "netInterestIncome": "-404000000", "interestIncome": "12000000", "interestExpense": "404000000", "nonInterestIncome": "5471000000", "otherNonOperatingIncome": "-49000000", "depreciation": "None", "depreciationAndAmortization": "6200000000", "incomeBeforeTax": "-564000000", "incomeTaxExpense": "-130000000", "interestAndDebtExpense": "404000000", "netIncomeFromContinuingOperations": "-434000000", "comprehensiveIncomeNetOfTax": "-422000000", "ebit": "-270000000", "ebitda": "-160000000", "netIncome": "-434000000"}, {"fiscalDateEnding": "2021-03-31", "reportedCurrency": "USD", "grossProfit": "494000000", "totalRevenue": "2885000000", "costOfRevenue": "2391000000", "costofGoodsAndServicesSold": "1425000000", "operatingIncome": "-1381000000", "sellingGeneralAndAdministrative": "119000000", "researchAndDevelopment": "None", "operatingExpenses": "-384000000", "investmentIncomeNet": "7000000", "netInterestIncome": "-336000000", "interestIncome": "7000000", "interestExpense": "336000000", "nonInterestIncome": "3221000000", "otherNonOperatingIncome": "-19000000", "depreciation": "None", "depreciationAndAmortization": "6230000000", "incomeBeforeTax": "-1751000000", "incomeTaxExpense": "-394000000", "interestAndDebtExpense": "336000000", "netIncomeFromContinuingOperations": "-1357000000", "comprehensiveIncomeNetOfTax": "-1344000000", "ebit": "-1381000000", "ebitda": "4815000000", "netIncome": "-1357000000"}, {"fiscalDateEnding": "2020-12-31", "reportedCurrency": "USD", "grossProfit": "3561000000", "totalRevenue": "3412000000", "costOfRevenue": "-149000000", "costofGoodsAndServicesSold": "1305000000", "operatingIncome": "-2135000000", "sellingGeneralAndAdministrative": "192000000", "researchAndDevelopment": "None", "operatingExpenses": "-149000000", "investmentIncomeNet": "5000000", "netInterestIncome": "-350000000", "interestIncome": "5000000", "interestExpense": "350000000", "nonInterestIncome": "3412000000", "otherNonOperatingIncome": "-10000000", "depreciation": "None", "depreciationAndAmortization": "-1716000000", "incomeBeforeTax": "-2373000000", "incomeTaxExpense": "-476000000", "interestAndDebtExpense": "350000000", "netIncomeFromContinuingOperations": "-1682000000", "comprehensiveIncomeNetOfTax": "-2027000000", "ebit": "-2135000000", "ebitda": "-3739000000", "netIncome": "-1897000000"}, {"fiscalDateEnding": "2020-09-30", "reportedCurrency": "USD", "grossProfit": "-766000000", "totalRevenue": "2160000000", "costOfRevenue": "2926000000", "costofGoodsAndServicesSold": "1058000000", "operatingIncome": "-1615000000", "sellingGeneralAndAdministrative": "94000000", "researchAndDevelopment": "None", "operatingExpenses": "318000000", "investmentIncomeNet": "8000000", "netInterestIncome": "-329000000", "interestIncome": "8000000", "interestExpense": "329000000", "nonInterestIncome": "2489000000", "otherNonOperatingIncome": "-411000000", "depreciation": "None", "depreciationAndAmortization": "626000000", "incomeBeforeTax": "-2332000000", "incomeTaxExpense": "-491000000", "interestAndDebtExpense": "329000000", "netIncomeFromContinuingOperations": "-1841000000", "comprehensiveIncomeNetOfTax": "-1591000000", "ebit": "-1615000000", "ebitda": "-1377000000", "netIncome": "-1841000000"}, {"fiscalDateEnding": "2020-06-30", "reportedCurrency": "USD", "grossProfit": "-814000000", "totalRevenue": "1296000000", "costOfRevenue": "2110000000", "costofGoodsAndServicesSold": "716000000", "operatingIncome": "-1637000000", "sellingGeneralAndAdministrative": "55000000", "researchAndDevelopment": "None", "operatingExpenses": "-248000000", "investmentIncomeNet": "11000000", "netInterestIncome": "-179000000", "interestIncome": "11000000", "interestExpense": "179000000", "nonInterestIncome": "1475000000", "otherNonOperatingIncome": "-207000000", "depreciation": "None", "depreciationAndAmortization": "618000000", "incomeBeforeTax": "-2003000000", "incomeTaxExpense": "-376000000", "interestAndDebtExpense": "179000000", "netIncomeFromContinuingOperations": "-1627000000", "comprehensiveIncomeNetOfTax": "-2115000000", "ebit": "-1637000000", "ebitda": "-1206000000", "netIncome": "-1627000000"}, {"fiscalDateEnding": "2020-03-31", "reportedCurrency": "USD", "grossProfit": "90000000", "totalRevenue": "7132000000", "costOfRevenue": "7042000000", "costofGoodsAndServicesSold": "2399000000", "operatingIncome": "-972000000", "sellingGeneralAndAdministrative": "313000000", "researchAndDevelopment": "None", "operatingExpenses": "2444000000", "investmentIncomeNet": "26000000", "netInterestIncome": "-150000000", "interestIncome": "26000000", "interestExpense": "150000000", "nonInterestIncome": "7979000000", "otherNonOperatingIncome": "-699000000", "depreciation": "None", "depreciationAndAmortization": "615000000", "incomeBeforeTax": "-2114000000", "incomeTaxExpense": "-410000000", "interestAndDebtExpense": "150000000", "netIncomeFromContinuingOperations": "-1704000000", "comprehensiveIncomeNetOfTax": "-1757000000", "ebit": "-972000000", "ebitda": "-1349000000", "netIncome": "-1704000000"}, {"fiscalDateEnding": "2019-12-31", "reportedCurrency": "USD", "grossProfit": "10758000000", "totalRevenue": "10888000000", "costOfRevenue": "130000000", "costofGoodsAndServicesSold": "2966000000", "operatingIncome": "861000000", "sellingGeneralAndAdministrative": "659000000", "researchAndDevelopment": "None", "operatingExpenses": "130000000", "investmentIncomeNet": "30000000", "netInterestIncome": "-161000000", "interestIncome": "30000000", "interestExpense": "161000000", "nonInterestIncome": "10888000000", "otherNonOperatingIncome": "13000000", "depreciation": "None", "depreciationAndAmortization": "606000000", "incomeBeforeTax": "844000000", "incomeTaxExpense": "203000000", "interestAndDebtExpense": "161000000", "netIncomeFromContinuingOperations": "861000000", "comprehensiveIncomeNetOfTax": "427000000", "ebit": "861000000", "ebitda": "1611000000", "netIncome": "641000000"}, {"fiscalDateEnding": "2019-09-30", "reportedCurrency": "USD", "grossProfit": "4059000000", "totalRevenue": "11197000000", "costOfRevenue": "7138000000", "costofGoodsAndServicesSold": "3008000000", "operatingIncome": "1473000000", "sellingGeneralAndAdministrative": "465000000", "researchAndDevelopment": "None", "operatingExpenses": "2668000000", "investmentIncomeNet": "36000000", "netInterestIncome": "-191000000", "interestIncome": "36000000", "interestExpense": "191000000", "nonInterestIncome": "11380000000", "otherNonOperatingIncome": "-12000000", "depreciation": "None", "depreciationAndAmortization": "575000000", "incomeBeforeTax": "1349000000", "incomeTaxExpense": "325000000", "interestAndDebtExpense": "191000000", "netIncomeFromContinuingOperations": "1024000000", "comprehensiveIncomeNetOfTax": "1327000000", "ebit": "1540000000", "ebitda": "2115000000", "netIncome": "1024000000"}, {"fiscalDateEnding": "2019-06-30", "reportedCurrency": "USD", "grossProfit": "3951000000", "totalRevenue": "11220000000", "costOfRevenue": "7269000000", "costofGoodsAndServicesSold": "3118000000", "operatingIncome": "1472000000", "sellingGeneralAndAdministrative": "463000000", "researchAndDevelopment": "None", "operatingExpenses": "2646000000", "investmentIncomeNet": "38000000", "netInterestIncome": "-191000000", "interestIncome": "38000000", "interestExpense": "191000000", "nonInterestIncome": "11402000000", "otherNonOperatingIncome": "-20000000", "depreciation": "None", "depreciationAndAmortization": "560000000", "incomeBeforeTax": "1354000000", "incomeTaxExpense": "302000000", "interestAndDebtExpense": "191000000", "netIncomeFromContinuingOperations": "1052000000", "comprehensiveIncomeNetOfTax": "1038000000", "ebit": "1545000000", "ebitda": "2105000000", "netIncome": "1052000000"}, {"fiscalDateEnding": "2019-03-31", "reportedCurrency": "USD", "grossProfit": "2911000000", "totalRevenue": "9401000000", "costOfRevenue": "6490000000", "costofGoodsAndServicesSold": "2692000000", "operatingIncome": "495000000", "sellingGeneralAndAdministrative": "3233000000", "researchAndDevelopment": "None", "operatingExpenses": "5306000000", "investmentIncomeNet": "29000000", "netInterestIncome": "-188000000", "interestIncome": "29000000", "interestExpense": "188000000", "nonInterestIncome": "9589000000", "otherNonOperatingIncome": "-8000000", "depreciation": "None", "depreciationAndAmortization": "547000000", "incomeBeforeTax": "367000000", "incomeTaxExpense": "75000000", "interestAndDebtExpense": "188000000", "netIncomeFromContinuingOperations": "292000000", "comprehensiveIncomeNetOfTax": "302000000", "ebit": "555000000", "ebitda": "1102000000", "netIncome": "292000000"}, {"fiscalDateEnding": "2018-12-31", "reportedCurrency": "USD", "grossProfit": "10190000000", "totalRevenue": "10491000000", "costOfRevenue": "301000000", "costofGoodsAndServicesSold": "3060000000", "operatingIncome": "635000000", "sellingGeneralAndAdministrative": "3531000000", "researchAndDevelopment": "None", "operatingExpenses": "301000000", "investmentIncomeNet": "31000000", "netInterestIncome": "-189000000", "interestIncome": "-16000000", "interestExpense": "173000000", "nonInterestIncome": "10491000000", "otherNonOperatingIncome": "46000000", "depreciation": "None", "depreciationAndAmortization": "558000000", "incomeBeforeTax": "553000000", "incomeTaxExpense": "92000000", "interestAndDebtExpense": "189000000", "netIncomeFromContinuingOperations": "652000000", "comprehensiveIncomeNetOfTax": "748000000", "ebit": "726000000", "ebitda": "1284000000", "netIncome": "461000000"}, {"fiscalDateEnding": "2018-09-30", "reportedCurrency": "USD", "grossProfit": "3601000000", "totalRevenue": "10816000000", "costOfRevenue": "7215000000", "costofGoodsAndServicesSold": "3277000000", "operatingIncome": "1187000000", "sellingGeneralAndAdministrative": "3357000000", "researchAndDevelopment": "None", "operatingExpenses": "5405000000", "investmentIncomeNet": "28000000", "netInterestIncome": "-187000000", "interestIncome": "-15000000", "interestExpense": "172000000", "nonInterestIncome": "11003000000", "otherNonOperatingIncome": "-1000000", "depreciation": "None", "depreciationAndAmortization": "545000000", "incomeBeforeTax": "1058000000", "incomeTaxExpense": "225000000", "interestAndDebtExpense": "187000000", "netIncomeFromContinuingOperations": "836000000", "comprehensiveIncomeNetOfTax": "846000000", "ebit": "1230000000", "ebitda": "1775000000", "netIncome": "833000000"}, {"fiscalDateEnding": "2018-06-30", "reportedCurrency": "USD", "grossProfit": "3708000000", "totalRevenue": "10777000000", "costOfRevenue": "7069000000", "costofGoodsAndServicesSold": "3112000000", "operatingIncome": "1145000000", "sellingGeneralAndAdministrative": "3271000000", "researchAndDevelopment": "None", "operatingExpenses": "5385000000", "investmentIncomeNet": "25000000", "netInterestIncome": "-177000000", "interestIncome": "-14000000", "interestExpense": "163000000", "nonInterestIncome": "10777000000", "otherNonOperatingIncome": "-164000000", "depreciation": "None", "depreciationAndAmortization": "538000000", "incomeBeforeTax": "855000000", "incomeTaxExpense": "172000000", "interestAndDebtExpense": "177000000", "netIncomeFromContinuingOperations": "684000000", "comprehensiveIncomeNetOfTax": "695000000", "ebit": "1018000000", "ebitda": "1556000000", "netIncome": "683000000"}, {"fiscalDateEnding": "2018-03-31", "reportedCurrency": "USD", "grossProfit": "2733000000", "totalRevenue": "9032000000", "costOfRevenue": "6299000000", "costofGoodsAndServicesSold": "2650000000", "operatingIncome": "262000000", "sellingGeneralAndAdministrative": "3068000000", "researchAndDevelopment": "None", "operatingExpenses": "5047000000", "investmentIncomeNet": "17000000", "netInterestIncome": "-176000000", "interestIncome": "-14000000", "interestExpense": "162000000", "nonInterestIncome": "9032000000", "otherNonOperatingIncome": "47000000", "depreciation": "None", "depreciationAndAmortization": "524000000", "incomeBeforeTax": "182000000", "incomeTaxExpense": "37000000", "interestAndDebtExpense": "176000000", "netIncomeFromContinuingOperations": "147000000", "comprehensiveIncomeNetOfTax": "178000000", "ebit": "344000000", "ebitda": "868000000", "netIncome": "145000000"}, {"fiscalDateEnding": "2017-12-31", "reportedCurrency": "USD", "grossProfit": "9407000000", "totalRevenue": "9438000000", "costOfRevenue": "31000000", "costofGoodsAndServicesSold": "2590000000", "operatingIncome": "776000000", "sellingGeneralAndAdministrative": "3249000000", "researchAndDevelopment": "None", "operatingExpenses": "31000000", "investmentIncomeNet": "16000000", "netInterestIncome": "-171000000", "interestIncome": "-43000000", "interestExpense": "128000000", "nonInterestIncome": "9451000000", "otherNonOperatingIncome": "-18000000", "depreciation": "None", "depreciationAndAmortization": "486000000", "incomeBeforeTax": "604000000", "incomeTaxExpense": "25000000", "interestAndDebtExpense": "171000000", "netIncomeFromContinuingOperations": "729000000", "comprehensiveIncomeNetOfTax": "373000000", "ebit": "732000000", "ebitda": "1218000000", "netIncome": "579000000"}, {"fiscalDateEnding": "2017-09-30", "reportedCurrency": "USD", "grossProfit": "3569000000", "totalRevenue": "9878000000", "costOfRevenue": "6309000000", "costofGoodsAndServicesSold": "2539000000", "operatingIncome": "1138000000", "sellingGeneralAndAdministrative": "3164000000", "researchAndDevelopment": "None", "operatingExpenses": "5229000000", "investmentIncomeNet": "17000000", "netInterestIncome": "-164000000", "interestIncome": "5000000", "interestExpense": "169000000", "nonInterestIncome": "9899000000", "otherNonOperatingIncome": "-13000000", "depreciation": "None", "depreciationAndAmortization": "556000000", "incomeBeforeTax": "993000000", "incomeTaxExpense": "348000000", "interestAndDebtExpense": "164000000", "netIncomeFromContinuingOperations": "637000000", "comprehensiveIncomeNetOfTax": "665000000", "ebit": "1162000000", "ebitda": "1718000000", "netIncome": "645000000"}, {"fiscalDateEnding": "2017-06-30", "reportedCurrency": "USD", "grossProfit": "3828000000", "totalRevenue": "10008000000", "costOfRevenue": "6172000000", "costofGoodsAndServicesSold": "2362000000", "operatingIncome": "1437000000", "sellingGeneralAndAdministrative": "3230000000", "researchAndDevelopment": "None", "operatingExpenses": "5221000000", "investmentIncomeNet": "13000000", "netInterestIncome": "-158000000", "interestIncome": "9000000", "interestExpense": "167000000", "nonInterestIncome": "10008000000", "otherNonOperatingIncome": "-27000000", "depreciation": "None", "depreciationAndAmortization": "536000000", "incomeBeforeTax": "1277000000", "incomeTaxExpense": "456000000", "interestAndDebtExpense": "158000000", "netIncomeFromContinuingOperations": "818000000", "comprehensiveIncomeNetOfTax": "813000000", "ebit": "1444000000", "ebitda": "1980000000", "netIncome": "821000000"}, {"fiscalDateEnding": "2017-03-31", "reportedCurrency": "USD", "grossProfit": "2600000000", "totalRevenue": "8426000000", "costOfRevenue": "5820000000", "costofGoodsAndServicesSold": "2283000000", "operatingIncome": "320000000", "sellingGeneralAndAdministrative": "2968000000", "researchAndDevelopment": "None", "operatingExpenses": "4883000000", "investmentIncomeNet": "11000000", "netInterestIncome": "-150000000", "interestIncome": "12000000", "interestExpense": "162000000", "nonInterestIncome": "8426000000", "otherNonOperatingIncome": "-42000000", "depreciation": "None", "depreciationAndAmortization": "518000000", "incomeBeforeTax": "150000000", "incomeTaxExpense": "51000000", "interestAndDebtExpense": "150000000", "netIncomeFromContinuingOperations": "96000000", "comprehensiveIncomeNetOfTax": "92000000", "ebit": "312000000", "ebitda": "830000000", "netIncome": "99000000"}, {"fiscalDateEnding": "2016-12-31", "reportedCurrency": "USD", "grossProfit": "9083000000", "totalRevenue": "9052000000", "costOfRevenue": "-31000000", "costofGoodsAndServicesSold": "2267000000", "operatingIncome": "1005000000", "sellingGeneralAndAdministrative": "3104000000", "researchAndDevelopment": "None", "operatingExpenses": "-12000000", "investmentIncomeNet": "11000000", "netInterestIncome": "-148000000", "interestIncome": "60000000", "interestExpense": "208000000", "nonInterestIncome": "0", "otherNonOperatingIncome": "0", "depreciation": "None", "depreciationAndAmortization": "504000000", "incomeBeforeTax": "867000000", "incomeTaxExpense": "470000000", "interestAndDebtExpense": "148000000", "netIncomeFromContinuingOperations": "1005000000", "comprehensiveIncomeNetOfTax": "337000000", "ebit": "1075000000", "ebitda": "1579000000", "netIncome": "397000000"}]}