{"symbol": "UHS", "annualReports": [{"fiscalDateEnding": "2020-12-31", "reportedCurrency": "USD", "grossProfit": "4040890000", "totalRevenue": "11452612000", "costOfRevenue": "7411722000", "costofGoodsAndServicesSold": "1288132000", "operatingIncome": "1358354000", "sellingGeneralAndAdministrative": "1288132000", "researchAndDevelopment": "None", "operatingExpenses": "10200543000", "investmentIncomeNet": "None", "netInterestIncome": "-106285000", "interestIncome": "2804000", "interestExpense": "106285000", "nonInterestIncome": "11558897000", "otherNonOperatingIncome": "14000", "depreciation": "478800000", "depreciationAndAmortization": "510493000", "incomeBeforeTax": "1243246000", "incomeTaxExpense": "299293000", "interestAndDebtExpense": "106285000", "netIncomeFromContinuingOperations": "952790000", "comprehensiveIncomeNetOfTax": "960180000", "ebit": "1349531000", "ebitda": "1860024000", "netIncome": "943953000"}, {"fiscalDateEnding": "2019-12-31", "reportedCurrency": "USD", "grossProfit": "3787264000", "totalRevenue": "11215526000", "costOfRevenue": "7428262000", "costofGoodsAndServicesSold": "1251346000", "operatingIncome": "1215908000", "sellingGeneralAndAdministrative": "1251346000", "researchAndDevelopment": "None", "operatingExpenses": "10162351000", "investmentIncomeNet": "None", "netInterestIncome": "-162733000", "interestIncome": "469000", "interestExpense": "162733000", "nonInterestIncome": "11378259000", "otherNonOperatingIncome": "13162000", "depreciation": "455600000", "depreciationAndAmortization": "490392000", "incomeBeforeTax": "1053648000", "incomeTaxExpense": "238794000", "interestAndDebtExpense": "162733000", "netIncomeFromContinuingOperations": "827543000", "comprehensiveIncomeNetOfTax": "842505000", "ebit": "1216381000", "ebitda": "1706773000", "netIncome": "814854000"}, {"fiscalDateEnding": "2018-12-31", "reportedCurrency": "USD", "grossProfit": "3585993000", "totalRevenue": "10617322000", "costOfRevenue": "7031329000", "costofGoodsAndServicesSold": "1168654000", "operatingIncome": "1175262000", "sellingGeneralAndAdministrative": "1274748000", "researchAndDevelopment": "None", "operatingExpenses": "9597016000", "investmentIncomeNet": "None", "netInterestIncome": "-154956000", "interestIncome": "1531000", "interestExpense": "154956000", "nonInterestIncome": "10772278000", "otherNonOperatingIncome": "14219000", "depreciation": "410000000", "depreciationAndAmortization": "453045000", "incomeBeforeTax": "1016347000", "incomeTaxExpense": "236642000", "interestAndDebtExpense": "154956000", "netIncomeFromContinuingOperations": "797883000", "comprehensiveIncomeNetOfTax": "775219000", "ebit": "1171303000", "ebitda": "1624348000", "netIncome": "779705000"}, {"fiscalDateEnding": "2017-12-31", "reportedCurrency": "USD", "grossProfit": "3628071000", "totalRevenue": "10264696000", "costOfRevenue": "6636625000", "costofGoodsAndServicesSold": "1105096000", "operatingIncome": "1280178000", "sellingGeneralAndAdministrative": "6188860000", "researchAndDevelopment": "None", "operatingExpenses": "9129687000", "investmentIncomeNet": "None", "netInterestIncome": "-145169000", "interestIncome": "81000", "interestExpense": "145169000", "nonInterestIncome": "10409865000", "otherNonOperatingIncome": "0", "depreciation": "388400000", "depreciationAndAmortization": "447765000", "incomeBeforeTax": "1116000000", "incomeTaxExpense": "363697000", "interestAndDebtExpense": "145169000", "netIncomeFromContinuingOperations": "771312000", "comprehensiveIncomeNetOfTax": "784897000", "ebit": "1261169000", "ebitda": "1708934000", "netIncome": "752303000"}, {"fiscalDateEnding": "2016-12-31", "reportedCurrency": "USD", "grossProfit": "3510358000", "totalRevenue": "9641157000", "costOfRevenue": "6130799000", "costofGoodsAndServicesSold": "1031337000", "operatingIncome": "1281411000", "sellingGeneralAndAdministrative": "5714191000", "researchAndDevelopment": "None", "operatingExpenses": "8484799000", "investmentIncomeNet": "None", "netInterestIncome": "-125053000", "interestIncome": "150000", "interestExpense": "125053000", "nonInterestIncome": "9766210000", "otherNonOperatingIncome": "0", "depreciation": "350800000", "depreciationAndAmortization": "416608000", "incomeBeforeTax": "1111596000", "incomeTaxExpense": "409187000", "interestAndDebtExpense": "125053000", "netIncomeFromContinuingOperations": "747171000", "comprehensiveIncomeNetOfTax": "700121000", "ebit": "1236649000", "ebitda": "1653257000", "netIncome": "702409000"}], "quarterlyReports": [{"fiscalDateEnding": "2021-09-30", "reportedCurrency": "USD", "grossProfit": "1076056000", "totalRevenue": "3134800000", "costOfRevenue": "2058744000", "costofGoodsAndServicesSold": "367834000", "operatingIncome": "314808000", "sellingGeneralAndAdministrative": "367834000", "researchAndDevelopment": "None", "operatingExpenses": "2841191000", "investmentIncomeNet": "None", "netInterestIncome": "-21199000", "interestIncome": "-21199000", "interestExpense": "21199000", "nonInterestIncome": "3155999000", "otherNonOperatingIncome": "-6719000", "depreciation": "None", "depreciationAndAmortization": "134462000", "incomeBeforeTax": "285866000", "incomeTaxExpense": "67515000", "interestAndDebtExpense": "21199000", "netIncomeFromContinuingOperations": "219375000", "comprehensiveIncomeNetOfTax": "209121000", "ebit": "307065000", "ebitda": "441527000", "netIncome": "218351000"}, {"fiscalDateEnding": "2021-06-30", "reportedCurrency": "USD", "grossProfit": "1216628000", "totalRevenue": "3176581000", "costOfRevenue": "1959953000", "costofGoodsAndServicesSold": "338033000", "operatingIncome": "438968000", "sellingGeneralAndAdministrative": "338033000", "researchAndDevelopment": "None", "operatingExpenses": "2758912000", "investmentIncomeNet": "None", "netInterestIncome": "-21299000", "interestIncome": "-21299000", "interestExpense": "21299000", "nonInterestIncome": "3197880000", "otherNonOperatingIncome": "9129000", "depreciation": "None", "depreciationAndAmortization": "133985000", "incomeBeforeTax": "426546000", "incomeTaxExpense": "101522000", "interestAndDebtExpense": "21299000", "netIncomeFromContinuingOperations": "325276000", "comprehensiveIncomeNetOfTax": "321908000", "ebit": "447845000", "ebitda": "581830000", "netIncome": "325024000"}, {"fiscalDateEnding": "2021-03-31", "reportedCurrency": "USD", "grossProfit": "1014744000", "totalRevenue": "2991030000", "costOfRevenue": "1976286000", "costofGoodsAndServicesSold": "347110000", "operatingIncome": "295669000", "sellingGeneralAndAdministrative": "347110000", "researchAndDevelopment": "None", "operatingExpenses": "2717318000", "investmentIncomeNet": "None", "netInterestIncome": "-21957000", "interestIncome": "904000", "interestExpense": "21957000", "nonInterestIncome": "3012987000", "otherNonOperatingIncome": "-835000", "depreciation": "None", "depreciationAndAmortization": "131403000", "incomeBeforeTax": "272898000", "incomeTaxExpense": "63807000", "interestAndDebtExpense": "21957000", "netIncomeFromContinuingOperations": "209070000", "comprehensiveIncomeNetOfTax": "200211000", "ebit": "294855000", "ebitda": "426258000", "netIncome": "209091000"}, {"fiscalDateEnding": "2020-12-31", "reportedCurrency": "USD", "grossProfit": "3086935000", "totalRevenue": "3086935000", "costOfRevenue": "1951324000", "costofGoodsAndServicesSold": "351324000", "operatingIncome": "413959000", "sellingGeneralAndAdministrative": "351324000", "researchAndDevelopment": "None", "operatingExpenses": "2672976000", "investmentIncomeNet": "None", "netInterestIncome": "-19886000", "interestIncome": "1937000", "interestExpense": "19886000", "nonInterestIncome": "3086935000", "otherNonOperatingIncome": "8305000", "depreciation": "None", "depreciationAndAmortization": "133930000", "incomeBeforeTax": "403352000", "incomeTaxExpense": "94644000", "interestAndDebtExpense": "19886000", "netIncomeFromContinuingOperations": "3086935000", "comprehensiveIncomeNetOfTax": "342307000", "ebit": "423238000", "ebitda": "557168000", "netIncome": "308708000"}, {"fiscalDateEnding": "2020-09-30", "reportedCurrency": "USD", "grossProfit": "1020248000", "totalRevenue": "2887966000", "costOfRevenue": "1867718000", "costofGoodsAndServicesSold": "335409000", "operatingIncome": "349670000", "sellingGeneralAndAdministrative": "335409000", "researchAndDevelopment": "None", "operatingExpenses": "2562871000", "investmentIncomeNet": "None", "netInterestIncome": "-24575000", "interestIncome": "-27575000", "interestExpense": "24575000", "nonInterestIncome": "2912541000", "otherNonOperatingIncome": "-1831000", "depreciation": "None", "depreciationAndAmortization": "125961000", "incomeBeforeTax": "320451000", "incomeTaxExpense": "79172000", "interestAndDebtExpense": "24575000", "netIncomeFromContinuingOperations": "244092000", "comprehensiveIncomeNetOfTax": "255222000", "ebit": "345026000", "ebitda": "470987000", "netIncome": "241279000"}, {"fiscalDateEnding": "2020-06-30", "reportedCurrency": "USD", "grossProfit": "986491000", "totalRevenue": "2704281000", "costOfRevenue": "1717790000", "costofGoodsAndServicesSold": "283572000", "operatingIncome": "358031000", "sellingGeneralAndAdministrative": "283572000", "researchAndDevelopment": "None", "operatingExpenses": "2371723000", "investmentIncomeNet": "None", "netInterestIncome": "-25473000", "interestIncome": "317000", "interestExpense": "25473000", "nonInterestIncome": "2729754000", "otherNonOperatingIncome": "3100000", "depreciation": "None", "depreciationAndAmortization": "126208000", "incomeBeforeTax": "331083000", "incomeTaxExpense": "79154000", "interestAndDebtExpense": "25473000", "netIncomeFromContinuingOperations": "256504000", "comprehensiveIncomeNetOfTax": "257707000", "ebit": "356556000", "ebitda": "482764000", "netIncome": "251929000"}, {"fiscalDateEnding": "2020-03-31", "reportedCurrency": "USD", "grossProfit": "918426000", "totalRevenue": "2793316000", "costOfRevenue": "1874890000", "costofGoodsAndServicesSold": "317827000", "operatingIncome": "236694000", "sellingGeneralAndAdministrative": "317827000", "researchAndDevelopment": "None", "operatingExpenses": "2592973000", "investmentIncomeNet": "None", "netInterestIncome": "-36351000", "interestIncome": "30000", "interestExpense": "36351000", "nonInterestIncome": "2829667000", "otherNonOperatingIncome": "-9560000", "depreciation": "None", "depreciationAndAmortization": "124394000", "incomeBeforeTax": "188360000", "incomeTaxExpense": "46323000", "interestAndDebtExpense": "36351000", "netIncomeFromContinuingOperations": "144460000", "comprehensiveIncomeNetOfTax": "104944000", "ebit": "224711000", "ebitda": "349105000", "netIncome": "142037000"}, {"fiscalDateEnding": "2019-12-31", "reportedCurrency": "USD", "grossProfit": "2896247000", "totalRevenue": "2896247000", "costOfRevenue": "1883386000", "costofGoodsAndServicesSold": "324090000", "operatingIncome": "340979000", "sellingGeneralAndAdministrative": "324090000", "researchAndDevelopment": "None", "operatingExpenses": "2555268000", "investmentIncomeNet": "None", "netInterestIncome": "-39159000", "interestIncome": "86000", "interestExpense": "39159000", "nonInterestIncome": "2896247000", "otherNonOperatingIncome": "19338000", "depreciation": "None", "depreciationAndAmortization": "127656000", "incomeBeforeTax": "318324000", "incomeTaxExpense": "73148000", "interestAndDebtExpense": "39159000", "netIncomeFromContinuingOperations": "2896247000", "comprehensiveIncomeNetOfTax": "295268000", "ebit": "357483000", "ebitda": "485139000", "netIncome": "245176000"}, {"fiscalDateEnding": "2019-09-30", "reportedCurrency": "USD", "grossProfit": "937316000", "totalRevenue": "2781006000", "costOfRevenue": "1843690000", "costofGoodsAndServicesSold": "313936000", "operatingIncome": "188929000", "sellingGeneralAndAdministrative": "313936000", "researchAndDevelopment": "None", "operatingExpenses": "2633524000", "investmentIncomeNet": "None", "netInterestIncome": "-41447000", "interestIncome": "65000", "interestExpense": "41447000", "nonInterestIncome": "2822453000", "otherNonOperatingIncome": "-9407000", "depreciation": "None", "depreciationAndAmortization": "121528000", "incomeBeforeTax": "134395000", "incomeTaxExpense": "37205000", "interestAndDebtExpense": "41447000", "netIncomeFromContinuingOperations": "100870000", "comprehensiveIncomeNetOfTax": "86927000", "ebit": "175842000", "ebitda": "297370000", "netIncome": "97190000"}, {"fiscalDateEnding": "2019-06-30", "reportedCurrency": "USD", "grossProfit": "1002175000", "totalRevenue": "2812681000", "costOfRevenue": "1810506000", "costofGoodsAndServicesSold": "305857000", "operatingIncome": "345563000", "sellingGeneralAndAdministrative": "305857000", "researchAndDevelopment": "None", "operatingExpenses": "2509605000", "investmentIncomeNet": "None", "netInterestIncome": "-42487000", "interestIncome": "49000", "interestExpense": "42487000", "nonInterestIncome": "2855168000", "otherNonOperatingIncome": "7732000", "depreciation": "None", "depreciationAndAmortization": "121168000", "incomeBeforeTax": "307863000", "incomeTaxExpense": "69543000", "interestAndDebtExpense": "42487000", "netIncomeFromContinuingOperations": "241265000", "comprehensiveIncomeNetOfTax": "240855000", "ebit": "350350000", "ebitda": "471518000", "netIncome": "238320000"}, {"fiscalDateEnding": "2019-03-31", "reportedCurrency": "USD", "grossProfit": "945577000", "totalRevenue": "2764751000", "costOfRevenue": "1819174000", "costofGoodsAndServicesSold": "307463000", "operatingIncome": "340437000", "sellingGeneralAndAdministrative": "333588000", "researchAndDevelopment": "None", "operatingExpenses": "2463954000", "investmentIncomeNet": "None", "netInterestIncome": "-39640000", "interestIncome": "269000", "interestExpense": "39640000", "nonInterestIncome": "2804391000", "otherNonOperatingIncome": "-4501000", "depreciation": "None", "depreciationAndAmortization": "120040000", "incomeBeforeTax": "293066000", "incomeTaxExpense": "58898000", "interestAndDebtExpense": "39640000", "netIncomeFromContinuingOperations": "237398000", "comprehensiveIncomeNetOfTax": "219455000", "ebit": "332706000", "ebitda": "452746000", "netIncome": "234168000"}, {"fiscalDateEnding": "2018-12-31", "reportedCurrency": "USD", "grossProfit": "2754496000", "totalRevenue": "2754496000", "costOfRevenue": "1825732000", "costofGoodsAndServicesSold": "300791000", "operatingIncome": "259822000", "sellingGeneralAndAdministrative": "326953000", "researchAndDevelopment": "None", "operatingExpenses": "2494674000", "investmentIncomeNet": "None", "netInterestIncome": "-39874000", "interestIncome": "None", "interestExpense": "39874000", "nonInterestIncome": "2754496000", "otherNonOperatingIncome": "-12498000", "depreciation": "None", "depreciationAndAmortization": "118075000", "incomeBeforeTax": "201903000", "incomeTaxExpense": "43828000", "interestAndDebtExpense": "39874000", "netIncomeFromContinuingOperations": "2754496000", "comprehensiveIncomeNetOfTax": "169332000", "ebit": "241777000", "ebitda": "359852000", "netIncome": "158075000"}, {"fiscalDateEnding": "2018-09-30", "reportedCurrency": "USD", "grossProfit": "869100000", "totalRevenue": "2609407000", "costOfRevenue": "1740307000", "costofGoodsAndServicesSold": "285201000", "operatingIncome": "257164000", "sellingGeneralAndAdministrative": "311311000", "researchAndDevelopment": "None", "operatingExpenses": "2391749000", "investmentIncomeNet": "None", "netInterestIncome": "-39506000", "interestIncome": "None", "interestExpense": "39506000", "nonInterestIncome": "2648913000", "otherNonOperatingIncome": "11409000", "depreciation": "None", "depreciationAndAmortization": "112286000", "incomeBeforeTax": "225932000", "incomeTaxExpense": "54186000", "interestAndDebtExpense": "39506000", "netIncomeFromContinuingOperations": "174881000", "comprehensiveIncomeNetOfTax": "157956000", "ebit": "265438000", "ebitda": "377724000", "netIncome": "171746000"}, {"fiscalDateEnding": "2018-06-30", "reportedCurrency": "USD", "grossProfit": "910946000", "totalRevenue": "2643353000", "costOfRevenue": "1732407000", "costofGoodsAndServicesSold": "289733000", "operatingIncome": "324462000", "sellingGeneralAndAdministrative": "316852000", "researchAndDevelopment": "None", "operatingExpenses": "2356891000", "investmentIncomeNet": "None", "netInterestIncome": "-38000000", "interestIncome": "None", "interestExpense": "38000000", "nonInterestIncome": "2681353000", "otherNonOperatingIncome": "15308000", "depreciation": "None", "depreciationAndAmortization": "109581000", "incomeBeforeTax": "297111000", "incomeTaxExpense": "71059000", "interestAndDebtExpense": "38000000", "netIncomeFromContinuingOperations": "230711000", "comprehensiveIncomeNetOfTax": "225026000", "ebit": "335111000", "ebitda": "444692000", "netIncome": "226052000"}, {"fiscalDateEnding": "2018-03-31", "reportedCurrency": "USD", "grossProfit": "3604573000", "totalRevenue": "5337456000", "costOfRevenue": "1732883000", "costofGoodsAndServicesSold": "292929000", "operatingIncome": "333814000", "sellingGeneralAndAdministrative": "1619780000", "researchAndDevelopment": "None", "operatingExpenses": "2353702000", "investmentIncomeNet": "None", "netInterestIncome": "-37576000", "interestIncome": "None", "interestExpense": "37576000", "nonInterestIncome": "2687516000", "otherNonOperatingIncome": "None", "depreciation": "None", "depreciationAndAmortization": "113103000", "incomeBeforeTax": "291401000", "incomeTaxExpense": "67569000", "interestAndDebtExpense": "37576000", "netIncomeFromContinuingOperations": "228669000", "comprehensiveIncomeNetOfTax": "222905000", "ebit": "328977000", "ebitda": "442080000", "netIncome": "223832000"}, {"fiscalDateEnding": "2017-12-31", "reportedCurrency": "USD", "grossProfit": "2642787000", "totalRevenue": "2642787000", "costOfRevenue": "1679057000", "costofGoodsAndServicesSold": "284854000", "operatingIncome": "338744000", "sellingGeneralAndAdministrative": "1565419000", "researchAndDevelopment": "None", "operatingExpenses": "2304043000", "investmentIncomeNet": "None", "netInterestIncome": "-36786000", "interestIncome": "None", "interestExpense": "36786000", "nonInterestIncome": "2642787000", "otherNonOperatingIncome": "None", "depreciation": "None", "depreciationAndAmortization": "113638000", "incomeBeforeTax": "296532000", "incomeTaxExpense": "76923000", "interestAndDebtExpense": "36786000", "netIncomeFromContinuingOperations": "2642787000", "comprehensiveIncomeNetOfTax": "239014000", "ebit": "333318000", "ebitda": "446956000", "netIncome": "219609000"}, {"fiscalDateEnding": "2017-09-30", "reportedCurrency": "USD", "grossProfit": "848877000", "totalRevenue": "2504908000", "costOfRevenue": "1656031000", "costofGoodsAndServicesSold": "268089000", "operatingIncome": "257310000", "sellingGeneralAndAdministrative": "1545814000", "researchAndDevelopment": "None", "operatingExpenses": "2284554000", "investmentIncomeNet": "None", "netInterestIncome": "-36956000", "interestIncome": "None", "interestExpense": "36956000", "nonInterestIncome": "2541864000", "otherNonOperatingIncome": "None", "depreciation": "None", "depreciationAndAmortization": "110217000", "incomeBeforeTax": "216237000", "incomeTaxExpense": "74992000", "interestAndDebtExpense": "36956000", "netIncomeFromContinuingOperations": "145362000", "comprehensiveIncomeNetOfTax": "141034000", "ebit": "253193000", "ebitda": "363410000", "netIncome": "141245000"}, {"fiscalDateEnding": "2017-06-30", "reportedCurrency": "USD", "grossProfit": "926464000", "totalRevenue": "2576436000", "costOfRevenue": "1649972000", "costofGoodsAndServicesSold": "274539000", "operatingIncome": "330191000", "sellingGeneralAndAdministrative": "1536860000", "researchAndDevelopment": "None", "operatingExpenses": "2282165000", "investmentIncomeNet": "None", "netInterestIncome": "-35920000", "interestIncome": "None", "interestExpense": "35920000", "nonInterestIncome": "2612356000", "otherNonOperatingIncome": "None", "depreciation": "None", "depreciationAndAmortization": "113112000", "incomeBeforeTax": "289277000", "incomeTaxExpense": "103883000", "interestAndDebtExpense": "35920000", "netIncomeFromContinuingOperations": "190388000", "comprehensiveIncomeNetOfTax": "188949000", "ebit": "325197000", "ebitda": "438309000", "netIncome": "185394000"}, {"fiscalDateEnding": "2017-03-31", "reportedCurrency": "USD", "grossProfit": "925786000", "totalRevenue": "2577351000", "costOfRevenue": "1651565000", "costofGoodsAndServicesSold": "277614000", "operatingIncome": "353933000", "sellingGeneralAndAdministrative": "1540767000", "researchAndDevelopment": "None", "operatingExpenses": "2258925000", "investmentIncomeNet": "None", "netInterestIncome": "-35507000", "interestIncome": "None", "interestExpense": "35507000", "nonInterestIncome": "2612858000", "otherNonOperatingIncome": "None", "depreciation": "None", "depreciationAndAmortization": "110798000", "incomeBeforeTax": "313954000", "incomeTaxExpense": "107899000", "interestAndDebtExpense": "35507000", "netIncomeFromContinuingOperations": "210527000", "comprehensiveIncomeNetOfTax": "215900000", "ebit": "349461000", "ebitda": "460259000", "netIncome": "206055000"}, {"fiscalDateEnding": "2016-12-31", "reportedCurrency": "USD", "grossProfit": "2475685000", "totalRevenue": "2475685000", "costOfRevenue": "1552304000", "costofGoodsAndServicesSold": "263872000", "operatingIncome": "314230000", "sellingGeneralAndAdministrative": "1444868000", "researchAndDevelopment": "None", "operatingExpenses": "2161455000", "investmentIncomeNet": "None", "netInterestIncome": "-32882000", "interestIncome": "None", "interestExpense": "32882000", "nonInterestIncome": "None", "otherNonOperatingIncome": "None", "depreciation": "None", "depreciationAndAmortization": "107436000", "incomeBeforeTax": "276818000", "incomeTaxExpense": "102610000", "interestAndDebtExpense": "32882000", "netIncomeFromContinuingOperations": "2475685000", "comprehensiveIncomeNetOfTax": "188955000", "ebit": "309700000", "ebitda": "417136000", "netIncome": "174208000"}]}