{"symbol": "UNH", "annualReports": [{"fiscalDateEnding": "2020-12-31", "reportedCurrency": "USD", "grossProfit": "181801000000", "totalRevenue": "257141000000", "costOfRevenue": "75340000000", "costofGoodsAndServicesSold": "30745000000", "operatingIncome": "22405000000", "sellingGeneralAndAdministrative": "41704000000", "researchAndDevelopment": "None", "operatingExpenses": "44595000000", "investmentIncomeNet": "1502000000", "netInterestIncome": "-1663000000", "interestIncome": "-1663000000", "interestExpense": "1663000000", "nonInterestIncome": "201478000000", "otherNonOperatingIncome": "None", "depreciation": "997000000", "depreciationAndAmortization": "2891000000", "incomeBeforeTax": "20376000000", "incomeTaxExpense": "4973000000", "interestAndDebtExpense": "1663000000", "netIncomeFromContinuingOperations": "15769000000", "comprehensiveIncomeNetOfTax": "15167000000", "ebit": "22039000000", "ebitda": "24930000000", "netIncome": "15403000000"}, {"fiscalDateEnding": "2019-12-31", "reportedCurrency": "USD", "grossProfit": "176125000000", "totalRevenue": "242155000000", "costOfRevenue": "66030000000", "costofGoodsAndServicesSold": "28117000000", "operatingIncome": "19685000000", "sellingGeneralAndAdministrative": "35193000000", "researchAndDevelopment": "None", "operatingExpenses": "37913000000", "investmentIncomeNet": "1886000000", "netInterestIncome": "-1704000000", "interestIncome": "-1704000000", "interestExpense": "1704000000", "nonInterestIncome": "189699000000", "otherNonOperatingIncome": "None", "depreciation": "995000000", "depreciationAndAmortization": "2720000000", "incomeBeforeTax": "17581000000", "incomeTaxExpense": "3742000000", "interestAndDebtExpense": "1704000000", "netIncomeFromContinuingOperations": "14239000000", "comprehensiveIncomeNetOfTax": "14421000000", "ebit": "19285000000", "ebitda": "22005000000", "netIncome": "13839000000"}, {"fiscalDateEnding": "2018-12-31", "reportedCurrency": "USD", "grossProfit": "162747000000", "totalRevenue": "226247000000", "costOfRevenue": "63500000000", "costofGoodsAndServicesSold": "26998000000", "operatingIncome": "17344000000", "sellingGeneralAndAdministrative": "34074000000", "researchAndDevelopment": "None", "operatingExpenses": "36502000000", "investmentIncomeNet": "1376000000", "netInterestIncome": "-1400000000", "interestIncome": "-1400000000", "interestExpense": "1400000000", "nonInterestIncome": "178087000000", "otherNonOperatingIncome": "None", "depreciation": "924000000", "depreciationAndAmortization": "2428000000", "incomeBeforeTax": "15548000000", "incomeTaxExpense": "3562000000", "interestAndDebtExpense": "1400000000", "netIncomeFromContinuingOperations": "12382000000", "comprehensiveIncomeNetOfTax": "10469000000", "ebit": "16948000000", "ebitda": "19376000000", "netIncome": "11986000000"}, {"fiscalDateEnding": "2017-12-31", "reportedCurrency": "USD", "grossProfit": "145245000000", "totalRevenue": "201159000000", "costOfRevenue": "55914000000", "costofGoodsAndServicesSold": "24112000000", "operatingIncome": "15209000000", "sellingGeneralAndAdministrative": "29557000000", "researchAndDevelopment": "None", "operatingExpenses": "31802000000", "investmentIncomeNet": "1023000000", "netInterestIncome": "-1186000000", "interestIncome": "-1186000000", "interestExpense": "1186000000", "nonInterestIncome": "158453000000", "otherNonOperatingIncome": "None", "depreciation": "799000000", "depreciationAndAmortization": "2245000000", "incomeBeforeTax": "13758000000", "incomeTaxExpense": "3200000000", "interestAndDebtExpense": "1186000000", "netIncomeFromContinuingOperations": "10823000000", "comprehensiveIncomeNetOfTax": "10572000000", "ebit": "14944000000", "ebitda": "17189000000", "netIncome": "10558000000"}, {"fiscalDateEnding": "2016-12-31", "reportedCurrency": "USD", "grossProfit": "129968000000", "totalRevenue": "184840000000", "costOfRevenue": "54872000000", "costofGoodsAndServicesSold": "24416000000", "operatingIncome": "12930000000", "sellingGeneralAndAdministrative": "28401000000", "researchAndDevelopment": "None", "operatingExpenses": "30456000000", "investmentIncomeNet": "828000000", "netInterestIncome": "-1067000000", "interestIncome": "-1067000000", "interestExpense": "1067000000", "nonInterestIncome": "144118000000", "otherNonOperatingIncome": "None", "depreciation": "698000000", "depreciationAndAmortization": "2055000000", "incomeBeforeTax": "11807000000", "incomeTaxExpense": "4790000000", "interestAndDebtExpense": "1067000000", "netIncomeFromContinuingOperations": "7073000000", "comprehensiveIncomeNetOfTax": "7670000000", "ebit": "12874000000", "ebitda": "14929000000", "netIncome": "7017000000"}], "quarterlyReports": [{"fiscalDateEnding": "2021-09-30", "reportedCurrency": "USD", "grossProfit": "53014000000", "totalRevenue": "72337000000", "costOfRevenue": "19323000000", "costofGoodsAndServicesSold": "7802000000", "operatingIncome": "5712000000", "sellingGeneralAndAdministrative": "10725000000", "researchAndDevelopment": "None", "operatingExpenses": "11521000000", "investmentIncomeNet": "503000000", "netInterestIncome": "-422000000", "interestIncome": "-422000000", "interestExpense": "422000000", "nonInterestIncome": "56967000000", "otherNonOperatingIncome": "None", "depreciation": "None", "depreciationAndAmortization": "796000000", "incomeBeforeTax": "5185000000", "incomeTaxExpense": "1099000000", "interestAndDebtExpense": "422000000", "netIncomeFromContinuingOperations": "4191000000", "comprehensiveIncomeNetOfTax": "3316000000", "ebit": "5607000000", "ebitda": "6403000000", "netIncome": "4086000000"}, {"fiscalDateEnding": "2021-06-30", "reportedCurrency": "USD", "grossProfit": "52524000000", "totalRevenue": "71321000000", "costOfRevenue": "18797000000", "costofGoodsAndServicesSold": "7660000000", "operatingIncome": "5978000000", "sellingGeneralAndAdministrative": "10359000000", "researchAndDevelopment": "None", "operatingExpenses": "11137000000", "investmentIncomeNet": "556000000", "netInterestIncome": "-410000000", "interestIncome": "-410000000", "interestExpense": "410000000", "nonInterestIncome": "56233000000", "otherNonOperatingIncome": "None", "depreciation": "None", "depreciationAndAmortization": "778000000", "incomeBeforeTax": "5462000000", "incomeTaxExpense": "1196000000", "interestAndDebtExpense": "410000000", "netIncomeFromContinuingOperations": "4372000000", "comprehensiveIncomeNetOfTax": "5006000000", "ebit": "5872000000", "ebitda": "6650000000", "netIncome": "4266000000"}, {"fiscalDateEnding": "2021-03-31", "reportedCurrency": "USD", "grossProfit": "51643000000", "totalRevenue": "70196000000", "costOfRevenue": "18553000000", "costofGoodsAndServicesSold": "7572000000", "operatingIncome": "6739000000", "sellingGeneralAndAdministrative": "10223000000", "researchAndDevelopment": "None", "operatingExpenses": "10981000000", "investmentIncomeNet": "452000000", "netInterestIncome": "-397000000", "interestIncome": "-397000000", "interestExpense": "397000000", "nonInterestIncome": "55486000000", "otherNonOperatingIncome": "None", "depreciation": "None", "depreciationAndAmortization": "758000000", "incomeBeforeTax": "6226000000", "incomeTaxExpense": "1364000000", "interestAndDebtExpense": "397000000", "netIncomeFromContinuingOperations": "4978000000", "comprehensiveIncomeNetOfTax": "3850000000", "ebit": "6623000000", "ebitda": "7381000000", "netIncome": "4862000000"}, {"fiscalDateEnding": "2020-12-31", "reportedCurrency": "USD", "grossProfit": "45599000000", "totalRevenue": "65467000000", "costOfRevenue": "19868000000", "costofGoodsAndServicesSold": "7622000000", "operatingIncome": "3517000000", "sellingGeneralAndAdministrative": "11514000000", "researchAndDevelopment": "None", "operatingExpenses": "12246000000", "investmentIncomeNet": "445000000", "netInterestIncome": "-401000000", "interestIncome": "-401000000", "interestExpense": "401000000", "nonInterestIncome": "50581000000", "otherNonOperatingIncome": "None", "depreciation": "None", "depreciationAndAmortization": "732000000", "incomeBeforeTax": "2976000000", "incomeTaxExpense": "764000000", "interestAndDebtExpense": "401000000", "netIncomeFromContinuingOperations": "2352000000", "comprehensiveIncomeNetOfTax": "2892000000", "ebit": "3377000000", "ebitda": "4109000000", "netIncome": "2212000000"}, {"fiscalDateEnding": "2020-09-30", "reportedCurrency": "USD", "grossProfit": "46287000000", "totalRevenue": "65115000000", "costOfRevenue": "18828000000", "costofGoodsAndServicesSold": "7935000000", "operatingIncome": "4651000000", "sellingGeneralAndAdministrative": "10174000000", "researchAndDevelopment": "None", "operatingExpenses": "10893000000", "investmentIncomeNet": "351000000", "netInterestIncome": "-395000000", "interestIncome": "-395000000", "interestExpense": "395000000", "nonInterestIncome": "50863000000", "otherNonOperatingIncome": "None", "depreciation": "None", "depreciationAndAmortization": "719000000", "incomeBeforeTax": "4172000000", "incomeTaxExpense": "1000000000", "interestAndDebtExpense": "395000000", "netIncomeFromContinuingOperations": "3256000000", "comprehensiveIncomeNetOfTax": "3228000000", "ebit": "4567000000", "ebitda": "5286000000", "netIncome": "3172000000"}, {"fiscalDateEnding": "2020-06-30", "reportedCurrency": "USD", "grossProfit": "43919000000", "totalRevenue": "62138000000", "costOfRevenue": "18219000000", "costofGoodsAndServicesSold": "7501000000", "operatingIncome": "9241000000", "sellingGeneralAndAdministrative": "10001000000", "researchAndDevelopment": "None", "operatingExpenses": "10718000000", "investmentIncomeNet": "341000000", "netInterestIncome": "-430000000", "interestIncome": "-430000000", "interestExpense": "430000000", "nonInterestIncome": "49394000000", "otherNonOperatingIncome": "None", "depreciation": "None", "depreciationAndAmortization": "717000000", "incomeBeforeTax": "8752000000", "incomeTaxExpense": "2115000000", "interestAndDebtExpense": "430000000", "netIncomeFromContinuingOperations": "6696000000", "comprehensiveIncomeNetOfTax": "7447000000", "ebit": "9182000000", "ebitda": "9899000000", "netIncome": "6637000000"}, {"fiscalDateEnding": "2020-03-31", "reportedCurrency": "USD", "grossProfit": "45996000000", "totalRevenue": "64421000000", "costOfRevenue": "18425000000", "costofGoodsAndServicesSold": "7687000000", "operatingIncome": "4996000000", "sellingGeneralAndAdministrative": "10015000000", "researchAndDevelopment": "None", "operatingExpenses": "10738000000", "investmentIncomeNet": "365000000", "netInterestIncome": "-437000000", "interestIncome": "-437000000", "interestExpense": "437000000", "nonInterestIncome": "50640000000", "otherNonOperatingIncome": "None", "depreciation": "None", "depreciationAndAmortization": "723000000", "incomeBeforeTax": "4476000000", "incomeTaxExpense": "1094000000", "interestAndDebtExpense": "437000000", "netIncomeFromContinuingOperations": "3465000000", "comprehensiveIncomeNetOfTax": "1600000000", "ebit": "4913000000", "ebitda": "5636000000", "netIncome": "3382000000"}, {"fiscalDateEnding": "2019-12-31", "reportedCurrency": "USD", "grossProfit": "44371000000", "totalRevenue": "60901000000", "costOfRevenue": "16530000000", "costofGoodsAndServicesSold": "6511000000", "operatingIncome": "5095000000", "sellingGeneralAndAdministrative": "9301000000", "researchAndDevelopment": "None", "operatingExpenses": "10019000000", "investmentIncomeNet": "433000000", "netInterestIncome": "-437000000", "interestIncome": "-437000000", "interestExpense": "437000000", "nonInterestIncome": "47625000000", "otherNonOperatingIncome": "None", "depreciation": "None", "depreciationAndAmortization": "718000000", "incomeBeforeTax": "4531000000", "incomeTaxExpense": "990000000", "interestAndDebtExpense": "437000000", "netIncomeFromContinuingOperations": "3668000000", "comprehensiveIncomeNetOfTax": "3672000000", "ebit": "4968000000", "ebitda": "5686000000", "netIncome": "3541000000"}, {"fiscalDateEnding": "2019-09-30", "reportedCurrency": "USD", "grossProfit": "44055000000", "totalRevenue": "60351000000", "costOfRevenue": "16296000000", "costofGoodsAndServicesSold": "6627000000", "operatingIncome": "5014000000", "sellingGeneralAndAdministrative": "8960000000", "researchAndDevelopment": "None", "operatingExpenses": "9669000000", "investmentIncomeNet": "466000000", "netInterestIncome": "-449000000", "interestIncome": "-449000000", "interestExpense": "449000000", "nonInterestIncome": "47397000000", "otherNonOperatingIncome": "None", "depreciation": "None", "depreciationAndAmortization": "709000000", "incomeBeforeTax": "4474000000", "incomeTaxExpense": "936000000", "interestAndDebtExpense": "449000000", "netIncomeFromContinuingOperations": "3629000000", "comprehensiveIncomeNetOfTax": "3102000000", "ebit": "4923000000", "ebitda": "5632000000", "netIncome": "3538000000"}, {"fiscalDateEnding": "2019-06-30", "reportedCurrency": "USD", "grossProfit": "43928000000", "totalRevenue": "60595000000", "costOfRevenue": "16667000000", "costofGoodsAndServicesSold": "7598000000", "operatingIncome": "4744000000", "sellingGeneralAndAdministrative": "8415000000", "researchAndDevelopment": "None", "operatingExpenses": "9069000000", "investmentIncomeNet": "582000000", "netInterestIncome": "-418000000", "interestIncome": "-418000000", "interestExpense": "418000000", "nonInterestIncome": "47164000000", "otherNonOperatingIncome": "None", "depreciation": "None", "depreciationAndAmortization": "654000000", "incomeBeforeTax": "4234000000", "incomeTaxExpense": "941000000", "interestAndDebtExpense": "418000000", "netIncomeFromContinuingOperations": "3385000000", "comprehensiveIncomeNetOfTax": "3778000000", "ebit": "4652000000", "ebitda": "5306000000", "netIncome": "3293000000"}, {"fiscalDateEnding": "2019-03-31", "reportedCurrency": "USD", "grossProfit": "43771000000", "totalRevenue": "60308000000", "costOfRevenue": "16537000000", "costofGoodsAndServicesSold": "7381000000", "operatingIncome": "4832000000", "sellingGeneralAndAdministrative": "8517000000", "researchAndDevelopment": "None", "operatingExpenses": "9156000000", "investmentIncomeNet": "405000000", "netInterestIncome": "-400000000", "interestIncome": "None", "interestExpense": "400000000", "nonInterestIncome": "47513000000", "otherNonOperatingIncome": "None", "depreciation": "None", "depreciationAndAmortization": "639000000", "incomeBeforeTax": "4342000000", "incomeTaxExpense": "875000000", "interestAndDebtExpense": "400000000", "netIncomeFromContinuingOperations": "3557000000", "comprehensiveIncomeNetOfTax": "3869000000", "ebit": "4742000000", "ebitda": "5381000000", "netIncome": "3467000000"}, {"fiscalDateEnding": "2018-12-31", "reportedCurrency": "USD", "grossProfit": "41452000000", "totalRevenue": "58417000000", "costOfRevenue": "16965000000", "costofGoodsAndServicesSold": "7625000000", "operatingIncome": "4497000000", "sellingGeneralAndAdministrative": "8703000000", "researchAndDevelopment": "None", "operatingExpenses": "9340000000", "investmentIncomeNet": "341000000", "netInterestIncome": "-374000000", "interestIncome": "None", "interestExpense": "374000000", "nonInterestIncome": "44932000000", "otherNonOperatingIncome": "None", "depreciation": "None", "depreciationAndAmortization": "637000000", "incomeBeforeTax": "3999000000", "incomeTaxExpense": "959000000", "interestAndDebtExpense": "374000000", "netIncomeFromContinuingOperations": "3164000000", "comprehensiveIncomeNetOfTax": "3266000000", "ebit": "4373000000", "ebitda": "5010000000", "netIncome": "3040000000"}, {"fiscalDateEnding": "2018-09-30", "reportedCurrency": "USD", "grossProfit": "40748000000", "totalRevenue": "56556000000", "costOfRevenue": "15808000000", "costofGoodsAndServicesSold": "6718000000", "operatingIncome": "4590000000", "sellingGeneralAndAdministrative": "8479000000", "researchAndDevelopment": "None", "operatingExpenses": "9090000000", "investmentIncomeNet": "382000000", "netInterestIncome": "-353000000", "interestIncome": "None", "interestExpense": "353000000", "nonInterestIncome": "44613000000", "otherNonOperatingIncome": "None", "depreciation": "None", "depreciationAndAmortization": "611000000", "incomeBeforeTax": "4141000000", "incomeTaxExpense": "953000000", "interestAndDebtExpense": "353000000", "netIncomeFromContinuingOperations": "3284000000", "comprehensiveIncomeNetOfTax": "2882000000", "ebit": "4494000000", "ebitda": "5105000000", "netIncome": "3188000000"}, {"fiscalDateEnding": "2018-06-30", "reportedCurrency": "USD", "grossProfit": "40631000000", "totalRevenue": "56086000000", "costOfRevenue": "15455000000", "costofGoodsAndServicesSold": "6471000000", "operatingIncome": "4204000000", "sellingGeneralAndAdministrative": "8386000000", "researchAndDevelopment": "None", "operatingExpenses": "8984000000", "investmentIncomeNet": "355000000", "netInterestIncome": "-344000000", "interestIncome": "None", "interestExpense": "344000000", "nonInterestIncome": "44458000000", "otherNonOperatingIncome": "None", "depreciation": "None", "depreciationAndAmortization": "598000000", "incomeBeforeTax": "3772000000", "incomeTaxExpense": "850000000", "interestAndDebtExpense": "344000000", "netIncomeFromContinuingOperations": "3010000000", "comprehensiveIncomeNetOfTax": "1793000000", "ebit": "4116000000", "ebitda": "4714000000", "netIncome": "2922000000"}, {"fiscalDateEnding": "2018-03-31", "reportedCurrency": "USD", "grossProfit": "39916000000", "totalRevenue": "55188000000", "costOfRevenue": "15272000000", "costofGoodsAndServicesSold": "6184000000", "operatingIncome": "4053000000", "sellingGeneralAndAdministrative": "8506000000", "researchAndDevelopment": "None", "operatingExpenses": "9088000000", "investmentIncomeNet": "298000000", "netInterestIncome": "-329000000", "interestIncome": "None", "interestExpense": "329000000", "nonInterestIncome": "44084000000", "otherNonOperatingIncome": "None", "depreciation": "None", "depreciationAndAmortization": "582000000", "incomeBeforeTax": "3636000000", "incomeTaxExpense": "800000000", "interestAndDebtExpense": "329000000", "netIncomeFromContinuingOperations": "2924000000", "comprehensiveIncomeNetOfTax": "2528000000", "ebit": "3965000000", "ebitda": "4547000000", "netIncome": "2836000000"}, {"fiscalDateEnding": "2017-12-31", "reportedCurrency": "USD", "grossProfit": "37184000000", "totalRevenue": "52061000000", "costOfRevenue": "14877000000", "costofGoodsAndServicesSold": "6479000000", "operatingIncome": "3977000000", "sellingGeneralAndAdministrative": "7820000000", "researchAndDevelopment": "None", "operatingExpenses": "8398000000", "investmentIncomeNet": "298000000", "netInterestIncome": "-308000000", "interestIncome": "None", "interestExpense": "308000000", "nonInterestIncome": "40378000000", "otherNonOperatingIncome": "None", "depreciation": "None", "depreciationAndAmortization": "578000000", "incomeBeforeTax": "3565000000", "incomeTaxExpense": "-52000000", "interestAndDebtExpense": "308000000", "netIncomeFromContinuingOperations": "3721000000", "comprehensiveIncomeNetOfTax": "3303000000", "ebit": "3873000000", "ebitda": "4451000000", "netIncome": "3617000000"}, {"fiscalDateEnding": "2017-09-30", "reportedCurrency": "USD", "grossProfit": "36289000000", "totalRevenue": "50322000000", "costOfRevenue": "14033000000", "costofGoodsAndServicesSold": "6068000000", "operatingIncome": "4088000000", "sellingGeneralAndAdministrative": "7387000000", "researchAndDevelopment": "None", "operatingExpenses": "7965000000", "investmentIncomeNet": "247000000", "netInterestIncome": "-294000000", "interestIncome": "None", "interestExpense": "294000000", "nonInterestIncome": "39552000000", "otherNonOperatingIncome": "None", "depreciation": "None", "depreciationAndAmortization": "578000000", "incomeBeforeTax": "3718000000", "incomeTaxExpense": "1233000000", "interestAndDebtExpense": "294000000", "netIncomeFromContinuingOperations": "2561000000", "comprehensiveIncomeNetOfTax": "2723000000", "ebit": "4012000000", "ebitda": "4590000000", "netIncome": "2485000000"}, {"fiscalDateEnding": "2017-06-30", "reportedCurrency": "USD", "grossProfit": "36280000000", "totalRevenue": "50053000000", "costOfRevenue": "13773000000", "costofGoodsAndServicesSold": "5889000000", "operatingIncome": "3731000000", "sellingGeneralAndAdministrative": "7328000000", "researchAndDevelopment": "None", "operatingExpenses": "7884000000", "investmentIncomeNet": "256000000", "netInterestIncome": "-301000000", "interestIncome": "None", "interestExpense": "301000000", "nonInterestIncome": "39585000000", "otherNonOperatingIncome": "None", "depreciation": "None", "depreciationAndAmortization": "556000000", "incomeBeforeTax": "3364000000", "incomeTaxExpense": "1080000000", "interestAndDebtExpense": "301000000", "netIncomeFromContinuingOperations": "2350000000", "comprehensiveIncomeNetOfTax": "2140000000", "ebit": "3665000000", "ebitda": "4221000000", "netIncome": "2284000000"}, {"fiscalDateEnding": "2017-03-31", "reportedCurrency": "USD", "grossProfit": "35492000000", "totalRevenue": "48723000000", "costOfRevenue": "13231000000", "costofGoodsAndServicesSold": "5676000000", "operatingIncome": "3413000000", "sellingGeneralAndAdministrative": "7022000000", "researchAndDevelopment": "None", "operatingExpenses": "7555000000", "investmentIncomeNet": "222000000", "netInterestIncome": "-283000000", "interestIncome": "None", "interestExpense": "283000000", "nonInterestIncome": "38938000000", "otherNonOperatingIncome": "None", "depreciation": "None", "depreciationAndAmortization": "533000000", "incomeBeforeTax": "3111000000", "incomeTaxExpense": "939000000", "interestAndDebtExpense": "283000000", "netIncomeFromContinuingOperations": "2191000000", "comprehensiveIncomeNetOfTax": "2406000000", "ebit": "3394000000", "ebitda": "3927000000", "netIncome": "2172000000"}, {"fiscalDateEnding": "2016-12-31", "reportedCurrency": "USD", "grossProfit": "32883000000", "totalRevenue": "47535000000", "costOfRevenue": "14652000000", "costofGoodsAndServicesSold": "6308000000", "operatingIncome": "3187000000", "sellingGeneralAndAdministrative": "7817000000", "researchAndDevelopment": "None", "operatingExpenses": "8344000000", "investmentIncomeNet": "261000000", "netInterestIncome": "-268000000", "interestIncome": "None", "interestExpense": "268000000", "nonInterestIncome": "36752000000", "otherNonOperatingIncome": "None", "depreciation": "None", "depreciationAndAmortization": "527000000", "incomeBeforeTax": "2895000000", "incomeTaxExpense": "1211000000", "interestAndDebtExpense": "268000000", "netIncomeFromContinuingOperations": "1708000000", "comprehensiveIncomeNetOfTax": "1306000000", "ebit": "3163000000", "ebitda": "3690000000", "netIncome": "1684000000"}]}