{"symbol": "UNP", "annualReports": [{"fiscalDateEnding": "2020-12-31", "reportedCurrency": "USD", "grossProfit": "11926000000", "totalRevenue": "19533000000", "costOfRevenue": "7607000000", "costofGoodsAndServicesSold": "3314000000", "operatingIncome": "7834000000", "sellingGeneralAndAdministrative": "5338000000", "researchAndDevelopment": "None", "operatingExpenses": "11699000000", "investmentIncomeNet": "12000000", "netInterestIncome": "-1141000000", "interestIncome": "-1141000000", "interestExpense": "1141000000", "nonInterestIncome": "69000000", "otherNonOperatingIncome": "287000000", "depreciation": "2210000000", "depreciationAndAmortization": "66000000", "incomeBeforeTax": "6980000000", "incomeTaxExpense": "1631000000", "interestAndDebtExpense": "1141000000", "netIncomeFromContinuingOperations": "5349000000", "comprehensiveIncomeNetOfTax": "5112000000", "ebit": "8121000000", "ebitda": "8187000000", "netIncome": "5349000000"}, {"fiscalDateEnding": "2019-12-31", "reportedCurrency": "USD", "grossProfit": "12709000000", "totalRevenue": "21708000000", "costOfRevenue": "8999000000", "costofGoodsAndServicesSold": "4407000000", "operatingIncome": "8554000000", "sellingGeneralAndAdministrative": "5593000000", "researchAndDevelopment": "None", "operatingExpenses": "13154000000", "investmentIncomeNet": "32000000", "netInterestIncome": "-1050000000", "interestIncome": "63000000", "interestExpense": "1050000000", "nonInterestIncome": "-2000000", "otherNonOperatingIncome": "243000000", "depreciation": "2216000000", "depreciationAndAmortization": "72000000", "incomeBeforeTax": "7747000000", "incomeTaxExpense": "1828000000", "interestAndDebtExpense": "1052000000", "netIncomeFromContinuingOperations": "5919000000", "comprehensiveIncomeNetOfTax": "5978000000", "ebit": "8797000000", "ebitda": "8869000000", "netIncome": "5919000000"}, {"fiscalDateEnding": "2018-12-31", "reportedCurrency": "USD", "grossProfit": "12733000000", "totalRevenue": "22832000000", "costOfRevenue": "10099000000", "costofGoodsAndServicesSold": "5031000000", "operatingIncome": "8517000000", "sellingGeneralAndAdministrative": "6078000000", "researchAndDevelopment": "None", "operatingExpenses": "14315000000", "investmentIncomeNet": "30000000", "netInterestIncome": "-870000000", "interestIncome": "30000000", "interestExpense": "870000000", "nonInterestIncome": "-85000000", "otherNonOperatingIncome": "94000000", "depreciation": "2191000000", "depreciationAndAmortization": "2191000000", "incomeBeforeTax": "7741000000", "incomeTaxExpense": "1775000000", "interestAndDebtExpense": "955000000", "netIncomeFromContinuingOperations": "5966000000", "comprehensiveIncomeNetOfTax": "5992000000", "ebit": "8611000000", "ebitda": "10802000000", "netIncome": "5966000000"}, {"fiscalDateEnding": "2017-12-31", "reportedCurrency": "USD", "grossProfit": "11779000000", "totalRevenue": "21240000000", "costOfRevenue": "9461000000", "costofGoodsAndServicesSold": "4391000000", "operatingIncome": "8106000000", "sellingGeneralAndAdministrative": "4984000000", "researchAndDevelopment": "None", "operatingExpenses": "13134000000", "investmentIncomeNet": "16000000", "netInterestIncome": "-719000000", "interestIncome": "16000000", "interestExpense": "719000000", "nonInterestIncome": "None", "otherNonOperatingIncome": "245000000", "depreciation": "2105000000", "depreciationAndAmortization": "2105000000", "incomeBeforeTax": "7632000000", "incomeTaxExpense": "-3080000000", "interestAndDebtExpense": "719000000", "netIncomeFromContinuingOperations": "10712000000", "comprehensiveIncomeNetOfTax": "10843000000", "ebit": "8351000000", "ebitda": "10456000000", "netIncome": "10712000000"}, {"fiscalDateEnding": "2016-12-31", "reportedCurrency": "USD", "grossProfit": "11402000000", "totalRevenue": "19941000000", "costOfRevenue": "8539000000", "costofGoodsAndServicesSold": "3789000000", "operatingIncome": "7243000000", "sellingGeneralAndAdministrative": "4750000000", "researchAndDevelopment": "None", "operatingExpenses": "12698000000", "investmentIncomeNet": "11000000", "netInterestIncome": "-698000000", "interestIncome": "11000000", "interestExpense": "698000000", "nonInterestIncome": "None", "otherNonOperatingIncome": "221000000", "depreciation": "2038000000", "depreciationAndAmortization": "2038000000", "incomeBeforeTax": "6766000000", "incomeTaxExpense": "2533000000", "interestAndDebtExpense": "698000000", "netIncomeFromContinuingOperations": "4233000000", "comprehensiveIncomeNetOfTax": "4156000000", "ebit": "7464000000", "ebitda": "9502000000", "netIncome": "4233000000"}], "quarterlyReports": [{"fiscalDateEnding": "2021-09-30", "reportedCurrency": "USD", "grossProfit": "3990000000", "totalRevenue": "5566000000", "costOfRevenue": "1576000000", "costofGoodsAndServicesSold": "544000000", "operatingIncome": "2432000000", "sellingGeneralAndAdministrative": "1257000000", "researchAndDevelopment": "None", "operatingExpenses": "3134000000", "investmentIncomeNet": "None", "netInterestIncome": "-290000000", "interestIncome": "2000000", "interestExpense": "290000000", "nonInterestIncome": "5166000000", "otherNonOperatingIncome": "38000000", "depreciation": "553000000", "depreciationAndAmortization": "553000000", "incomeBeforeTax": "2180000000", "incomeTaxExpense": "507000000", "interestAndDebtExpense": "290000000", "netIncomeFromContinuingOperations": "1673000000", "comprehensiveIncomeNetOfTax": "1691000000", "ebit": "2470000000", "ebitda": "3023000000", "netIncome": "1673000000"}, {"fiscalDateEnding": "2021-06-30", "reportedCurrency": "USD", "grossProfit": "3992000000", "totalRevenue": "5504000000", "costOfRevenue": "1512000000", "costofGoodsAndServicesSold": "497000000", "operatingIncome": "2473000000", "sellingGeneralAndAdministrative": "1222000000", "researchAndDevelopment": "None", "operatingExpenses": "3031000000", "investmentIncomeNet": "None", "netInterestIncome": "-282000000", "interestIncome": "1000000", "interestExpense": "282000000", "nonInterestIncome": "5182000000", "otherNonOperatingIncome": "125000000", "depreciation": "550000000", "depreciationAndAmortization": "550000000", "incomeBeforeTax": "2316000000", "incomeTaxExpense": "518000000", "interestAndDebtExpense": "282000000", "netIncomeFromContinuingOperations": "1798000000", "comprehensiveIncomeNetOfTax": "1841000000", "ebit": "2598000000", "ebitda": "3148000000", "netIncome": "1798000000"}, {"fiscalDateEnding": "2021-03-31", "reportedCurrency": "USD", "grossProfit": "3570000000", "totalRevenue": "5001000000", "costOfRevenue": "1431000000", "costofGoodsAndServicesSold": "411000000", "operatingIncome": "1993000000", "sellingGeneralAndAdministrative": "-1346000000", "researchAndDevelopment": "None", "operatingExpenses": "3008000000", "investmentIncomeNet": "None", "netInterestIncome": "-290000000", "interestIncome": "1000000", "interestExpense": "290000000", "nonInterestIncome": "4649000000", "otherNonOperatingIncome": "51000000", "depreciation": "549000000", "depreciationAndAmortization": "549000000", "incomeBeforeTax": "1754000000", "incomeTaxExpense": "413000000", "interestAndDebtExpense": "290000000", "netIncomeFromContinuingOperations": "1341000000", "comprehensiveIncomeNetOfTax": "1340000000", "ebit": "2044000000", "ebitda": "2593000000", "netIncome": "1341000000"}, {"fiscalDateEnding": "2020-12-31", "reportedCurrency": "USD", "grossProfit": "5141000000", "totalRevenue": "5141000000", "costOfRevenue": "3634000000", "costofGoodsAndServicesSold": "2332000000", "operatingIncome": "2006000000", "sellingGeneralAndAdministrative": "9142000000", "researchAndDevelopment": "None", "operatingExpenses": "3135000000", "investmentIncomeNet": "None", "netInterestIncome": "-279000000", "interestIncome": "-279000000", "interestExpense": "279000000", "nonInterestIncome": "-13448000000", "otherNonOperatingIncome": "66000000", "depreciation": "557000000", "depreciationAndAmortization": "16000000", "incomeBeforeTax": "1793000000", "incomeTaxExpense": "413000000", "interestAndDebtExpense": "279000000", "netIncomeFromContinuingOperations": "2006000000", "comprehensiveIncomeNetOfTax": "2006000000", "ebit": "2072000000", "ebitda": "2088000000", "netIncome": "1380000000"}, {"fiscalDateEnding": "2020-09-30", "reportedCurrency": "USD", "grossProfit": "3606000000", "totalRevenue": "4919000000", "costOfRevenue": "1313000000", "costofGoodsAndServicesSold": "301000000", "operatingIncome": "2031000000", "sellingGeneralAndAdministrative": "-1307000000", "researchAndDevelopment": "None", "operatingExpenses": "2888000000", "investmentIncomeNet": "None", "netInterestIncome": "-295000000", "interestIncome": "-293000000", "interestExpense": "295000000", "nonInterestIncome": "4596000000", "otherNonOperatingIncome": "37000000", "depreciation": "555000000", "depreciationAndAmortization": "16000000", "incomeBeforeTax": "1773000000", "incomeTaxExpense": "410000000", "interestAndDebtExpense": "295000000", "netIncomeFromContinuingOperations": "1363000000", "comprehensiveIncomeNetOfTax": "1384000000", "ebit": "2068000000", "ebitda": "2084000000", "netIncome": "1363000000"}, {"fiscalDateEnding": "2020-06-30", "reportedCurrency": "USD", "grossProfit": "3086000000", "totalRevenue": "4244000000", "costOfRevenue": "1158000000", "costofGoodsAndServicesSold": "247000000", "operatingIncome": "1654000000", "sellingGeneralAndAdministrative": "1140000000", "researchAndDevelopment": "None", "operatingExpenses": "2590000000", "investmentIncomeNet": "None", "netInterestIncome": "-289000000", "interestIncome": "3000000", "interestExpense": "289000000", "nonInterestIncome": "4041000000", "otherNonOperatingIncome": "131000000", "depreciation": "551000000", "depreciationAndAmortization": "17000000", "incomeBeforeTax": "1496000000", "incomeTaxExpense": "364000000", "interestAndDebtExpense": "289000000", "netIncomeFromContinuingOperations": "1132000000", "comprehensiveIncomeNetOfTax": "1089000000", "ebit": "1785000000", "ebitda": "1802000000", "netIncome": "1132000000"}, {"fiscalDateEnding": "2020-03-31", "reportedCurrency": "USD", "grossProfit": "3727000000", "totalRevenue": "5229000000", "costOfRevenue": "1502000000", "costofGoodsAndServicesSold": "434000000", "operatingIncome": "2143000000", "sellingGeneralAndAdministrative": "1357000000", "researchAndDevelopment": "None", "operatingExpenses": "3086000000", "investmentIncomeNet": "None", "netInterestIncome": "-278000000", "interestIncome": "6000000", "interestExpense": "278000000", "nonInterestIncome": "4880000000", "otherNonOperatingIncome": "53000000", "depreciation": "547000000", "depreciationAndAmortization": "17000000", "incomeBeforeTax": "1918000000", "incomeTaxExpense": "444000000", "interestAndDebtExpense": "278000000", "netIncomeFromContinuingOperations": "1474000000", "comprehensiveIncomeNetOfTax": "1501000000", "ebit": "2196000000", "ebitda": "2213000000", "netIncome": "1474000000"}, {"fiscalDateEnding": "2019-12-31", "reportedCurrency": "USD", "grossProfit": "5212000000", "totalRevenue": "5212000000", "costOfRevenue": "3894000000", "costofGoodsAndServicesSold": "2812000000", "operatingIncome": "2100000000", "sellingGeneralAndAdministrative": "9906000000", "researchAndDevelopment": "None", "operatingExpenses": "3112000000", "investmentIncomeNet": "None", "netInterestIncome": "-278000000", "interestIncome": "38000000", "interestExpense": "278000000", "nonInterestIncome": "-2000000", "otherNonOperatingIncome": "56000000", "depreciation": "559000000", "depreciationAndAmortization": "18000000", "incomeBeforeTax": "1878000000", "incomeTaxExpense": "475000000", "interestAndDebtExpense": "2000000", "netIncomeFromContinuingOperations": "2100000000", "comprehensiveIncomeNetOfTax": "2100000000", "ebit": "2156000000", "ebitda": "2174000000", "netIncome": "1403000000"}, {"fiscalDateEnding": "2019-09-30", "reportedCurrency": "USD", "grossProfit": "3872000000", "totalRevenue": "5516000000", "costOfRevenue": "1644000000", "costofGoodsAndServicesSold": "504000000", "operatingIncome": "2234000000", "sellingGeneralAndAdministrative": "1411000000", "researchAndDevelopment": "None", "operatingExpenses": "3282000000", "investmentIncomeNet": "None", "netInterestIncome": "-266000000", "interestIncome": "10000000", "interestExpense": "266000000", "nonInterestIncome": "5146000000", "otherNonOperatingIncome": "53000000", "depreciation": "557000000", "depreciationAndAmortization": "18000000", "incomeBeforeTax": "2021000000", "incomeTaxExpense": "466000000", "interestAndDebtExpense": "266000000", "netIncomeFromContinuingOperations": "1555000000", "comprehensiveIncomeNetOfTax": "1548000000", "ebit": "2287000000", "ebitda": "2305000000", "netIncome": "1555000000"}, {"fiscalDateEnding": "2019-06-30", "reportedCurrency": "USD", "grossProfit": "3881000000", "totalRevenue": "5596000000", "costOfRevenue": "1715000000", "costofGoodsAndServicesSold": "560000000", "operatingIncome": "2260000000", "sellingGeneralAndAdministrative": "1392000000", "researchAndDevelopment": "None", "operatingExpenses": "3336000000", "investmentIncomeNet": "None", "netInterestIncome": "-259000000", "interestIncome": "6000000", "interestExpense": "259000000", "nonInterestIncome": "5236000000", "otherNonOperatingIncome": "57000000", "depreciation": "551000000", "depreciationAndAmortization": "18000000", "incomeBeforeTax": "2058000000", "incomeTaxExpense": "488000000", "interestAndDebtExpense": "259000000", "netIncomeFromContinuingOperations": "1570000000", "comprehensiveIncomeNetOfTax": "1650000000", "ebit": "2317000000", "ebitda": "2335000000", "netIncome": "1570000000"}, {"fiscalDateEnding": "2019-03-31", "reportedCurrency": "USD", "grossProfit": "3656000000", "totalRevenue": "5384000000", "costOfRevenue": "1728000000", "costofGoodsAndServicesSold": "531000000", "operatingIncome": "1960000000", "sellingGeneralAndAdministrative": "1510000000", "researchAndDevelopment": "None", "operatingExpenses": "3424000000", "investmentIncomeNet": "None", "netInterestIncome": "-247000000", "interestIncome": "9000000", "interestExpense": "247000000", "nonInterestIncome": "5010000000", "otherNonOperatingIncome": "77000000", "depreciation": "549000000", "depreciationAndAmortization": "18000000", "incomeBeforeTax": "1790000000", "incomeTaxExpense": "399000000", "interestAndDebtExpense": "247000000", "netIncomeFromContinuingOperations": "1391000000", "comprehensiveIncomeNetOfTax": "1428000000", "ebit": "2037000000", "ebitda": "2055000000", "netIncome": "1391000000"}, {"fiscalDateEnding": "2018-12-31", "reportedCurrency": "USD", "grossProfit": "5757000000", "totalRevenue": "5757000000", "costOfRevenue": "4443000000", "costofGoodsAndServicesSold": "3140000000", "operatingIncome": "2210000000", "sellingGeneralAndAdministrative": "10655000000", "researchAndDevelopment": "None", "operatingExpenses": "3547000000", "investmentIncomeNet": "None", "netInterestIncome": "-240000000", "interestIncome": "None", "interestExpense": "240000000", "nonInterestIncome": "0", "otherNonOperatingIncome": "46000000", "depreciation": "555000000", "depreciationAndAmortization": "555000000", "incomeBeforeTax": "2016000000", "incomeTaxExpense": "462000000", "interestAndDebtExpense": "240000000", "netIncomeFromContinuingOperations": "2210000000", "comprehensiveIncomeNetOfTax": "2210000000", "ebit": "2256000000", "ebitda": "2811000000", "netIncome": "1554000000"}, {"fiscalDateEnding": "2018-09-30", "reportedCurrency": "USD", "grossProfit": "4010000000", "totalRevenue": "5928000000", "costOfRevenue": "1918000000", "costofGoodsAndServicesSold": "659000000", "operatingIncome": "2269000000", "sellingGeneralAndAdministrative": "1549000000", "researchAndDevelopment": "None", "operatingExpenses": "3659000000", "investmentIncomeNet": "None", "netInterestIncome": "-241000000", "interestIncome": "None", "interestExpense": "241000000", "nonInterestIncome": "5558000000", "otherNonOperatingIncome": "48000000", "depreciation": "547000000", "depreciationAndAmortization": "547000000", "incomeBeforeTax": "2076000000", "incomeTaxExpense": "483000000", "interestAndDebtExpense": "241000000", "netIncomeFromContinuingOperations": "1593000000", "comprehensiveIncomeNetOfTax": "1629000000", "ebit": "2317000000", "ebitda": "2864000000", "netIncome": "1593000000"}, {"fiscalDateEnding": "2018-06-30", "reportedCurrency": "USD", "grossProfit": "3788000000", "totalRevenue": "5672000000", "costOfRevenue": "1884000000", "costofGoodsAndServicesSold": "643000000", "operatingIncome": "2099000000", "sellingGeneralAndAdministrative": "1241000000", "researchAndDevelopment": "None", "operatingExpenses": "3573000000", "investmentIncomeNet": "None", "netInterestIncome": "-203000000", "interestIncome": "None", "interestExpense": "203000000", "nonInterestIncome": "5317000000", "otherNonOperatingIncome": "42000000", "depreciation": "546000000", "depreciationAndAmortization": "546000000", "incomeBeforeTax": "1938000000", "incomeTaxExpense": "429000000", "interestAndDebtExpense": "203000000", "netIncomeFromContinuingOperations": "1509000000", "comprehensiveIncomeNetOfTax": "1503000000", "ebit": "2141000000", "ebitda": "2687000000", "netIncome": "1509000000"}, {"fiscalDateEnding": "2018-03-31", "reportedCurrency": "USD", "grossProfit": "3613000000", "totalRevenue": "5475000000", "costOfRevenue": "1862000000", "costofGoodsAndServicesSold": "589000000", "operatingIncome": "1939000000", "sellingGeneralAndAdministrative": "1273000000", "researchAndDevelopment": "None", "operatingExpenses": "3536000000", "investmentIncomeNet": "None", "netInterestIncome": "-186000000", "interestIncome": "None", "interestExpense": "186000000", "nonInterestIncome": "-85000000", "otherNonOperatingIncome": "-42000000", "depreciation": "543000000", "depreciationAndAmortization": "543000000", "incomeBeforeTax": "1711000000", "incomeTaxExpense": "401000000", "interestAndDebtExpense": "271000000", "netIncomeFromContinuingOperations": "1310000000", "comprehensiveIncomeNetOfTax": "1329000000", "ebit": "1897000000", "ebitda": "2440000000", "netIncome": "1310000000"}, {"fiscalDateEnding": "2017-12-31", "reportedCurrency": "USD", "grossProfit": "5450000000", "totalRevenue": "5450000000", "costOfRevenue": "4281000000", "costofGoodsAndServicesSold": "3047000000", "operatingIncome": "2247000000", "sellingGeneralAndAdministrative": "1232000000", "researchAndDevelopment": "None", "operatingExpenses": "3203000000", "investmentIncomeNet": "None", "netInterestIncome": "-188000000", "interestIncome": "None", "interestExpense": "188000000", "nonInterestIncome": "None", "otherNonOperatingIncome": "33000000", "depreciation": "532000000", "depreciationAndAmortization": "532000000", "incomeBeforeTax": "2092000000", "incomeTaxExpense": "-5186000000", "interestAndDebtExpense": "188000000", "netIncomeFromContinuingOperations": "2251000000", "comprehensiveIncomeNetOfTax": "2251000000", "ebit": "2280000000", "ebitda": "2812000000", "netIncome": "7278000000"}, {"fiscalDateEnding": "2017-09-30", "reportedCurrency": "USD", "grossProfit": "3660000000", "totalRevenue": "5408000000", "costOfRevenue": "1748000000", "costofGoodsAndServicesSold": "450000000", "operatingIncome": "2073000000", "sellingGeneralAndAdministrative": "1298000000", "researchAndDevelopment": "None", "operatingExpenses": "3335000000", "investmentIncomeNet": "None", "netInterestIncome": "-180000000", "interestIncome": "None", "interestExpense": "180000000", "nonInterestIncome": "57000000", "otherNonOperatingIncome": "90000000", "depreciation": "528000000", "depreciationAndAmortization": "528000000", "incomeBeforeTax": "1983000000", "incomeTaxExpense": "789000000", "interestAndDebtExpense": "180000000", "netIncomeFromContinuingOperations": "1194000000", "comprehensiveIncomeNetOfTax": "1243000000", "ebit": "2163000000", "ebitda": "2691000000", "netIncome": "1194000000"}, {"fiscalDateEnding": "2017-06-30", "reportedCurrency": "USD", "grossProfit": "3619000000", "totalRevenue": "5250000000", "costOfRevenue": "1631000000", "costofGoodsAndServicesSold": "434000000", "operatingIncome": "1998000000", "sellingGeneralAndAdministrative": "1197000000", "researchAndDevelopment": "None", "operatingExpenses": "3252000000", "investmentIncomeNet": "None", "netInterestIncome": "-179000000", "interestIncome": "None", "interestExpense": "179000000", "nonInterestIncome": "0", "otherNonOperatingIncome": "50000000", "depreciation": "525000000", "depreciationAndAmortization": "525000000", "incomeBeforeTax": "1869000000", "incomeTaxExpense": "701000000", "interestAndDebtExpense": "179000000", "netIncomeFromContinuingOperations": "1168000000", "comprehensiveIncomeNetOfTax": "1199000000", "ebit": "2048000000", "ebitda": "2573000000", "netIncome": "1168000000"}, {"fiscalDateEnding": "2017-03-31", "reportedCurrency": "USD", "grossProfit": "3415000000", "totalRevenue": "5132000000", "costOfRevenue": "1717000000", "costofGoodsAndServicesSold": "460000000", "operatingIncome": "1788000000", "sellingGeneralAndAdministrative": "1257000000", "researchAndDevelopment": "None", "operatingExpenses": "3344000000", "investmentIncomeNet": "None", "netInterestIncome": "-172000000", "interestIncome": "None", "interestExpense": "172000000", "nonInterestIncome": "26000000", "otherNonOperatingIncome": "72000000", "depreciation": "520000000", "depreciationAndAmortization": "520000000", "incomeBeforeTax": "1688000000", "incomeTaxExpense": "616000000", "interestAndDebtExpense": "172000000", "netIncomeFromContinuingOperations": "1072000000", "comprehensiveIncomeNetOfTax": "1092000000", "ebit": "1860000000", "ebitda": "2380000000", "netIncome": "1072000000"}, {"fiscalDateEnding": "2016-12-31", "reportedCurrency": "USD", "grossProfit": "5168000000", "totalRevenue": "5168000000", "costOfRevenue": "3917000000", "costofGoodsAndServicesSold": "2731000000", "operatingIncome": "1965000000", "sellingGeneralAndAdministrative": "1186000000", "researchAndDevelopment": "None", "operatingExpenses": "3232000000", "investmentIncomeNet": "None", "netInterestIncome": "-174000000", "interestIncome": "None", "interestExpense": "174000000", "nonInterestIncome": "None", "otherNonOperatingIncome": "69000000", "depreciation": "520000000", "depreciationAndAmortization": "520000000", "incomeBeforeTax": "1831000000", "incomeTaxExpense": "687000000", "interestAndDebtExpense": "174000000", "netIncomeFromContinuingOperations": "1965000000", "comprehensiveIncomeNetOfTax": "1965000000", "ebit": "2005000000", "ebitda": "2525000000", "netIncome": "1144000000"}]}