{"symbol": "UPS", "annualReports": [{"fiscalDateEnding": "2020-12-31", "reportedCurrency": "USD", "grossProfit": "31716000000", "totalRevenue": "83936000000", "costOfRevenue": "52220000000", "costofGoodsAndServicesSold": "4121000000", "operatingIncome": "7684000000", "sellingGeneralAndAdministrative": "52129000000", "researchAndDevelopment": "None", "operatingExpenses": "11424000000", "investmentIncomeNet": "-5139000000", "netInterestIncome": "-701000000", "interestIncome": "-701000000", "interestExpense": "701000000", "nonInterestIncome": "84637000000", "otherNonOperatingIncome": "-5139000000", "depreciation": "None", "depreciationAndAmortization": "2698000000", "incomeBeforeTax": "1844000000", "incomeTaxExpense": "501000000", "interestAndDebtExpense": "701000000", "netIncomeFromContinuingOperations": "1343000000", "comprehensiveIncomeNetOfTax": "227000000", "ebit": "2545000000", "ebitda": "5243000000", "netIncome": "1343000000"}, {"fiscalDateEnding": "2019-12-31", "reportedCurrency": "USD", "grossProfit": "27231000000", "totalRevenue": "73435000000", "costOfRevenue": "46204000000", "costofGoodsAndServicesSold": "4681000000", "operatingIncome": "7798000000", "sellingGeneralAndAdministrative": "44827000000", "researchAndDevelopment": "None", "operatingExpenses": "8728000000", "investmentIncomeNet": "-1493000000", "netInterestIncome": "-653000000", "interestIncome": "-654000000", "interestExpense": "653000000", "nonInterestIncome": "74088000000", "otherNonOperatingIncome": "-1493000000", "depreciation": "212000000", "depreciationAndAmortization": "2360000000", "incomeBeforeTax": "5652000000", "incomeTaxExpense": "1212000000", "interestAndDebtExpense": "653000000", "netIncomeFromContinuingOperations": "4440000000", "comprehensiveIncomeNetOfTax": "3437000000", "ebit": "6305000000", "ebitda": "8665000000", "netIncome": "4440000000"}, {"fiscalDateEnding": "2018-12-31", "reportedCurrency": "USD", "grossProfit": "25785000000", "totalRevenue": "71237000000", "costOfRevenue": "45452000000", "costofGoodsAndServicesSold": "4789000000", "operatingIncome": "7024000000", "sellingGeneralAndAdministrative": "959000000", "researchAndDevelopment": "None", "operatingExpenses": "9011000000", "investmentIncomeNet": "-400000000", "netInterestIncome": "-605000000", "interestIncome": "-691000000", "interestExpense": "605000000", "nonInterestIncome": "71842000000", "otherNonOperatingIncome": "-400000000", "depreciation": "None", "depreciationAndAmortization": "2207000000", "incomeBeforeTax": "6019000000", "incomeTaxExpense": "1228000000", "interestAndDebtExpense": "605000000", "netIncomeFromContinuingOperations": "4791000000", "comprehensiveIncomeNetOfTax": "5399000000", "ebit": "6624000000", "ebitda": "8831000000", "netIncome": "4791000000"}, {"fiscalDateEnding": "2017-12-31", "reportedCurrency": "USD", "grossProfit": "11764000000", "totalRevenue": "65872000000", "costOfRevenue": "54108000000", "costofGoodsAndServicesSold": "16434000000", "operatingIncome": "7529000000", "sellingGeneralAndAdministrative": "35392000000", "researchAndDevelopment": "None", "operatingExpenses": "42846000000", "investmentIncomeNet": "None", "netInterestIncome": "-453000000", "interestIncome": "-398000000", "interestExpense": "453000000", "nonInterestIncome": "3000000", "otherNonOperatingIncome": "72000000", "depreciation": "None", "depreciationAndAmortization": "2282000000", "incomeBeforeTax": "7137000000", "incomeTaxExpense": "2232000000", "interestAndDebtExpense": "453000000", "netIncomeFromContinuingOperations": "4910000000", "comprehensiveIncomeNetOfTax": "4521000000", "ebit": "7590000000", "ebitda": "9872000000", "netIncome": "4905000000"}, {"fiscalDateEnding": "2016-12-31", "reportedCurrency": "USD", "grossProfit": "9404000000", "totalRevenue": "60906000000", "costOfRevenue": "51502000000", "costofGoodsAndServicesSold": "13822000000", "operatingIncome": "7688000000", "sellingGeneralAndAdministrative": "35456000000", "researchAndDevelopment": "None", "operatingExpenses": "42419000000", "investmentIncomeNet": "None", "netInterestIncome": "-381000000", "interestIncome": "-381000000", "interestExpense": "381000000", "nonInterestIncome": "5000000", "otherNonOperatingIncome": "50000000", "depreciation": "None", "depreciationAndAmortization": "2224000000", "incomeBeforeTax": "5121000000", "incomeTaxExpense": "1699000000", "interestAndDebtExpense": "381000000", "netIncomeFromContinuingOperations": "3431000000", "comprehensiveIncomeNetOfTax": "2479000000", "ebit": "5502000000", "ebitda": "7726000000", "netIncome": "3422000000"}], "quarterlyReports": [{"fiscalDateEnding": "2021-09-30", "reportedCurrency": "USD", "grossProfit": "9890000000", "totalRevenue": "23184000000", "costOfRevenue": "13294000000", "costofGoodsAndServicesSold": "1334000000", "operatingIncome": "2896000000", "sellingGeneralAndAdministrative": "12151000000", "researchAndDevelopment": "None", "operatingExpenses": "2671000000", "investmentIncomeNet": "274000000", "netInterestIncome": "-177000000", "interestIncome": "-177000000", "interestExpense": "177000000", "nonInterestIncome": "23184000000", "otherNonOperatingIncome": "274000000", "depreciation": "None", "depreciationAndAmortization": "738000000", "incomeBeforeTax": "2993000000", "incomeTaxExpense": "664000000", "interestAndDebtExpense": "177000000", "netIncomeFromContinuingOperations": "2329000000", "comprehensiveIncomeNetOfTax": "2364000000", "ebit": "3170000000", "ebitda": "3908000000", "netIncome": "2329000000"}, {"fiscalDateEnding": "2021-06-30", "reportedCurrency": "USD", "grossProfit": "9924000000", "totalRevenue": "23424000000", "costOfRevenue": "13500000000", "costofGoodsAndServicesSold": "1317000000", "operatingIncome": "3258000000", "sellingGeneralAndAdministrative": "12328000000", "researchAndDevelopment": "None", "operatingExpenses": "2633000000", "investmentIncomeNet": "345000000", "netInterestIncome": "-167000000", "interestIncome": "-167000000", "interestExpense": "167000000", "nonInterestIncome": "23424000000", "otherNonOperatingIncome": "345000000", "depreciation": "None", "depreciationAndAmortization": "739000000", "incomeBeforeTax": "3436000000", "incomeTaxExpense": "760000000", "interestAndDebtExpense": "167000000", "netIncomeFromContinuingOperations": "2676000000", "comprehensiveIncomeNetOfTax": "4271000000", "ebit": "3603000000", "ebitda": "4342000000", "netIncome": "2676000000"}, {"fiscalDateEnding": "2021-03-31", "reportedCurrency": "USD", "grossProfit": "9282000000", "totalRevenue": "22908000000", "costOfRevenue": "13626000000", "costofGoodsAndServicesSold": "1273000000", "operatingIncome": "2765000000", "sellingGeneralAndAdministrative": "13286000000", "researchAndDevelopment": "None", "operatingExpenses": "2714000000", "investmentIncomeNet": "3616000000", "netInterestIncome": "-177000000", "interestIncome": "-177000000", "interestExpense": "177000000", "nonInterestIncome": "22908000000", "otherNonOperatingIncome": "3616000000", "depreciation": "None", "depreciationAndAmortization": "722000000", "incomeBeforeTax": "6204000000", "incomeTaxExpense": "1412000000", "interestAndDebtExpense": "177000000", "netIncomeFromContinuingOperations": "4792000000", "comprehensiveIncomeNetOfTax": "7246000000", "ebit": "6381000000", "ebitda": "7103000000", "netIncome": "4792000000"}, {"fiscalDateEnding": "2020-12-31", "reportedCurrency": "USD", "grossProfit": "24749000000", "totalRevenue": "24896000000", "costOfRevenue": "147000000", "costofGoodsAndServicesSold": "1129000000", "operatingIncome": "2037000000", "sellingGeneralAndAdministrative": "15299000000", "researchAndDevelopment": "None", "operatingExpenses": "147000000", "investmentIncomeNet": "-6150000000", "netInterestIncome": "-175000000", "interestIncome": "-175000000", "interestExpense": "175000000", "nonInterestIncome": "24896000000", "otherNonOperatingIncome": "-6150000000", "depreciation": "None", "depreciationAndAmortization": "712000000", "incomeBeforeTax": "-4288000000", "incomeTaxExpense": "-941000000", "interestAndDebtExpense": "175000000", "netIncomeFromContinuingOperations": "-4288000000", "comprehensiveIncomeNetOfTax": "-4438000000", "ebit": "-4113000000", "ebitda": "-3401000000", "netIncome": "-3347000000"}, {"fiscalDateEnding": "2020-09-30", "reportedCurrency": "USD", "grossProfit": "8446000000", "totalRevenue": "21238000000", "costOfRevenue": "12792000000", "costofGoodsAndServicesSold": "994000000", "operatingIncome": "2363000000", "sellingGeneralAndAdministrative": "12691000000", "researchAndDevelopment": "None", "operatingExpenses": "2386000000", "investmentIncomeNet": "338000000", "netInterestIncome": "-176000000", "interestIncome": "-176000000", "interestExpense": "176000000", "nonInterestIncome": "21238000000", "otherNonOperatingIncome": "338000000", "depreciation": "None", "depreciationAndAmortization": "677000000", "incomeBeforeTax": "2525000000", "incomeTaxExpense": "568000000", "interestAndDebtExpense": "176000000", "netIncomeFromContinuingOperations": "1957000000", "comprehensiveIncomeNetOfTax": "1868000000", "ebit": "2701000000", "ebitda": "3378000000", "netIncome": "1957000000"}, {"fiscalDateEnding": "2020-06-30", "reportedCurrency": "USD", "grossProfit": "7985000000", "totalRevenue": "20459000000", "costOfRevenue": "12474000000", "costofGoodsAndServicesSold": "854000000", "operatingIncome": "2212000000", "sellingGeneralAndAdministrative": "12462000000", "researchAndDevelopment": "None", "operatingExpenses": "2549000000", "investmentIncomeNet": "328000000", "netInterestIncome": "-183000000", "interestIncome": "-183000000", "interestExpense": "183000000", "nonInterestIncome": "20459000000", "otherNonOperatingIncome": "328000000", "depreciation": "None", "depreciationAndAmortization": "661000000", "incomeBeforeTax": "2357000000", "incomeTaxExpense": "589000000", "interestAndDebtExpense": "183000000", "netIncomeFromContinuingOperations": "1768000000", "comprehensiveIncomeNetOfTax": "1711000000", "ebit": "2540000000", "ebitda": "3201000000", "netIncome": "1768000000"}, {"fiscalDateEnding": "2020-03-31", "reportedCurrency": "USD", "grossProfit": "6112000000", "totalRevenue": "18035000000", "costOfRevenue": "11923000000", "costofGoodsAndServicesSold": "1144000000", "operatingIncome": "1072000000", "sellingGeneralAndAdministrative": "11677000000", "researchAndDevelopment": "None", "operatingExpenses": "2353000000", "investmentIncomeNet": "345000000", "netInterestIncome": "-167000000", "interestIncome": "-218000000", "interestExpense": "167000000", "nonInterestIncome": "18035000000", "otherNonOperatingIncome": "345000000", "depreciation": "None", "depreciationAndAmortization": "648000000", "incomeBeforeTax": "1250000000", "incomeTaxExpense": "285000000", "interestAndDebtExpense": "167000000", "netIncomeFromContinuingOperations": "965000000", "comprehensiveIncomeNetOfTax": "1086000000", "ebit": "1417000000", "ebitda": "2065000000", "netIncome": "965000000"}, {"fiscalDateEnding": "2019-12-31", "reportedCurrency": "USD", "grossProfit": "20568000000", "totalRevenue": "20568000000", "costOfRevenue": "48000000", "costofGoodsAndServicesSold": "1191000000", "operatingIncome": "2133000000", "sellingGeneralAndAdministrative": "12528000000", "researchAndDevelopment": "None", "operatingExpenses": "48000000", "investmentIncomeNet": "None", "netInterestIncome": "-166000000", "interestIncome": "-108000000", "interestExpense": "166000000", "nonInterestIncome": "20568000000", "otherNonOperatingIncome": "-2165000000", "depreciation": "None", "depreciationAndAmortization": "630000000", "incomeBeforeTax": "-198000000", "incomeTaxExpense": "-92000000", "interestAndDebtExpense": "166000000", "netIncomeFromContinuingOperations": "-198000000", "comprehensiveIncomeNetOfTax": "-1486000000", "ebit": "-32000000", "ebitda": "598000000", "netIncome": "-106000000"}, {"fiscalDateEnding": "2019-09-30", "reportedCurrency": "USD", "grossProfit": "6908000000", "totalRevenue": "18318000000", "costOfRevenue": "11410000000", "costofGoodsAndServicesSold": "1170000000", "operatingIncome": "2128000000", "sellingGeneralAndAdministrative": "10964000000", "researchAndDevelopment": "None", "operatingExpenses": "2064000000", "investmentIncomeNet": "None", "netInterestIncome": "-159000000", "interestIncome": "-198000000", "interestExpense": "159000000", "nonInterestIncome": "18318000000", "otherNonOperatingIncome": "237000000", "depreciation": "None", "depreciationAndAmortization": "587000000", "incomeBeforeTax": "2206000000", "incomeTaxExpense": "456000000", "interestAndDebtExpense": "159000000", "netIncomeFromContinuingOperations": "1750000000", "comprehensiveIncomeNetOfTax": "1948000000", "ebit": "2365000000", "ebitda": "2952000000", "netIncome": "1750000000"}, {"fiscalDateEnding": "2019-06-30", "reportedCurrency": "USD", "grossProfit": "6993000000", "totalRevenue": "18048000000", "costOfRevenue": "11055000000", "costofGoodsAndServicesSold": "1179000000", "operatingIncome": "2143000000", "sellingGeneralAndAdministrative": "10678000000", "researchAndDevelopment": "None", "operatingExpenses": "2024000000", "investmentIncomeNet": "None", "netInterestIncome": "-159000000", "interestIncome": "-178000000", "interestExpense": "159000000", "nonInterestIncome": "18048000000", "otherNonOperatingIncome": "220000000", "depreciation": "None", "depreciationAndAmortization": "575000000", "incomeBeforeTax": "2204000000", "incomeTaxExpense": "519000000", "interestAndDebtExpense": "159000000", "netIncomeFromContinuingOperations": "1685000000", "comprehensiveIncomeNetOfTax": "1688000000", "ebit": "2363000000", "ebitda": "2938000000", "netIncome": "1685000000"}, {"fiscalDateEnding": "2019-03-31", "reportedCurrency": "USD", "grossProfit": "6028000000", "totalRevenue": "17160000000", "costOfRevenue": "11132000000", "costofGoodsAndServicesSold": "1141000000", "operatingIncome": "1394000000", "sellingGeneralAndAdministrative": "10657000000", "researchAndDevelopment": "None", "operatingExpenses": "2051000000", "investmentIncomeNet": "None", "netInterestIncome": "-169000000", "interestIncome": "-170000000", "interestExpense": "169000000", "nonInterestIncome": "17160000000", "otherNonOperatingIncome": "215000000", "depreciation": "None", "depreciationAndAmortization": "568000000", "incomeBeforeTax": "1440000000", "incomeTaxExpense": "329000000", "interestAndDebtExpense": "169000000", "netIncomeFromContinuingOperations": "1111000000", "comprehensiveIncomeNetOfTax": "1287000000", "ebit": "1609000000", "ebitda": "2177000000", "netIncome": "1111000000"}, {"fiscalDateEnding": "2018-12-31", "reportedCurrency": "USD", "grossProfit": "19848000000", "totalRevenue": "19848000000", "costOfRevenue": "2370000000", "costofGoodsAndServicesSold": "-9547000000", "operatingIncome": "2004000000", "sellingGeneralAndAdministrative": "-26125000000", "researchAndDevelopment": "None", "operatingExpenses": "-23722000000", "investmentIncomeNet": "None", "netInterestIncome": "-148000000", "interestIncome": "None", "interestExpense": "148000000", "nonInterestIncome": "19848000000", "otherNonOperatingIncome": "-1313000000", "depreciation": "None", "depreciationAndAmortization": "545000000", "incomeBeforeTax": "543000000", "incomeTaxExpense": "90000000", "interestAndDebtExpense": "148000000", "netIncomeFromContinuingOperations": "543000000", "comprehensiveIncomeNetOfTax": "747000000", "ebit": "691000000", "ebitda": "1236000000", "netIncome": "453000000"}, {"fiscalDateEnding": "2018-09-30", "reportedCurrency": "USD", "grossProfit": "3064000000", "totalRevenue": "17444000000", "costOfRevenue": "14380000000", "costofGoodsAndServicesSold": "4841000000", "operatingIncome": "1727000000", "sellingGeneralAndAdministrative": "9015000000", "researchAndDevelopment": "None", "operatingExpenses": "10911000000", "investmentIncomeNet": "None", "netInterestIncome": "-155000000", "interestIncome": "None", "interestExpense": "155000000", "nonInterestIncome": "17444000000", "otherNonOperatingIncome": "317000000", "depreciation": "None", "depreciationAndAmortization": "524000000", "incomeBeforeTax": "1889000000", "incomeTaxExpense": "381000000", "interestAndDebtExpense": "155000000", "netIncomeFromContinuingOperations": "1508000000", "comprehensiveIncomeNetOfTax": "1566000000", "ebit": "2044000000", "ebitda": "2568000000", "netIncome": "1508000000"}, {"fiscalDateEnding": "2018-06-30", "reportedCurrency": "USD", "grossProfit": "2892999929", "totalRevenue": "17456000000", "costOfRevenue": "14563000071", "costofGoodsAndServicesSold": "4805000000", "operatingIncome": "1773000000", "sellingGeneralAndAdministrative": "9024000000", "researchAndDevelopment": "None", "operatingExpenses": "11099000071", "investmentIncomeNet": "None", "netInterestIncome": "-149000000", "interestIncome": "None", "interestExpense": "149000000", "nonInterestIncome": "17456000000", "otherNonOperatingIncome": "302000000", "depreciation": "None", "depreciationAndAmortization": "542000000", "incomeBeforeTax": "1926000000", "incomeTaxExpense": "441000000", "interestAndDebtExpense": "149000000", "netIncomeFromContinuingOperations": "1485000000", "comprehensiveIncomeNetOfTax": "1777000000", "ebit": "2075000000", "ebitda": "2617000000", "netIncome": "1485000000"}, {"fiscalDateEnding": "2018-03-31", "reportedCurrency": "USD", "grossProfit": "2782000000", "totalRevenue": "17113000000", "costOfRevenue": "14331000000", "costofGoodsAndServicesSold": "4690000000", "operatingIncome": "1520000000", "sellingGeneralAndAdministrative": "9045000000", "researchAndDevelopment": "None", "operatingExpenses": "10903000000", "investmentIncomeNet": "None", "netInterestIncome": "-153000000", "interestIncome": "None", "interestExpense": "153000000", "nonInterestIncome": "17113000000", "otherNonOperatingIncome": "294000000", "depreciation": "None", "depreciationAndAmortization": "596000000", "incomeBeforeTax": "1661000000", "incomeTaxExpense": "316000000", "interestAndDebtExpense": "153000000", "netIncomeFromContinuingOperations": "1345000000", "comprehensiveIncomeNetOfTax": "1309000000", "ebit": "1814000000", "ebitda": "2410000000", "netIncome": "1345000000"}, {"fiscalDateEnding": "2017-12-31", "reportedCurrency": "USD", "grossProfit": "18829000000", "totalRevenue": "18829000000", "costOfRevenue": "16604000000", "costofGoodsAndServicesSold": "5075000000", "operatingIncome": "2063000000", "sellingGeneralAndAdministrative": "10935000000", "researchAndDevelopment": "None", "operatingExpenses": "13197000000", "investmentIncomeNet": "None", "netInterestIncome": "-129000000", "interestIncome": "None", "interestExpense": "129000000", "nonInterestIncome": "18975000000", "otherNonOperatingIncome": "23000000", "depreciation": "None", "depreciationAndAmortization": "594000000", "incomeBeforeTax": "1371000000", "incomeTaxExpense": "275000000", "interestAndDebtExpense": "129000000", "netIncomeFromContinuingOperations": "1494000000", "comprehensiveIncomeNetOfTax": "453000000", "ebit": "1500000000", "ebitda": "2094000000", "netIncome": "1096000000"}, {"fiscalDateEnding": "2017-09-30", "reportedCurrency": "USD", "grossProfit": "3217000000", "totalRevenue": "16173000000", "costOfRevenue": "12761000000", "costofGoodsAndServicesSold": "3968000000", "operatingIncome": "1812000000", "sellingGeneralAndAdministrative": "8221000000", "researchAndDevelopment": "None", "operatingExpenses": "9975000000", "investmentIncomeNet": "216000000", "netInterestIncome": "-111000000", "interestIncome": "None", "interestExpense": "111000000", "nonInterestIncome": "16173000000", "otherNonOperatingIncome": "20000000", "depreciation": "None", "depreciationAndAmortization": "572000000", "incomeBeforeTax": "1937000000", "incomeTaxExpense": "678000000", "interestAndDebtExpense": "111000000", "netIncomeFromContinuingOperations": "1264000000", "comprehensiveIncomeNetOfTax": "1237000000", "ebit": "2048000000", "ebitda": "2620000000", "netIncome": "1259000000"}, {"fiscalDateEnding": "2017-06-30", "reportedCurrency": "USD", "grossProfit": "3368000000", "totalRevenue": "15927000000", "costOfRevenue": "12382000000", "costofGoodsAndServicesSold": "3715000000", "operatingIncome": "2037000000", "sellingGeneralAndAdministrative": "8105000000", "researchAndDevelopment": "None", "operatingExpenses": "9819000000", "investmentIncomeNet": "179000000", "netInterestIncome": "-111000000", "interestIncome": "None", "interestExpense": "111000000", "nonInterestIncome": "15927000000", "otherNonOperatingIncome": "14000000", "depreciation": "None", "depreciationAndAmortization": "562000000", "incomeBeforeTax": "2119000000", "incomeTaxExpense": "735000000", "interestAndDebtExpense": "111000000", "netIncomeFromContinuingOperations": "1384000000", "comprehensiveIncomeNetOfTax": "1644000000", "ebit": "2230000000", "ebitda": "2792000000", "netIncome": "1384000000"}, {"fiscalDateEnding": "2017-03-31", "reportedCurrency": "USD", "grossProfit": "2954000000", "totalRevenue": "15510000000", "costOfRevenue": "12361000000", "costofGoodsAndServicesSold": "3676000000", "operatingIncome": "1617000000", "sellingGeneralAndAdministrative": "8131000000", "researchAndDevelopment": "None", "operatingExpenses": "9855000000", "investmentIncomeNet": "180000000", "netInterestIncome": "-102000000", "interestIncome": "None", "interestExpense": "102000000", "nonInterestIncome": "15510000000", "otherNonOperatingIncome": "15000000", "depreciation": "None", "depreciationAndAmortization": "554000000", "incomeBeforeTax": "1710000000", "incomeTaxExpense": "544000000", "interestAndDebtExpense": "102000000", "netIncomeFromContinuingOperations": "1158000000", "comprehensiveIncomeNetOfTax": "1187000000", "ebit": "1812000000", "ebitda": "2366000000", "netIncome": "1166000000"}, {"fiscalDateEnding": "2016-12-31", "reportedCurrency": "USD", "grossProfit": "16931000000", "totalRevenue": "16931000000", "costOfRevenue": "-11794000000", "costofGoodsAndServicesSold": "4124000000", "operatingIncome": "-428000000", "sellingGeneralAndAdministrative": "-7853000000", "researchAndDevelopment": "None", "operatingExpenses": "-9503000000", "investmentIncomeNet": "None", "netInterestIncome": "-100000000", "interestIncome": "None", "interestExpense": "100000000", "nonInterestIncome": "None", "otherNonOperatingIncome": "12000000", "depreciation": "None", "depreciationAndAmortization": "563000000", "incomeBeforeTax": "-522000000", "incomeTaxExpense": "-283000000", "interestAndDebtExpense": "100000000", "netIncomeFromContinuingOperations": "-428000000", "comprehensiveIncomeNetOfTax": "-1080000000", "ebit": "-422000000", "ebitda": "141000000", "netIncome": "-239000000"}]}