{"symbol": "USB", "annualReports": [{"fiscalDateEnding": "2020-12-31", "reportedCurrency": "USD", "grossProfit": "3141000000", "totalRevenue": "20316000000", "costOfRevenue": "17175000000", "costofGoodsAndServicesSold": "None", "operatingIncome": "-8591000000", "sellingGeneralAndAdministrative": "11549000000", "researchAndDevelopment": "None", "operatingExpenses": "11732000000", "investmentIncomeNet": "None", "netInterestIncome": "12825000000", "interestIncome": "14840000000", "interestExpense": "2015000000", "nonInterestIncome": "10401000000", "otherNonOperatingIncome": "None", "depreciation": "351000000", "depreciationAndAmortization": "527000000", "incomeBeforeTax": "6025000000", "incomeTaxExpense": "1066000000", "interestAndDebtExpense": "2015000000", "netIncomeFromContinuingOperations": "4985000000", "comprehensiveIncomeNetOfTax": "6654000000", "ebit": "8040000000", "ebitda": "8567000000", "netIncome": "4959000000"}, {"fiscalDateEnding": "2019-12-31", "reportedCurrency": "USD", "grossProfit": "8164000000", "totalRevenue": "22453000000", "costOfRevenue": "14289000000", "costofGoodsAndServicesSold": "None", "operatingIncome": "-3046000000", "sellingGeneralAndAdministrative": "11177000000", "researchAndDevelopment": "None", "operatingExpenses": "11210000000", "investmentIncomeNet": "None", "netInterestIncome": "13052000000", "interestIncome": "17494000000", "interestExpense": "4442000000", "nonInterestIncome": "9831000000", "otherNonOperatingIncome": "None", "depreciation": "334000000", "depreciationAndAmortization": "502000000", "incomeBeforeTax": "8562000000", "incomeTaxExpense": "1648000000", "interestAndDebtExpense": "4442000000", "netIncomeFromContinuingOperations": "6946000000", "comprehensiveIncomeNetOfTax": "7863000000", "ebit": "13004000000", "ebitda": "13506000000", "netIncome": "6914000000"}, {"fiscalDateEnding": "2018-12-31", "reportedCurrency": "USD", "grossProfit": "8794000000", "totalRevenue": "22637000000", "costOfRevenue": "13843000000", "costofGoodsAndServicesSold": "4633000000", "operatingIncome": "-2282000000", "sellingGeneralAndAdministrative": "11119000000", "researchAndDevelopment": "None", "operatingExpenses": "11076000000", "investmentIncomeNet": "None", "netInterestIncome": "12919000000", "interestIncome": "16173000000", "interestExpense": "3254000000", "nonInterestIncome": "9602000000", "otherNonOperatingIncome": "None", "depreciation": "306000000", "depreciationAndAmortization": "467000000", "incomeBeforeTax": "8650000000", "incomeTaxExpense": "1554000000", "interestAndDebtExpense": "3254000000", "netIncomeFromContinuingOperations": "7124000000", "comprehensiveIncomeNetOfTax": "6478000000", "ebit": "11904000000", "ebitda": "12371000000", "netIncome": "7096000000"}, {"fiscalDateEnding": "2017-12-31", "reportedCurrency": "USD", "grossProfit": "7722000000", "totalRevenue": "21902000000", "costOfRevenue": "14335000000", "costofGoodsAndServicesSold": "3534000000", "operatingIncome": "3975000000", "sellingGeneralAndAdministrative": "3781000000", "researchAndDevelopment": "None", "operatingExpenses": "3747000000", "investmentIncomeNet": "None", "netInterestIncome": "12380000000", "interestIncome": "14346000000", "interestExpense": "1966000000", "nonInterestIncome": "9317000000", "otherNonOperatingIncome": "None", "depreciation": "293000000", "depreciationAndAmortization": "468000000", "incomeBeforeTax": "7482000000", "incomeTaxExpense": "1264000000", "interestAndDebtExpense": "2144000000", "netIncomeFromContinuingOperations": "6253000000", "comprehensiveIncomeNetOfTax": "6349000000", "ebit": "9448000000", "ebitda": "9916000000", "netIncome": "6218000000"}, {"fiscalDateEnding": "2016-12-31", "reportedCurrency": "USD", "grossProfit": "8308000000", "totalRevenue": "21308000000", "costOfRevenue": "13000000000", "costofGoodsAndServicesSold": "2963000000", "operatingIncome": "-1685000000", "sellingGeneralAndAdministrative": "10140000000", "researchAndDevelopment": "None", "operatingExpenses": "9993000000", "investmentIncomeNet": "None", "netInterestIncome": "11666000000", "interestIncome": "13134000000", "interestExpense": "1468000000", "nonInterestIncome": "9290000000", "otherNonOperatingIncome": "None", "depreciation": "291000000", "depreciationAndAmortization": "470000000", "incomeBeforeTax": "8049000000", "incomeTaxExpense": "2161000000", "interestAndDebtExpense": "1639000000", "netIncomeFromContinuingOperations": "5944000000", "comprehensiveIncomeNetOfTax": "5372000000", "ebit": "9517000000", "ebitda": "9987000000", "netIncome": "5888000000"}], "quarterlyReports": [{"fiscalDateEnding": "2021-09-30", "reportedCurrency": "USD", "grossProfit": "2982000000", "totalRevenue": "6248000000", "costOfRevenue": "3266000000", "costofGoodsAndServicesSold": "None", "operatingIncome": "-156000000", "sellingGeneralAndAdministrative": "3097000000", "researchAndDevelopment": "None", "operatingExpenses": "3138000000", "investmentIncomeNet": "None", "netInterestIncome": "3171000000", "interestIncome": "3409000000", "interestExpense": "238000000", "nonInterestIncome": "2693000000", "otherNonOperatingIncome": "None", "depreciation": "85000000", "depreciationAndAmortization": "41000000", "incomeBeforeTax": "2592000000", "incomeTaxExpense": "564000000", "interestAndDebtExpense": "238000000", "netIncomeFromContinuingOperations": "2034000000", "comprehensiveIncomeNetOfTax": "1438000000", "ebit": "2830000000", "ebitda": "2871000000", "netIncome": "2028000000"}, {"fiscalDateEnding": "2021-06-30", "reportedCurrency": "USD", "grossProfit": "2919000000", "totalRevenue": "6136000000", "costOfRevenue": "3217000000", "costofGoodsAndServicesSold": "None", "operatingIncome": "-139000000", "sellingGeneralAndAdministrative": "3018000000", "researchAndDevelopment": "None", "operatingExpenses": "3058000000", "investmentIncomeNet": "None", "netInterestIncome": "3137000000", "interestIncome": "3382000000", "interestExpense": "245000000", "nonInterestIncome": "2619000000", "otherNonOperatingIncome": "None", "depreciation": "84000000", "depreciationAndAmortization": "40000000", "incomeBeforeTax": "2533000000", "incomeTaxExpense": "551000000", "interestAndDebtExpense": "245000000", "netIncomeFromContinuingOperations": "1988000000", "comprehensiveIncomeNetOfTax": "2875000000", "ebit": "2778000000", "ebitda": "2818000000", "netIncome": "1982000000"}, {"fiscalDateEnding": "2021-03-31", "reportedCurrency": "USD", "grossProfit": "3927000000", "totalRevenue": "6479000000", "costOfRevenue": "2552000000", "costofGoodsAndServicesSold": "None", "operatingIncome": "847000000", "sellingGeneralAndAdministrative": "3024000000", "researchAndDevelopment": "None", "operatingExpenses": "3080000000", "investmentIncomeNet": "None", "netInterestIncome": "3063000000", "interestIncome": "3341000000", "interestExpense": "278000000", "nonInterestIncome": "2381000000", "otherNonOperatingIncome": "None", "depreciation": "84000000", "depreciationAndAmortization": "122000000", "incomeBeforeTax": "2887000000", "incomeTaxExpense": "607000000", "interestAndDebtExpense": "278000000", "netIncomeFromContinuingOperations": "2285000000", "comprehensiveIncomeNetOfTax": "-137000000", "ebit": "3165000000", "ebitda": "3287000000", "netIncome": "2280000000"}, {"fiscalDateEnding": "2020-12-31", "reportedCurrency": "USD", "grossProfit": "1694000000", "totalRevenue": "5499000000", "costOfRevenue": "3805000000", "costofGoodsAndServicesSold": "None", "operatingIncome": "-1437000000", "sellingGeneralAndAdministrative": "3067000000", "researchAndDevelopment": "None", "operatingExpenses": "3131000000", "investmentIncomeNet": "None", "netInterestIncome": "3175000000", "interestIncome": "3479000000", "interestExpense": "304000000", "nonInterestIncome": "2550000000", "otherNonOperatingIncome": "None", "depreciation": "87000000", "depreciationAndAmortization": "134000000", "incomeBeforeTax": "1914000000", "incomeTaxExpense": "395000000", "interestAndDebtExpense": "304000000", "netIncomeFromContinuingOperations": "1525000000", "comprehensiveIncomeNetOfTax": "1229000000", "ebit": "2218000000", "ebitda": "2352000000", "netIncome": "1519000000"}, {"fiscalDateEnding": "2020-09-30", "reportedCurrency": "USD", "grossProfit": "1509000000", "totalRevenue": "5515000000", "costOfRevenue": "4006000000", "costofGoodsAndServicesSold": "None", "operatingIncome": "-1411000000", "sellingGeneralAndAdministrative": "2876000000", "researchAndDevelopment": "None", "operatingExpenses": "2920000000", "investmentIncomeNet": "None", "netInterestIncome": "3227000000", "interestIncome": "3573000000", "interestExpense": "346000000", "nonInterestIncome": "2712000000", "otherNonOperatingIncome": "None", "depreciation": "89000000", "depreciationAndAmortization": "44000000", "incomeBeforeTax": "1927000000", "incomeTaxExpense": "347000000", "interestAndDebtExpense": "346000000", "netIncomeFromContinuingOperations": "1586000000", "comprehensiveIncomeNetOfTax": "1394000000", "ebit": "2273000000", "ebitda": "2317000000", "netIncome": "1580000000"}, {"fiscalDateEnding": "2020-06-30", "reportedCurrency": "USD", "grossProfit": "-763000000", "totalRevenue": "4292000000", "costOfRevenue": "5055000000", "costofGoodsAndServicesSold": "None", "operatingIncome": "-3630000000", "sellingGeneralAndAdministrative": "2824000000", "researchAndDevelopment": "None", "operatingExpenses": "2867000000", "investmentIncomeNet": "None", "netInterestIncome": "3200000000", "interestIncome": "3672000000", "interestExpense": "472000000", "nonInterestIncome": "2614000000", "otherNonOperatingIncome": "None", "depreciation": "88000000", "depreciationAndAmortization": "43000000", "incomeBeforeTax": "753000000", "incomeTaxExpense": "64000000", "interestAndDebtExpense": "472000000", "netIncomeFromContinuingOperations": "695000000", "comprehensiveIncomeNetOfTax": "984000000", "ebit": "1225000000", "ebitda": "1268000000", "netIncome": "689000000"}, {"fiscalDateEnding": "2020-03-31", "reportedCurrency": "USD", "grossProfit": "701000000", "totalRevenue": "5010000000", "costOfRevenue": "4309000000", "costofGoodsAndServicesSold": "None", "operatingIncome": "-2090000000", "sellingGeneralAndAdministrative": "2782000000", "researchAndDevelopment": "None", "operatingExpenses": "2791000000", "investmentIncomeNet": "None", "netInterestIncome": "3223000000", "interestIncome": "4116000000", "interestExpense": "893000000", "nonInterestIncome": "2525000000", "otherNonOperatingIncome": "None", "depreciation": "87000000", "depreciationAndAmortization": "129000000", "incomeBeforeTax": "1431000000", "incomeTaxExpense": "260000000", "interestAndDebtExpense": "893000000", "netIncomeFromContinuingOperations": "1179000000", "comprehensiveIncomeNetOfTax": "3047000000", "ebit": "2324000000", "ebitda": "2453000000", "netIncome": "1171000000"}, {"fiscalDateEnding": "2019-12-31", "reportedCurrency": "USD", "grossProfit": "1338000000", "totalRevenue": "5134000000", "costOfRevenue": "3796000000", "costofGoodsAndServicesSold": "None", "operatingIncome": "-1668000000", "sellingGeneralAndAdministrative": "2994000000", "researchAndDevelopment": "None", "operatingExpenses": "3006000000", "investmentIncomeNet": "None", "netInterestIncome": "3207000000", "interestIncome": "4255000000", "interestExpense": "1048000000", "nonInterestIncome": "2436000000", "otherNonOperatingIncome": "None", "depreciation": "86000000", "depreciationAndAmortization": "130000000", "incomeBeforeTax": "1840000000", "incomeTaxExpense": "354000000", "interestAndDebtExpense": "1048000000", "netIncomeFromContinuingOperations": "1493000000", "comprehensiveIncomeNetOfTax": "1286000000", "ebit": "2888000000", "ebitda": "3018000000", "netIncome": "1486000000"}, {"fiscalDateEnding": "2019-09-30", "reportedCurrency": "USD", "grossProfit": "2409000000", "totalRevenue": "5920000000", "costOfRevenue": "3511000000", "costofGoodsAndServicesSold": "None", "operatingIncome": "-405000000", "sellingGeneralAndAdministrative": "2772000000", "researchAndDevelopment": "None", "operatingExpenses": "2814000000", "investmentIncomeNet": "None", "netInterestIncome": "3281000000", "interestIncome": "4437000000", "interestExpense": "1156000000", "nonInterestIncome": "2614000000", "otherNonOperatingIncome": "None", "depreciation": "85000000", "depreciationAndAmortization": "42000000", "incomeBeforeTax": "2375000000", "incomeTaxExpense": "467000000", "interestAndDebtExpense": "1156000000", "netIncomeFromContinuingOperations": "1917000000", "comprehensiveIncomeNetOfTax": "2079000000", "ebit": "3531000000", "ebitda": "3573000000", "netIncome": "1908000000"}, {"fiscalDateEnding": "2019-06-30", "reportedCurrency": "USD", "grossProfit": "2304000000", "totalRevenue": "5822000000", "costOfRevenue": "3518000000", "costofGoodsAndServicesSold": "None", "operatingIncome": "-467000000", "sellingGeneralAndAdministrative": "2729000000", "researchAndDevelopment": "None", "operatingExpenses": "2771000000", "investmentIncomeNet": "None", "netInterestIncome": "3305000000", "interestIncome": "4451000000", "interestExpense": "1146000000", "nonInterestIncome": "2490000000", "otherNonOperatingIncome": "None", "depreciation": "83000000", "depreciationAndAmortization": "42000000", "incomeBeforeTax": "2270000000", "incomeTaxExpense": "449000000", "interestAndDebtExpense": "1146000000", "netIncomeFromContinuingOperations": "1828000000", "comprehensiveIncomeNetOfTax": "2250000000", "ebit": "3416000000", "ebitda": "3458000000", "netIncome": "1821000000"}, {"fiscalDateEnding": "2019-03-31", "reportedCurrency": "USD", "grossProfit": "2113000000", "totalRevenue": "5577000000", "costOfRevenue": "3464000000", "costofGoodsAndServicesSold": "None", "operatingIncome": "-589000000", "sellingGeneralAndAdministrative": "2682000000", "researchAndDevelopment": "None", "operatingExpenses": "2702000000", "investmentIncomeNet": "None", "netInterestIncome": "3259000000", "interestIncome": "4351000000", "interestExpense": "1092000000", "nonInterestIncome": "2291000000", "otherNonOperatingIncome": "None", "depreciation": "80000000", "depreciationAndAmortization": "120000000", "incomeBeforeTax": "2077000000", "incomeTaxExpense": "378000000", "interestAndDebtExpense": "1092000000", "netIncomeFromContinuingOperations": "1708000000", "comprehensiveIncomeNetOfTax": "2248000000", "ebit": "3169000000", "ebitda": "3289000000", "netIncome": "1699000000"}, {"fiscalDateEnding": "2018-12-31", "reportedCurrency": "USD", "grossProfit": "2181000000", "totalRevenue": "5829000000", "costOfRevenue": "3648000000", "costofGoodsAndServicesSold": "1376000000", "operatingIncome": "-6505000000", "sellingGeneralAndAdministrative": "8766000000", "researchAndDevelopment": "None", "operatingExpenses": "8686000000", "investmentIncomeNet": "None", "netInterestIncome": "3303000000", "interestIncome": "4311000000", "interestExpense": "1008000000", "nonInterestIncome": "2498000000", "otherNonOperatingIncome": "None", "depreciation": "80000000", "depreciationAndAmortization": "121000000", "incomeBeforeTax": "2147000000", "incomeTaxExpense": "291000000", "interestAndDebtExpense": "1008000000", "netIncomeFromContinuingOperations": "1862000000", "comprehensiveIncomeNetOfTax": "2107000000", "ebit": "3155000000", "ebitda": "3276000000", "netIncome": "1856000000"}, {"fiscalDateEnding": "2018-09-30", "reportedCurrency": "USD", "grossProfit": "2312000000", "totalRevenue": "5699000000", "costOfRevenue": "3387000000", "costofGoodsAndServicesSold": "1215000000", "operatingIncome": "1468000000", "sellingGeneralAndAdministrative": "803000000", "researchAndDevelopment": "None", "operatingExpenses": "844000000", "investmentIncomeNet": "None", "netInterestIncome": "3251000000", "interestIncome": "4123000000", "interestExpense": "872000000", "nonInterestIncome": "2418000000", "otherNonOperatingIncome": "None", "depreciation": "77000000", "depreciationAndAmortization": "41000000", "incomeBeforeTax": "2275000000", "incomeTaxExpense": "460000000", "interestAndDebtExpense": "872000000", "netIncomeFromContinuingOperations": "1822000000", "comprehensiveIncomeNetOfTax": "1557000000", "ebit": "3147000000", "ebitda": "3188000000", "netIncome": "1815000000"}, {"fiscalDateEnding": "2018-06-30", "reportedCurrency": "USD", "grossProfit": "2228000000", "totalRevenue": "5640000000", "costOfRevenue": "3412000000", "costofGoodsAndServicesSold": "1078000000", "operatingIncome": "1398000000", "sellingGeneralAndAdministrative": "790000000", "researchAndDevelopment": "None", "operatingExpenses": "830000000", "investmentIncomeNet": "None", "netInterestIncome": "3197000000", "interestIncome": "3948000000", "interestExpense": "751000000", "nonInterestIncome": "2414000000", "otherNonOperatingIncome": "None", "depreciation": "75000000", "depreciationAndAmortization": "40000000", "incomeBeforeTax": "2191000000", "incomeTaxExpense": "441000000", "interestAndDebtExpense": "751000000", "netIncomeFromContinuingOperations": "1758000000", "comprehensiveIncomeNetOfTax": "1628000000", "ebit": "2942000000", "ebitda": "2982000000", "netIncome": "1750000000"}, {"fiscalDateEnding": "2018-03-31", "reportedCurrency": "USD", "grossProfit": "2073000000", "totalRevenue": "5469000000", "costOfRevenue": "3396000000", "costofGoodsAndServicesSold": "964000000", "operatingIncome": "1278000000", "sellingGeneralAndAdministrative": "760000000", "researchAndDevelopment": "None", "operatingExpenses": "795000000", "investmentIncomeNet": "None", "netInterestIncome": "3168000000", "interestIncome": "3791000000", "interestExpense": "623000000", "nonInterestIncome": "2272000000", "otherNonOperatingIncome": "None", "depreciation": "74000000", "depreciationAndAmortization": "113000000", "incomeBeforeTax": "2037000000", "incomeTaxExpense": "362000000", "interestAndDebtExpense": "623000000", "netIncomeFromContinuingOperations": "1682000000", "comprehensiveIncomeNetOfTax": "1186000000", "ebit": "2660000000", "ebitda": "2773000000", "netIncome": "1675000000"}, {"fiscalDateEnding": "2017-12-31", "reportedCurrency": "USD", "grossProfit": "1364000000", "totalRevenue": "5598000000", "costOfRevenue": "4274000000", "costofGoodsAndServicesSold": "931000000", "operatingIncome": "-97000000", "sellingGeneralAndAdministrative": "1458000000", "researchAndDevelopment": "None", "operatingExpenses": "1461000000", "investmentIncomeNet": "None", "netInterestIncome": "3175000000", "interestIncome": "3730000000", "interestExpense": "555000000", "nonInterestIncome": "2370000000", "otherNonOperatingIncome": "None", "depreciation": "74000000", "depreciationAndAmortization": "118000000", "incomeBeforeTax": "1307000000", "incomeTaxExpense": "-375000000", "interestAndDebtExpense": "596000000", "netIncomeFromContinuingOperations": "1686000000", "comprehensiveIncomeNetOfTax": "1497000000", "ebit": "1862000000", "ebitda": "1980000000", "netIncome": "1682000000"}, {"fiscalDateEnding": "2017-09-30", "reportedCurrency": "USD", "grossProfit": "2209000000", "totalRevenue": "5567000000", "costOfRevenue": "3399000000", "costofGoodsAndServicesSold": "888000000", "operatingIncome": "1383000000", "sellingGeneralAndAdministrative": "782000000", "researchAndDevelopment": "None", "operatingExpenses": "826000000", "investmentIncomeNet": "None", "netInterestIncome": "3176000000", "interestIncome": "3704000000", "interestExpense": "528000000", "nonInterestIncome": "2340000000", "otherNonOperatingIncome": "None", "depreciation": "73000000", "depreciationAndAmortization": "44000000", "incomeBeforeTax": "2152000000", "incomeTaxExpense": "589000000", "interestAndDebtExpense": "579000000", "netIncomeFromContinuingOperations": "1569000000", "comprehensiveIncomeNetOfTax": "1590000000", "ebit": "2680000000", "ebitda": "2724000000", "netIncome": "1563000000"}, {"fiscalDateEnding": "2017-06-30", "reportedCurrency": "USD", "grossProfit": "2114000000", "totalRevenue": "5448000000", "costOfRevenue": "3373000000", "costofGoodsAndServicesSold": "820000000", "operatingIncome": "1279000000", "sellingGeneralAndAdministrative": "792000000", "researchAndDevelopment": "None", "operatingExpenses": "835000000", "investmentIncomeNet": "None", "netInterestIncome": "3049000000", "interestIncome": "3519000000", "interestExpense": "470000000", "nonInterestIncome": "2348000000", "otherNonOperatingIncome": "None", "depreciation": "73000000", "depreciationAndAmortization": "43000000", "incomeBeforeTax": "2051000000", "incomeTaxExpense": "551000000", "interestAndDebtExpense": "514000000", "netIncomeFromContinuingOperations": "1512000000", "comprehensiveIncomeNetOfTax": "1693000000", "ebit": "2521000000", "ebitda": "2564000000", "netIncome": "1500000000"}, {"fiscalDateEnding": "2017-03-31", "reportedCurrency": "USD", "grossProfit": "2035000000", "totalRevenue": "5289000000", "costOfRevenue": "3289000000", "costofGoodsAndServicesSold": "758000000", "operatingIncome": "-390000000", "sellingGeneralAndAdministrative": "2454000000", "researchAndDevelopment": "None", "operatingExpenses": "2425000000", "investmentIncomeNet": "None", "netInterestIncome": "2980000000", "interestIncome": "3393000000", "interestExpense": "413000000", "nonInterestIncome": "2259000000", "otherNonOperatingIncome": "None", "depreciation": "73000000", "depreciationAndAmortization": "117000000", "incomeBeforeTax": "1972000000", "incomeTaxExpense": "499000000", "interestAndDebtExpense": "455000000", "netIncomeFromContinuingOperations": "1486000000", "comprehensiveIncomeNetOfTax": "1569000000", "ebit": "2385000000", "ebitda": "2502000000", "netIncome": "1473000000"}, {"fiscalDateEnding": "2016-12-31", "reportedCurrency": "USD", "grossProfit": "2089000000", "totalRevenue": "5435000000", "costOfRevenue": "3346000000", "costofGoodsAndServicesSold": "761000000", "operatingIncome": "-933000000", "sellingGeneralAndAdministrative": "3059000000", "researchAndDevelopment": "None", "operatingExpenses": "3022000000", "investmentIncomeNet": "None", "netInterestIncome": "3093000000", "interestIncome": "3341000000", "interestExpense": "248000000", "nonInterestIncome": "2144000000", "otherNonOperatingIncome": "None", "depreciation": "72000000", "depreciationAndAmortization": "117000000", "incomeBeforeTax": "2027000000", "incomeTaxExpense": "549000000", "interestAndDebtExpense": "419000000", "netIncomeFromContinuingOperations": "1491000000", "comprehensiveIncomeNetOfTax": "522000000", "ebit": "2275000000", "ebitda": "2392000000", "netIncome": "1478000000"}]}