{"symbol": "VIAC", "annualReports": [{"fiscalDateEnding": "2020-12-31", "reportedCurrency": "USD", "grossProfit": "2792000000", "totalRevenue": "24250000000", "costOfRevenue": "21458000000", "costofGoodsAndServicesSold": "14992000000", "operatingIncome": "4139000000", "sellingGeneralAndAdministrative": "5320000000", "researchAndDevelopment": "None", "operatingExpenses": "6429000000", "investmentIncomeNet": "None", "netInterestIncome": "-1031000000", "interestIncome": "60000000", "interestExpense": "1031000000", "nonInterestIncome": "25124000000", "otherNonOperatingIncome": "-101000000", "depreciation": "345000000", "depreciationAndAmortization": "430000000", "incomeBeforeTax": "2957000000", "incomeTaxExpense": "535000000", "interestAndDebtExpense": "1157000000", "netIncomeFromContinuingOperations": "2305000000", "comprehensiveIncomeNetOfTax": "2560000000", "ebit": "3988000000", "ebitda": "4418000000", "netIncome": "2422000000"}, {"fiscalDateEnding": "2019-12-31", "reportedCurrency": "USD", "grossProfit": "2860000000", "totalRevenue": "27013000000", "costOfRevenue": "24153000000", "costofGoodsAndServicesSold": "17223000000", "operatingIncome": "4146000000", "sellingGeneralAndAdministrative": "5481000000", "researchAndDevelopment": "None", "operatingExpenses": "6325000000", "investmentIncomeNet": "None", "netInterestIncome": "-962000000", "interestIncome": "66000000", "interestExpense": "962000000", "nonInterestIncome": "27795000000", "otherNonOperatingIncome": "-112000000", "depreciation": "362000000", "depreciationAndAmortization": "438000000", "incomeBeforeTax": "3279000000", "incomeTaxExpense": "-29000000", "interestAndDebtExpense": "962000000", "netIncomeFromContinuingOperations": "3168000000", "comprehensiveIncomeNetOfTax": "3176000000", "ebit": "4241000000", "ebitda": "4679000000", "netIncome": "3308000000"}, {"fiscalDateEnding": "2018-12-31", "reportedCurrency": "USD", "grossProfit": "2363000000", "totalRevenue": "14044000000", "costOfRevenue": "11681000000", "costofGoodsAndServicesSold": "9111000000", "operatingIncome": "5062000000", "sellingGeneralAndAdministrative": "5048000000", "researchAndDevelopment": "None", "operatingExpenses": "2512000000", "investmentIncomeNet": "None", "netInterestIncome": "-467000000", "interestIncome": "563000000", "interestExpense": "1030000000", "nonInterestIncome": "14511000000", "otherNonOperatingIncome": "-92000000", "depreciation": "377000000", "depreciationAndAmortization": "427000000", "incomeBeforeTax": "4035000000", "incomeTaxExpense": "580000000", "interestAndDebtExpense": "467000000", "netIncomeFromContinuingOperations": "3320000000", "comprehensiveIncomeNetOfTax": "3146000000", "ebit": "5065000000", "ebitda": "5492000000", "netIncome": "3455000000"}, {"fiscalDateEnding": "2017-12-31", "reportedCurrency": "USD", "grossProfit": "2404000000", "totalRevenue": "13692000000", "costOfRevenue": "11288000000", "costofGoodsAndServicesSold": "8438000000", "operatingIncome": "5341000000", "sellingGeneralAndAdministrative": "5156000000", "researchAndDevelopment": "None", "operatingExpenses": "2855000000", "investmentIncomeNet": "None", "netInterestIncome": "-457000000", "interestIncome": "631000000", "interestExpense": "1088000000", "nonInterestIncome": "-49000000", "otherNonOperatingIncome": "-115000000", "depreciation": "395000000", "depreciationAndAmortization": "443000000", "incomeBeforeTax": "3125000000", "incomeTaxExpense": "804000000", "interestAndDebtExpense": "506000000", "netIncomeFromContinuingOperations": "3268000000", "comprehensiveIncomeNetOfTax": "2616000000", "ebit": "4213000000", "ebitda": "4656000000", "netIncome": "2321000000"}, {"fiscalDateEnding": "2016-12-31", "reportedCurrency": "USD", "grossProfit": "2813000000", "totalRevenue": "13166000000", "costOfRevenue": "10353000000", "costofGoodsAndServicesSold": "7956000000", "operatingIncome": "2902000000", "sellingGeneralAndAdministrative": "2054000000", "researchAndDevelopment": "None", "operatingExpenses": "2409000000", "investmentIncomeNet": "None", "netInterestIncome": "-411000000", "interestIncome": "32000000", "interestExpense": "411000000", "nonInterestIncome": "0", "otherNonOperatingIncome": "-82000000", "depreciation": "205000000", "depreciationAndAmortization": "225000000", "incomeBeforeTax": "1889000000", "incomeTaxExpense": "628000000", "interestAndDebtExpense": "411000000", "netIncomeFromContinuingOperations": "1552000000", "comprehensiveIncomeNetOfTax": "1264000000", "ebit": "2300000000", "ebitda": "2525000000", "netIncome": "1261000000"}], "quarterlyReports": [{"fiscalDateEnding": "2021-09-30", "reportedCurrency": "USD", "grossProfit": "673000000", "totalRevenue": "6404000000", "costOfRevenue": "5731000000", "costofGoodsAndServicesSold": "4064000000", "operatingIncome": "879000000", "sellingGeneralAndAdministrative": "1526000000", "researchAndDevelopment": "None", "operatingExpenses": "1667000000", "investmentIncomeNet": "None", "netInterestIncome": "-243000000", "interestIncome": "11000000", "interestExpense": "243000000", "nonInterestIncome": "6605000000", "otherNonOperatingIncome": "-26000000", "depreciation": "None", "depreciationAndAmortization": "95000000", "incomeBeforeTax": "658000000", "incomeTaxExpense": "120000000", "interestAndDebtExpense": "243000000", "netIncomeFromContinuingOperations": "465000000", "comprehensiveIncomeNetOfTax": "508000000", "ebit": "901000000", "ebitda": "996000000", "netIncome": "538000000"}, {"fiscalDateEnding": "2021-06-30", "reportedCurrency": "USD", "grossProfit": "939000000", "totalRevenue": "6393000000", "costOfRevenue": "5454000000", "costofGoodsAndServicesSold": "3865000000", "operatingIncome": "1226000000", "sellingGeneralAndAdministrative": "1459000000", "researchAndDevelopment": "None", "operatingExpenses": "1473000000", "investmentIncomeNet": "None", "netInterestIncome": "-243000000", "interestIncome": "13000000", "interestExpense": "243000000", "nonInterestIncome": "6601000000", "otherNonOperatingIncome": "-10000000", "depreciation": "None", "depreciationAndAmortization": "95000000", "incomeBeforeTax": "1002000000", "incomeTaxExpense": "-34000000", "interestAndDebtExpense": "243000000", "netIncomeFromContinuingOperations": "995000000", "comprehensiveIncomeNetOfTax": "1065000000", "ebit": "1245000000", "ebitda": "1340000000", "netIncome": "1036000000"}, {"fiscalDateEnding": "2021-03-31", "reportedCurrency": "USD", "grossProfit": "1177000000", "totalRevenue": "7061000000", "costOfRevenue": "5884000000", "costofGoodsAndServicesSold": "4363000000", "operatingIncome": "1528000000", "sellingGeneralAndAdministrative": "1422000000", "researchAndDevelopment": "None", "operatingExpenses": "1521000000", "investmentIncomeNet": "None", "netInterestIncome": "-259000000", "interestIncome": "13000000", "interestExpense": "259000000", "nonInterestIncome": "7284000000", "otherNonOperatingIncome": "1000000", "depreciation": "None", "depreciationAndAmortization": "99000000", "incomeBeforeTax": "1137000000", "incomeTaxExpense": "226000000", "interestAndDebtExpense": "387000000", "netIncomeFromContinuingOperations": "899000000", "comprehensiveIncomeNetOfTax": "861000000", "ebit": "1396000000", "ebitda": "1495000000", "netIncome": "911000000"}, {"fiscalDateEnding": "2020-12-31", "reportedCurrency": "USD", "grossProfit": "6874000000", "totalRevenue": "6874000000", "costOfRevenue": "5541000000", "costofGoodsAndServicesSold": "3808000000", "operatingIncome": "1083000000", "sellingGeneralAndAdministrative": "1384000000", "researchAndDevelopment": "None", "operatingExpenses": "1696000000", "investmentIncomeNet": "None", "netInterestIncome": "-268000000", "interestIncome": "21000000", "interestExpense": "268000000", "nonInterestIncome": "6874000000", "otherNonOperatingIncome": "-54000000", "depreciation": "None", "depreciationAndAmortization": "95000000", "incomeBeforeTax": "968000000", "incomeTaxExpense": "158000000", "interestAndDebtExpense": "268000000", "netIncomeFromContinuingOperations": "783000000", "comprehensiveIncomeNetOfTax": "888000000", "ebit": "1236000000", "ebitda": "1331000000", "netIncome": "810000000"}, {"fiscalDateEnding": "2020-09-30", "reportedCurrency": "USD", "grossProfit": "716000000", "totalRevenue": "5866000000", "costOfRevenue": "5150000000", "costofGoodsAndServicesSold": "3634000000", "operatingIncome": "903000000", "sellingGeneralAndAdministrative": "1323000000", "researchAndDevelopment": "None", "operatingExpenses": "1516000000", "investmentIncomeNet": "None", "netInterestIncome": "-259000000", "interestIncome": "14000000", "interestExpense": "259000000", "nonInterestIncome": "6093000000", "otherNonOperatingIncome": "-20000000", "depreciation": "None", "depreciationAndAmortization": "97000000", "incomeBeforeTax": "653000000", "incomeTaxExpense": "26000000", "interestAndDebtExpense": "282000000", "netIncomeFromContinuingOperations": "568000000", "comprehensiveIncomeNetOfTax": "704000000", "ebit": "912000000", "ebitda": "1010000000", "netIncome": "615000000"}, {"fiscalDateEnding": "2020-06-30", "reportedCurrency": "USD", "grossProfit": "928000000", "totalRevenue": "5928000000", "costOfRevenue": "5000000000", "costofGoodsAndServicesSold": "3485000000", "operatingIncome": "1251000000", "sellingGeneralAndAdministrative": "1183000000", "researchAndDevelopment": "None", "operatingExpenses": "1515000000", "investmentIncomeNet": "None", "netInterestIncome": "-263000000", "interestIncome": "11000000", "interestExpense": "263000000", "nonInterestIncome": "6172000000", "otherNonOperatingIncome": "-26000000", "depreciation": "None", "depreciationAndAmortization": "122000000", "incomeBeforeTax": "683000000", "incomeTaxExpense": "192000000", "interestAndDebtExpense": "366000000", "netIncomeFromContinuingOperations": "453000000", "comprehensiveIncomeNetOfTax": "536000000", "ebit": "946000000", "ebitda": "1070000000", "netIncome": "481000000"}, {"fiscalDateEnding": "2020-03-31", "reportedCurrency": "USD", "grossProfit": "710000000", "totalRevenue": "6462000000", "costOfRevenue": "5752000000", "costofGoodsAndServicesSold": "4065000000", "operatingIncome": "902000000", "sellingGeneralAndAdministrative": "1298000000", "researchAndDevelopment": "None", "operatingExpenses": "1687000000", "investmentIncomeNet": "None", "netInterestIncome": "-241000000", "interestIncome": "14000000", "interestExpense": "241000000", "nonInterestIncome": "6669000000", "otherNonOperatingIncome": "-28000000", "depreciation": "None", "depreciationAndAmortization": "112000000", "incomeBeforeTax": "650000000", "incomeTaxExpense": "134000000", "interestAndDebtExpense": "241000000", "netIncomeFromContinuingOperations": "501000000", "comprehensiveIncomeNetOfTax": "432000000", "ebit": "891000000", "ebitda": "1003000000", "netIncome": "516000000"}, {"fiscalDateEnding": "2019-12-31", "reportedCurrency": "USD", "grossProfit": "6851000000", "totalRevenue": "6871000000", "costOfRevenue": "20000000", "costofGoodsAndServicesSold": "9888000000", "operatingIncome": "-44000000", "sellingGeneralAndAdministrative": "1324000000", "researchAndDevelopment": "None", "operatingExpenses": "20000000", "investmentIncomeNet": "None", "netInterestIncome": "-616000000", "interestIncome": "-377000000", "interestExpense": "239000000", "nonInterestIncome": "6871000000", "otherNonOperatingIncome": "-110000000", "depreciation": "None", "depreciationAndAmortization": "115000000", "incomeBeforeTax": "-278000000", "incomeTaxExpense": "-20000000", "interestAndDebtExpense": "616000000", "netIncomeFromContinuingOperations": "-302000000", "comprehensiveIncomeNetOfTax": "-374000000", "ebit": "-39000000", "ebitda": "76000000", "netIncome": "-258000000"}, {"fiscalDateEnding": "2019-09-30", "reportedCurrency": "USD", "grossProfit": "501000000", "totalRevenue": "3215000000", "costOfRevenue": "2714000000", "costofGoodsAndServicesSold": "2078000000", "operatingIncome": "984000000", "sellingGeneralAndAdministrative": "1473000000", "researchAndDevelopment": "None", "operatingExpenses": "636000000", "investmentIncomeNet": "None", "netInterestIncome": "-114000000", "interestIncome": "132000000", "interestExpense": "246000000", "nonInterestIncome": "3295000000", "otherNonOperatingIncome": "-27000000", "depreciation": "None", "depreciationAndAmortization": "108000000", "incomeBeforeTax": "756000000", "incomeTaxExpense": "126000000", "interestAndDebtExpense": "114000000", "netIncomeFromContinuingOperations": "584000000", "comprehensiveIncomeNetOfTax": "579000000", "ebit": "1002000000", "ebitda": "1110000000", "netIncome": "630000000"}, {"fiscalDateEnding": "2019-06-30", "reportedCurrency": "USD", "grossProfit": "624000000", "totalRevenue": "3731000000", "costOfRevenue": "3107000000", "costofGoodsAndServicesSold": "2509000000", "operatingIncome": "1414000000", "sellingGeneralAndAdministrative": "1371000000", "researchAndDevelopment": "None", "operatingExpenses": "598000000", "investmentIncomeNet": "None", "netInterestIncome": "-115000000", "interestIncome": "122000000", "interestExpense": "237000000", "nonInterestIncome": "3809000000", "otherNonOperatingIncome": "15000000", "depreciation": "None", "depreciationAndAmortization": "109000000", "incomeBeforeTax": "1218000000", "incomeTaxExpense": "241000000", "interestAndDebtExpense": "115000000", "netIncomeFromContinuingOperations": "947000000", "comprehensiveIncomeNetOfTax": "985000000", "ebit": "1455000000", "ebitda": "1564000000", "netIncome": "977000000"}, {"fiscalDateEnding": "2019-03-31", "reportedCurrency": "USD", "grossProfit": "1108000000", "totalRevenue": "4599000000", "costOfRevenue": "3491000000", "costofGoodsAndServicesSold": "2748000000", "operatingIncome": "1792000000", "sellingGeneralAndAdministrative": "1313000000", "researchAndDevelopment": "None", "operatingExpenses": "194000000", "investmentIncomeNet": "None", "netInterestIncome": "-117000000", "interestIncome": "123000000", "interestExpense": "240000000", "nonInterestIncome": "4716000000", "otherNonOperatingIncome": "-28000000", "depreciation": "None", "depreciationAndAmortization": "106000000", "incomeBeforeTax": "1583000000", "incomeTaxExpense": "-376000000", "interestAndDebtExpense": "117000000", "netIncomeFromContinuingOperations": "1939000000", "comprehensiveIncomeNetOfTax": "1986000000", "ebit": "1823000000", "ebitda": "1929000000", "netIncome": "1959000000"}, {"fiscalDateEnding": "2018-12-31", "reportedCurrency": "USD", "grossProfit": "4024000000", "totalRevenue": "4024000000", "costOfRevenue": "3377000000", "costofGoodsAndServicesSold": "2605000000", "operatingIncome": "1259000000", "sellingGeneralAndAdministrative": "3443000000", "researchAndDevelopment": "None", "operatingExpenses": "714000000", "investmentIncomeNet": "None", "netInterestIncome": "-118000000", "interestIncome": "563000000", "interestExpense": "681000000", "nonInterestIncome": "4024000000", "otherNonOperatingIncome": "-40000000", "depreciation": "None", "depreciationAndAmortization": "259000000", "incomeBeforeTax": "1155000000", "incomeTaxExpense": "268000000", "interestAndDebtExpense": "118000000", "netIncomeFromContinuingOperations": "884000000", "comprehensiveIncomeNetOfTax": "1719000000", "ebit": "1836000000", "ebitda": "2095000000", "netIncome": "887000000"}, {"fiscalDateEnding": "2018-09-30", "reportedCurrency": "USD", "grossProfit": "736000000", "totalRevenue": "3263000000", "costOfRevenue": "2527000000", "costofGoodsAndServicesSold": "1922000000", "operatingIncome": "1307000000", "sellingGeneralAndAdministrative": "549000000", "researchAndDevelopment": "None", "operatingExpenses": "605000000", "investmentIncomeNet": "None", "netInterestIncome": "-115000000", "interestIncome": "None", "interestExpense": "115000000", "nonInterestIncome": "3263000000", "otherNonOperatingIncome": "-17000000", "depreciation": "None", "depreciationAndAmortization": "56000000", "incomeBeforeTax": "950000000", "incomeTaxExpense": "64000000", "interestAndDebtExpense": "115000000", "netIncomeFromContinuingOperations": "878000000", "comprehensiveIncomeNetOfTax": "500000000", "ebit": "1065000000", "ebitda": "1121000000", "netIncome": "886000000"}, {"fiscalDateEnding": "2018-06-30", "reportedCurrency": "USD", "grossProfit": "669000000", "totalRevenue": "3466000000", "costOfRevenue": "2797000000", "costofGoodsAndServicesSold": "2184000000", "operatingIncome": "1448000000", "sellingGeneralAndAdministrative": "532000000", "researchAndDevelopment": "None", "operatingExpenses": "613000000", "investmentIncomeNet": "None", "netInterestIncome": "-116000000", "interestIncome": "None", "interestExpense": "116000000", "nonInterestIncome": "3466000000", "otherNonOperatingIncome": "-24000000", "depreciation": "None", "depreciationAndAmortization": "56000000", "incomeBeforeTax": "1067000000", "incomeTaxExpense": "113000000", "interestAndDebtExpense": "116000000", "netIncomeFromContinuingOperations": "943000000", "comprehensiveIncomeNetOfTax": "407000000", "ebit": "1183000000", "ebitda": "1239000000", "netIncome": "954000000"}, {"fiscalDateEnding": "2018-03-31", "reportedCurrency": "USD", "grossProfit": "772000000", "totalRevenue": "3761000000", "costOfRevenue": "2989000000", "costofGoodsAndServicesSold": "2400000000", "operatingIncome": "1190000000", "sellingGeneralAndAdministrative": "524000000", "researchAndDevelopment": "None", "operatingExpenses": "589000000", "investmentIncomeNet": "None", "netInterestIncome": "-118000000", "interestIncome": "None", "interestExpense": "118000000", "nonInterestIncome": "3761000000", "otherNonOperatingIncome": "-11000000", "depreciation": "None", "depreciationAndAmortization": "56000000", "incomeBeforeTax": "863000000", "incomeTaxExpense": "135000000", "interestAndDebtExpense": "118000000", "netIncomeFromContinuingOperations": "718000000", "comprehensiveIncomeNetOfTax": "520000000", "ebit": "981000000", "ebitda": "1037000000", "netIncome": "728000000"}, {"fiscalDateEnding": "2017-12-31", "reportedCurrency": "USD", "grossProfit": "3921000000", "totalRevenue": "3921000000", "costOfRevenue": "352000000", "costofGoodsAndServicesSold": "2498000000", "operatingIncome": "716000000", "sellingGeneralAndAdministrative": "3636000000", "researchAndDevelopment": "None", "operatingExpenses": "352000000", "investmentIncomeNet": "None", "netInterestIncome": "-121000000", "interestIncome": "631000000", "interestExpense": "752000000", "nonInterestIncome": "3921000000", "otherNonOperatingIncome": "-59000000", "depreciation": "None", "depreciationAndAmortization": "277000000", "incomeBeforeTax": "284000000", "incomeTaxExpense": "325000000", "interestAndDebtExpense": "165000000", "netIncomeFromContinuingOperations": "40000000", "comprehensiveIncomeNetOfTax": "2177000000", "ebit": "1036000000", "ebitda": "1313000000", "netIncome": "-41000000"}, {"fiscalDateEnding": "2017-09-30", "reportedCurrency": "USD", "grossProfit": "707000000", "totalRevenue": "3171000000", "costOfRevenue": "2464000000", "costofGoodsAndServicesSold": "1862000000", "operatingIncome": "729000000", "sellingGeneralAndAdministrative": "525000000", "researchAndDevelopment": "None", "operatingExpenses": "602000000", "investmentIncomeNet": "None", "netInterestIncome": "-116000000", "interestIncome": "None", "interestExpense": "116000000", "nonInterestIncome": "-5000000", "otherNonOperatingIncome": "-19000000", "depreciation": "None", "depreciationAndAmortization": "55000000", "incomeBeforeTax": "764000000", "incomeTaxExpense": "172000000", "interestAndDebtExpense": "121000000", "netIncomeFromContinuingOperations": "418000000", "comprehensiveIncomeNetOfTax": "607000000", "ebit": "880000000", "ebitda": "935000000", "netIncome": "592000000"}, {"fiscalDateEnding": "2017-06-30", "reportedCurrency": "USD", "grossProfit": "669000000", "totalRevenue": "3257000000", "costOfRevenue": "2588000000", "costofGoodsAndServicesSold": "2004000000", "operatingIncome": "690000000", "sellingGeneralAndAdministrative": "507000000", "researchAndDevelopment": "None", "operatingExpenses": "584000000", "investmentIncomeNet": "None", "netInterestIncome": "-111000000", "interestIncome": "None", "interestExpense": "111000000", "nonInterestIncome": "3257000000", "otherNonOperatingIncome": "-16000000", "depreciation": "None", "depreciationAndAmortization": "56000000", "incomeBeforeTax": "227000000", "incomeTaxExpense": "169000000", "interestAndDebtExpense": "111000000", "netIncomeFromContinuingOperations": "397000000", "comprehensiveIncomeNetOfTax": "70000000", "ebit": "338000000", "ebitda": "394000000", "netIncome": "58000000"}, {"fiscalDateEnding": "2017-03-31", "reportedCurrency": "USD", "grossProfit": "704000000", "totalRevenue": "3343000000", "costOfRevenue": "2639000000", "costofGoodsAndServicesSold": "2074000000", "operatingIncome": "726000000", "sellingGeneralAndAdministrative": "488000000", "researchAndDevelopment": "None", "operatingExpenses": "565000000", "investmentIncomeNet": "None", "netInterestIncome": "-109000000", "interestIncome": "None", "interestExpense": "109000000", "nonInterestIncome": "3343000000", "otherNonOperatingIncome": "-21000000", "depreciation": "None", "depreciationAndAmortization": "55000000", "incomeBeforeTax": "-114000000", "incomeTaxExpense": "138000000", "interestAndDebtExpense": "109000000", "netIncomeFromContinuingOperations": "454000000", "comprehensiveIncomeNetOfTax": "-238000000", "ebit": "-5000000", "ebitda": "50000000", "netIncome": "-252000000"}, {"fiscalDateEnding": "2016-12-31", "reportedCurrency": "USD", "grossProfit": "3074000000", "totalRevenue": "3518000000", "costOfRevenue": "444000000", "costofGoodsAndServicesSold": "1842000000", "operatingIncome": "484000000", "sellingGeneralAndAdministrative": "520000000", "researchAndDevelopment": "None", "operatingExpenses": "444000000", "investmentIncomeNet": "None", "netInterestIncome": "-107000000", "interestIncome": "None", "interestExpense": "107000000", "nonInterestIncome": "0", "otherNonOperatingIncome": "-75000000", "depreciation": "None", "depreciationAndAmortization": "57000000", "incomeBeforeTax": "-9000000", "incomeTaxExpense": "104000000", "interestAndDebtExpense": "107000000", "netIncomeFromContinuingOperations": "271000000", "comprehensiveIncomeNetOfTax": "-141000000", "ebit": "98000000", "ebitda": "155000000", "netIncome": "-113000000"}]}