{"symbol": "VNO", "annualReports": [{"fiscalDateEnding": "2020-12-31", "reportedCurrency": "USD", "grossProfit": "697092000", "totalRevenue": "1527951000", "costOfRevenue": "830859000", "costofGoodsAndServicesSold": "789066000", "operatingIncome": "-853648000", "sellingGeneralAndAdministrative": "181509000", "researchAndDevelopment": "None", "operatingExpenses": "1550740000", "investmentIncomeNet": "None", "netInterestIncome": "-248463000", "interestIncome": "3384000", "interestExpense": "251847000", "nonInterestIncome": "0", "otherNonOperatingIncome": "3631000", "depreciation": "None", "depreciationAndAmortization": "399695000", "incomeBeforeTax": "-260375000", "incomeTaxExpense": "36630000", "interestAndDebtExpense": "229251000", "netIncomeFromContinuingOperations": "-297005000", "comprehensiveIncomeNetOfTax": "-331871000", "ebit": "-8528000", "ebitda": "391167000", "netIncome": "-297005000"}, {"fiscalDateEnding": "2019-12-31", "reportedCurrency": "USD", "grossProfit": "1233748000", "totalRevenue": "1924700000", "costOfRevenue": "690952000", "costofGoodsAndServicesSold": "917981000", "operatingIncome": "-391407000", "sellingGeneralAndAdministrative": "169920000", "researchAndDevelopment": "None", "operatingExpenses": "1625155000", "investmentIncomeNet": "3938000", "netInterestIncome": "-328690000", "interestIncome": "6326000", "interestExpense": "335016000", "nonInterestIncome": "-22058000", "otherNonOperatingIncome": "3708000", "depreciation": "None", "depreciationAndAmortization": "419107000", "incomeBeforeTax": "3251376000", "incomeTaxExpense": "103439000", "interestAndDebtExpense": "286623000", "netIncomeFromContinuingOperations": "3147965000", "comprehensiveIncomeNetOfTax": "3100040000", "ebit": "3586392000", "ebitda": "4005499000", "netIncome": "3147937000"}, {"fiscalDateEnding": "2018-12-31", "reportedCurrency": "USD", "grossProfit": "3223239000", "totalRevenue": "2163720000", "costOfRevenue": "342410000", "costofGoodsAndServicesSold": "963478000", "operatingIncome": "582961000", "sellingGeneralAndAdministrative": "141871000", "researchAndDevelopment": "None", "operatingExpenses": "1580759000", "investmentIncomeNet": "13339000", "netInterestIncome": "-378838000", "interestIncome": "10298000", "interestExpense": "389136000", "nonInterestIncome": "3923925000", "otherNonOperatingIncome": "4046000", "depreciation": "None", "depreciationAndAmortization": "446570000", "incomeBeforeTax": "487587000", "incomeTaxExpense": "37633000", "interestAndDebtExpense": "347949000", "netIncomeFromContinuingOperations": "449356000", "comprehensiveIncomeNetOfTax": "437310000", "ebit": "582961000", "ebitda": "1323293000", "netIncome": "449954000"}, {"fiscalDateEnding": "2017-12-31", "reportedCurrency": "USD", "grossProfit": "3679728000", "totalRevenue": "2084126000", "costOfRevenue": "1474483000", "costofGoodsAndServicesSold": "886596000", "operatingIncome": "608651000", "sellingGeneralAndAdministrative": "158999000", "researchAndDevelopment": "None", "operatingExpenses": "1475475000", "investmentIncomeNet": "13276000", "netInterestIncome": "-359819000", "interestIncome": "4352000", "interestExpense": "359819000", "nonInterestIncome": "1714952000", "otherNonOperatingIncome": "5062000", "depreciation": "None", "depreciationAndAmortization": "429389000", "incomeBeforeTax": "269791000", "incomeTaxExpense": "42375000", "interestAndDebtExpense": "345654000", "netIncomeFromContinuingOperations": "239824000", "comprehensiveIncomeNetOfTax": "237125000", "ebit": "608651000", "ebitda": "1058999000", "netIncome": "227416000"}, {"fiscalDateEnding": "2016-12-31", "reportedCurrency": "USD", "grossProfit": "5893975000", "totalRevenue": "6799478000", "costOfRevenue": "905503000", "costofGoodsAndServicesSold": "844566000", "operatingIncome": "579846000", "sellingGeneralAndAdministrative": "179279000", "researchAndDevelopment": "None", "operatingExpenses": "1423896000", "investmentIncomeNet": "13135000", "netInterestIncome": "-402057000", "interestIncome": "3890000", "interestExpense": "402057000", "nonInterestIncome": "2591605000", "otherNonOperatingIncome": "3688000", "depreciation": "None", "depreciationAndAmortization": "421023000", "incomeBeforeTax": "914840000", "incomeTaxExpense": "7923000", "interestAndDebtExpense": "330240000", "netIncomeFromContinuingOperations": "526686000", "comprehensiveIncomeNetOfTax": "978968000", "ebit": "579846000", "ebitda": "1737920000", "netIncome": "906917000"}], "quarterlyReports": [{"fiscalDateEnding": "2021-09-30", "reportedCurrency": "USD", "grossProfit": "274912000", "totalRevenue": "409212000", "costOfRevenue": "134300000", "costofGoodsAndServicesSold": "212699000", "operatingIncome": "-74687000", "sellingGeneralAndAdministrative": "25553000", "researchAndDevelopment": "None", "operatingExpenses": "349599000", "investmentIncomeNet": "None", "netInterestIncome": "-56467000", "interestIncome": "561000", "interestExpense": "57028000", "nonInterestIncome": "None", "otherNonOperatingIncome": "5000", "depreciation": "None", "depreciationAndAmortization": "100867000", "incomeBeforeTax": "38146000", "incomeTaxExpense": "-25376000", "interestAndDebtExpense": "50946000", "netIncomeFromContinuingOperations": "71765000", "comprehensiveIncomeNetOfTax": "69780000", "ebit": "95174000", "ebitda": "196041000", "netIncome": "63522000"}, {"fiscalDateEnding": "2021-06-30", "reportedCurrency": "USD", "grossProfit": "258562000", "totalRevenue": "378941000", "costOfRevenue": "120379000", "costofGoodsAndServicesSold": "190920000", "operatingIncome": "-56221000", "sellingGeneralAndAdministrative": "30602000", "researchAndDevelopment": "None", "operatingExpenses": "314783000", "investmentIncomeNet": "None", "netInterestIncome": "-57701000", "interestIncome": "558000", "interestExpense": "58259000", "nonInterestIncome": "None", "otherNonOperatingIncome": "903000", "depreciation": "None", "depreciationAndAmortization": "89777000", "incomeBeforeTax": "67353000", "incomeTaxExpense": "2841000", "interestAndDebtExpense": "51894000", "netIncomeFromContinuingOperations": "76832000", "comprehensiveIncomeNetOfTax": "73828000", "ebit": "125612000", "ebitda": "215389000", "netIncome": "64512000"}, {"fiscalDateEnding": "2021-03-31", "reportedCurrency": "USD", "grossProfit": "240437000", "totalRevenue": "379977000", "costOfRevenue": "139540000", "costofGoodsAndServicesSold": "190979000", "operatingIncome": "-94170000", "sellingGeneralAndAdministrative": "44186000", "researchAndDevelopment": "None", "operatingExpenses": "334607000", "investmentIncomeNet": "None", "netInterestIncome": "-55091000", "interestIncome": "560000", "interestExpense": "55651000", "nonInterestIncome": "None", "otherNonOperatingIncome": "900000", "depreciation": "None", "depreciationAndAmortization": "95354000", "incomeBeforeTax": "22534000", "incomeTaxExpense": "1984000", "interestAndDebtExpense": "50064000", "netIncomeFromContinuingOperations": "26993000", "comprehensiveIncomeNetOfTax": "34896000", "ebit": "78185000", "ebitda": "173539000", "netIncome": "20550000"}, {"fiscalDateEnding": "2020-12-31", "reportedCurrency": "USD", "grossProfit": "-28193000", "totalRevenue": "376431000", "costOfRevenue": "404624000", "costofGoodsAndServicesSold": "188989000", "operatingIncome": "-635104000", "sellingGeneralAndAdministrative": "61254000", "researchAndDevelopment": "None", "operatingExpenses": "606911000", "investmentIncomeNet": "None", "netInterestIncome": "-59300000", "interestIncome": "574000", "interestExpense": "59874000", "nonInterestIncome": "0", "otherNonOperatingIncome": "919000", "depreciation": "None", "depreciationAndAmortization": "107084000", "incomeBeforeTax": "-196780000", "incomeTaxExpense": "-1801000", "interestAndDebtExpense": "54633000", "netIncomeFromContinuingOperations": "-194979000", "comprehensiveIncomeNetOfTax": "-180244000", "ebit": "-136906000", "ebitda": "-29822000", "netIncome": "-194979000"}, {"fiscalDateEnding": "2020-09-30", "reportedCurrency": "USD", "grossProfit": "224542000", "totalRevenue": "363962000", "costOfRevenue": "139420000", "costofGoodsAndServicesSold": "195645000", "operatingIncome": "-115448000", "sellingGeneralAndAdministrative": "32407000", "researchAndDevelopment": "None", "operatingExpenses": "339990000", "investmentIncomeNet": "None", "netInterestIncome": "-61219000", "interestIncome": "574000", "interestExpense": "61793000", "nonInterestIncome": "0", "otherNonOperatingIncome": "902000", "depreciation": "None", "depreciationAndAmortization": "107013000", "incomeBeforeTax": "89481000", "incomeTaxExpense": "23781000", "interestAndDebtExpense": "57371000", "netIncomeFromContinuingOperations": "65700000", "comprehensiveIncomeNetOfTax": "58512000", "ebit": "151274000", "ebitda": "258287000", "netIncome": "65700000"}, {"fiscalDateEnding": "2020-06-30", "reportedCurrency": "USD", "grossProfit": "209099000", "totalRevenue": "343026000", "costOfRevenue": "133927000", "costofGoodsAndServicesSold": "174425000", "operatingIncome": "-30280000", "sellingGeneralAndAdministrative": "35014000", "researchAndDevelopment": "None", "operatingExpenses": "239379000", "investmentIncomeNet": "None", "netInterestIncome": "-62735000", "interestIncome": "810000", "interestExpense": "63545000", "nonInterestIncome": "None", "otherNonOperatingIncome": "907000", "depreciation": "None", "depreciationAndAmortization": "92805000", "incomeBeforeTax": "-183383000", "incomeTaxExpense": "1837000", "interestAndDebtExpense": "58405000", "netIncomeFromContinuingOperations": "-185220000", "comprehensiveIncomeNetOfTax": "-185147000", "ebit": "-119838000", "ebitda": "-27033000", "netIncome": "-185220000"}, {"fiscalDateEnding": "2020-03-31", "reportedCurrency": "USD", "grossProfit": "291644000", "totalRevenue": "444532000", "costOfRevenue": "152888000", "costofGoodsAndServicesSold": "230007000", "operatingIncome": "-72816000", "sellingGeneralAndAdministrative": "52834000", "researchAndDevelopment": "None", "operatingExpenses": "364460000", "investmentIncomeNet": "None", "netInterestIncome": "-65209000", "interestIncome": "1426000", "interestExpense": "66635000", "nonInterestIncome": "None", "otherNonOperatingIncome": "903000", "depreciation": "None", "depreciationAndAmortization": "92793000", "incomeBeforeTax": "30307000", "incomeTaxExpense": "12813000", "interestAndDebtExpense": "58842000", "netIncomeFromContinuingOperations": "17494000", "comprehensiveIncomeNetOfTax": "-24992000", "ebit": "96942000", "ebitda": "189735000", "netIncome": "17494000"}, {"fiscalDateEnding": "2019-12-31", "reportedCurrency": "USD", "grossProfit": "463546000", "totalRevenue": "460968000", "costOfRevenue": "-2578000", "costofGoodsAndServicesSold": "223975000", "operatingIncome": "466124000", "sellingGeneralAndAdministrative": "-2578000", "researchAndDevelopment": "None", "operatingExpenses": "363802000", "investmentIncomeNet": "1313000", "netInterestIncome": "-66938000", "interestIncome": "1481000", "interestExpense": "68419000", "nonInterestIncome": "0", "otherNonOperatingIncome": "906000", "depreciation": "None", "depreciationAndAmortization": "92926000", "incomeBeforeTax": "228647000", "incomeTaxExpense": "22897000", "interestAndDebtExpense": "59683000", "netIncomeFromContinuingOperations": "205698000", "comprehensiveIncomeNetOfTax": "212876000", "ebit": "297066000", "ebitda": "389992000", "netIncome": "205750000"}, {"fiscalDateEnding": "2019-09-30", "reportedCurrency": "USD", "grossProfit": "336287000", "totalRevenue": "465961000", "costOfRevenue": "129674000", "costofGoodsAndServicesSold": "226359000", "operatingIncome": "-22296000", "sellingGeneralAndAdministrative": "33237000", "researchAndDevelopment": "None", "operatingExpenses": "358583000", "investmentIncomeNet": "1312000", "netInterestIncome": "-70741000", "interestIncome": "1604000", "interestExpense": "72345000", "nonInterestIncome": "0", "otherNonOperatingIncome": "937000", "depreciation": "None", "depreciationAndAmortization": "96437000", "incomeBeforeTax": "359323000", "incomeTaxExpense": "23885000", "interestAndDebtExpense": "61448000", "netIncomeFromContinuingOperations": "335445000", "comprehensiveIncomeNetOfTax": "326145000", "ebit": "431668000", "ebitda": "528105000", "netIncome": "335438000"}, {"fiscalDateEnding": "2019-06-30", "reportedCurrency": "USD", "grossProfit": "209836000", "totalRevenue": "463103000", "costOfRevenue": "253267000", "costofGoodsAndServicesSold": "220752000", "operatingIncome": "-265728000", "sellingGeneralAndAdministrative": "38872000", "researchAndDevelopment": "None", "operatingExpenses": "475564000", "investmentIncomeNet": "1313000", "netInterestIncome": "-74970000", "interestIncome": "1635000", "interestExpense": "76605000", "nonInterestIncome": "None", "otherNonOperatingIncome": "954000", "depreciation": "None", "depreciationAndAmortization": "113035000", "incomeBeforeTax": "2439641000", "incomeTaxExpense": "26914000", "interestAndDebtExpense": "63029000", "netIncomeFromContinuingOperations": "2412671000", "comprehensiveIncomeNetOfTax": "2386046000", "ebit": "2516246000", "ebitda": "2629281000", "netIncome": "2412727000"}, {"fiscalDateEnding": "2019-03-31", "reportedCurrency": "USD", "grossProfit": "580233000", "totalRevenue": "534668000", "costOfRevenue": "-45565000", "costofGoodsAndServicesSold": "246895000", "operatingIncome": "153027000", "sellingGeneralAndAdministrative": "58020000", "researchAndDevelopment": "None", "operatingExpenses": "427206000", "investmentIncomeNet": "0", "netInterestIncome": "-116041000", "interestIncome": "1606000", "interestExpense": "117647000", "nonInterestIncome": "None", "otherNonOperatingIncome": "911000", "depreciation": "None", "depreciationAndAmortization": "116709000", "incomeBeforeTax": "223765000", "incomeTaxExpense": "29743000", "interestAndDebtExpense": "102463000", "netIncomeFromContinuingOperations": "194150000", "comprehensiveIncomeNetOfTax": "174973000", "ebit": "341412000", "ebitda": "458121000", "netIncome": "194022000"}, {"fiscalDateEnding": "2018-12-31", "reportedCurrency": "USD", "grossProfit": "543417000", "totalRevenue": "543417000", "costOfRevenue": "64600000", "costofGoodsAndServicesSold": "254320000", "operatingIncome": "134671000", "sellingGeneralAndAdministrative": "32934000", "researchAndDevelopment": "None", "operatingExpenses": "408746000", "investmentIncomeNet": "3279000", "netInterestIncome": "-97784000", "interestIncome": "1346000", "interestExpense": "99130000", "nonInterestIncome": "543417000", "otherNonOperatingIncome": "1226000", "depreciation": "None", "depreciationAndAmortization": "112869000", "incomeBeforeTax": "145696000", "incomeTaxExpense": "32669000", "interestAndDebtExpense": "83175000", "netIncomeFromContinuingOperations": "112786000", "comprehensiveIncomeNetOfTax": "86518000", "ebit": "134671000", "ebitda": "357695000", "netIncome": "113027000"}, {"fiscalDateEnding": "2018-09-30", "reportedCurrency": "USD", "grossProfit": "336846000", "totalRevenue": "542048000", "costOfRevenue": "145146000", "costofGoodsAndServicesSold": "235575000", "operatingIncome": "156956000", "sellingGeneralAndAdministrative": "31977000", "researchAndDevelopment": "None", "operatingExpenses": "385092000", "investmentIncomeNet": "3354000", "netInterestIncome": "-96837000", "interestIncome": "2004000", "interestExpense": "98841000", "nonInterestIncome": "437560000", "otherNonOperatingIncome": "928000", "depreciation": "None", "depreciationAndAmortization": "113169000", "incomeBeforeTax": "205122000", "incomeTaxExpense": "1943000", "interestAndDebtExpense": "88951000", "netIncomeFromContinuingOperations": "203122000", "comprehensiveIncomeNetOfTax": "204001000", "ebit": "156956000", "ebitda": "417132000", "netIncome": "203179000"}, {"fiscalDateEnding": "2018-06-30", "reportedCurrency": "USD", "grossProfit": "958582000", "totalRevenue": "541818000", "costOfRevenue": "382254000", "costofGoodsAndServicesSold": "235981000", "operatingIncome": "156470000", "sellingGeneralAndAdministrative": "34427000", "researchAndDevelopment": "None", "operatingExpenses": "385348000", "investmentIncomeNet": "3353000", "netInterestIncome": "-90172000", "interestIncome": "6205000", "interestExpense": "96377000", "nonInterestIncome": "444595000", "otherNonOperatingIncome": "963000", "depreciation": "None", "depreciationAndAmortization": "111846000", "incomeBeforeTax": "124535000", "incomeTaxExpense": "467000", "interestAndDebtExpense": "87657000", "netIncomeFromContinuingOperations": "123427000", "comprehensiveIncomeNetOfTax": "127161000", "ebit": "156470000", "ebitda": "332758000", "netIncome": "124068000"}, {"fiscalDateEnding": "2018-03-31", "reportedCurrency": "USD", "grossProfit": "932691000", "totalRevenue": "536437000", "costOfRevenue": "389921000", "costofGoodsAndServicesSold": "237602000", "operatingIncome": "133764000", "sellingGeneralAndAdministrative": "43633000", "researchAndDevelopment": "None", "operatingExpenses": "401573000", "investmentIncomeNet": "3353000", "netInterestIncome": "-94045000", "interestIncome": "743000", "interestExpense": "94788000", "nonInterestIncome": "440110000", "otherNonOperatingIncome": "949000", "depreciation": "None", "depreciationAndAmortization": "108686000", "incomeBeforeTax": "12234000", "incomeTaxExpense": "2554000", "interestAndDebtExpense": "88166000", "netIncomeFromContinuingOperations": "10021000", "comprehensiveIncomeNetOfTax": "19630000", "ebit": "133764000", "ebitda": "215708000", "netIncome": "9680000"}, {"fiscalDateEnding": "2017-12-31", "reportedCurrency": "USD", "grossProfit": "536226000", "totalRevenue": "633008000", "costOfRevenue": "1037600000", "costofGoodsAndServicesSold": "225011000", "operatingIncome": "159731000", "sellingGeneralAndAdministrative": "36838000", "researchAndDevelopment": "None", "operatingExpenses": "376495000", "investmentIncomeNet": "3353000", "netInterestIncome": "-100381000", "interestIncome": "-3599000", "interestExpense": "96782000", "nonInterestIncome": "536226000", "otherNonOperatingIncome": "281000", "depreciation": "None", "depreciationAndAmortization": "114166000", "incomeBeforeTax": "83216000", "incomeTaxExpense": "38884000", "interestAndDebtExpense": "93073000", "netIncomeFromContinuingOperations": "43140000", "comprehensiveIncomeNetOfTax": "51212000", "ebit": "159731000", "ebitda": "294164000", "netIncome": "44332000"}, {"fiscalDateEnding": "2017-09-30", "reportedCurrency": "USD", "grossProfit": "1158371000", "totalRevenue": "1303958000", "costOfRevenue": "145587000", "costofGoodsAndServicesSold": "225226000", "operatingIncome": "162235000", "sellingGeneralAndAdministrative": "36261000", "researchAndDevelopment": "None", "operatingExpenses": "366520000", "investmentIncomeNet": "3309000", "netInterestIncome": "-88921000", "interestIncome": "754000", "interestExpense": "89675000", "nonInterestIncome": "432062000", "otherNonOperatingIncome": "1632000", "depreciation": "None", "depreciationAndAmortization": "104972000", "incomeBeforeTax": "-11710000", "incomeTaxExpense": "1188000", "interestAndDebtExpense": "85068000", "netIncomeFromContinuingOperations": "32050000", "comprehensiveIncomeNetOfTax": "-6936000", "ebit": "162235000", "ebitda": "182937000", "netIncome": "-12898000"}, {"fiscalDateEnding": "2017-06-30", "reportedCurrency": "USD", "grossProfit": "1406758000", "totalRevenue": "1586243000", "costOfRevenue": "179485000", "costofGoodsAndServicesSold": "215700000", "operatingIncome": "153810000", "sellingGeneralAndAdministrative": "42470000", "researchAndDevelopment": "None", "operatingExpenses": "357277000", "investmentIncomeNet": "3539000", "netInterestIncome": "-98384000", "interestIncome": "2102000", "interestExpense": "100486000", "nonInterestIncome": "529294000", "otherNonOperatingIncome": "3132000", "depreciation": "None", "depreciationAndAmortization": "105123000", "incomeBeforeTax": "131491000", "incomeTaxExpense": "-610000", "interestAndDebtExpense": "84789000", "netIncomeFromContinuingOperations": "115112000", "comprehensiveIncomeNetOfTax": "128921000", "ebit": "153810000", "ebitda": "337100000", "netIncome": "132101000"}, {"fiscalDateEnding": "2017-03-31", "reportedCurrency": "USD", "grossProfit": "1357184000", "totalRevenue": "1552653000", "costOfRevenue": "195469000", "costofGoodsAndServicesSold": "220659000", "operatingIncome": "131813000", "sellingGeneralAndAdministrative": "56658000", "researchAndDevelopment": "None", "operatingExpenses": "376245000", "investmentIncomeNet": "3445000", "netInterestIncome": "-95831000", "interestIncome": "743000", "interestExpense": "96574000", "nonInterestIncome": "513818000", "otherNonOperatingIncome": "2645000", "depreciation": "None", "depreciationAndAmortization": "105128000", "incomeBeforeTax": "65732000", "incomeTaxExpense": "1851000", "interestAndDebtExpense": "82724000", "netIncomeFromContinuingOperations": "49519000", "comprehensiveIncomeNetOfTax": "63928000", "ebit": "131813000", "ebitda": "267434000", "netIncome": "63881000"}, {"fiscalDateEnding": "2016-12-31", "reportedCurrency": "USD", "grossProfit": "638260000", "totalRevenue": "638260000", "costOfRevenue": "186390000", "costofGoodsAndServicesSold": "262023000", "operatingIncome": "152297000", "sellingGeneralAndAdministrative": "44569000", "researchAndDevelopment": "None", "operatingExpenses": "361677000", "investmentIncomeNet": "3336000", "netInterestIncome": "-99117000", "interestIncome": "None", "interestExpense": "99117000", "nonInterestIncome": "1020937000", "otherNonOperatingIncome": "-1759000", "depreciation": "None", "depreciationAndAmortization": "104640000", "incomeBeforeTax": "666312000", "incomeTaxExpense": "-998000", "interestAndDebtExpense": "80206000", "netIncomeFromContinuingOperations": "189347000", "comprehensiveIncomeNetOfTax": "703908000", "ebit": "152297000", "ebitda": "870069000", "netIncome": "667310000"}]}