{"symbol": "VRSK", "annualReports": [{"fiscalDateEnding": "2020-12-31", "reportedCurrency": "USD", "grossProfit": "1652200000", "totalRevenue": "2646100000", "costOfRevenue": "993900000", "costofGoodsAndServicesSold": "993000000", "operatingIncome": "1038100000", "sellingGeneralAndAdministrative": "413900000", "researchAndDevelopment": "48900000", "operatingExpenses": "668700000", "investmentIncomeNet": "None", "netInterestIncome": "-138200000", "interestIncome": "None", "interestExpense": "138200000", "nonInterestIncome": "2784000000", "otherNonOperatingIncome": "-2400000", "depreciation": "None", "depreciationAndAmortization": "192200000", "incomeBeforeTax": "897500000", "incomeTaxExpense": "184800000", "interestAndDebtExpense": "138200000", "netIncomeFromContinuingOperations": "712700000", "comprehensiveIncomeNetOfTax": "823900000", "ebit": "1035700000", "ebitda": "1227900000", "netIncome": "712700000"}, {"fiscalDateEnding": "2019-12-31", "reportedCurrency": "USD", "grossProfit": "1500200000", "totalRevenue": "2477000000", "costOfRevenue": "976800000", "costofGoodsAndServicesSold": "976800000", "operatingIncome": "696900000", "sellingGeneralAndAdministrative": "603500000", "researchAndDevelopment": "60000000", "operatingExpenses": "814600000", "investmentIncomeNet": "None", "netInterestIncome": "-130700000", "interestIncome": "-3900000", "interestExpense": "126800000", "nonInterestIncome": "2607700000", "otherNonOperatingIncome": "-6200000", "depreciation": "None", "depreciationAndAmortization": "185700000", "incomeBeforeTax": "568400000", "incomeTaxExpense": "118500000", "interestAndDebtExpense": "126800000", "netIncomeFromContinuingOperations": "449900000", "comprehensiveIncomeNetOfTax": "554900000", "ebit": "695200000", "ebitda": "880900000", "netIncome": "449900000"}, {"fiscalDateEnding": "2018-12-31", "reportedCurrency": "USD", "grossProfit": "1374600000", "totalRevenue": "2260800000", "costOfRevenue": "886200000", "costofGoodsAndServicesSold": "886200000", "operatingIncome": "834100000", "sellingGeneralAndAdministrative": "378700000", "researchAndDevelopment": "45100000", "operatingExpenses": "597500000", "investmentIncomeNet": "None", "netInterestIncome": "-133900000", "interestIncome": "-4200000", "interestExpense": "129700000", "nonInterestIncome": "2394700000", "otherNonOperatingIncome": "0", "depreciation": "None", "depreciationAndAmortization": "165300000", "incomeBeforeTax": "719700000", "incomeTaxExpense": "121000000", "interestAndDebtExpense": "129700000", "netIncomeFromContinuingOperations": "598700000", "comprehensiveIncomeNetOfTax": "419800000", "ebit": "849400000", "ebitda": "1014700000", "netIncome": "598700000"}, {"fiscalDateEnding": "2017-12-31", "reportedCurrency": "USD", "grossProfit": "779300000", "totalRevenue": "2021500000", "costOfRevenue": "783800000", "costofGoodsAndServicesSold": "783800000", "operatingIncome": "801200000", "sellingGeneralAndAdministrative": "322800000", "researchAndDevelopment": "37400000", "operatingExpenses": "497900000", "investmentIncomeNet": "None", "netInterestIncome": "-123600000", "interestIncome": "-4200000", "interestExpense": "119400000", "nonInterestIncome": "-100000", "otherNonOperatingIncome": "0", "depreciation": "None", "depreciationAndAmortization": "135600000", "incomeBeforeTax": "691000000", "incomeTaxExpense": "135900000", "interestAndDebtExpense": "119400000", "netIncomeFromContinuingOperations": "555100000", "comprehensiveIncomeNetOfTax": "793600000", "ebit": "810400000", "ebitda": "946000000", "netIncome": "555100000"}, {"fiscalDateEnding": "2016-12-31", "reportedCurrency": "USD", "grossProfit": "734100000", "totalRevenue": "1869200000", "costOfRevenue": "714400000", "costofGoodsAndServicesSold": "714400000", "operatingIncome": "767600000", "sellingGeneralAndAdministrative": "301600000", "researchAndDevelopment": "27400000", "operatingExpenses": "451500000", "investmentIncomeNet": "None", "netInterestIncome": "-125000000", "interestIncome": "-5000000", "interestExpense": "120000000", "nonInterestIncome": "-1000000", "otherNonOperatingIncome": "6100000", "depreciation": "None", "depreciationAndAmortization": "119100000", "incomeBeforeTax": "793400000", "incomeTaxExpense": "202200000", "interestAndDebtExpense": "120000000", "netIncomeFromContinuingOperations": "451500000", "comprehensiveIncomeNetOfTax": "182400000", "ebit": "913400000", "ebitda": "1032500000", "netIncome": "591200000"}], "quarterlyReports": [{"fiscalDateEnding": "2021-09-30", "reportedCurrency": "USD", "grossProfit": "463800000", "totalRevenue": "729100000", "costOfRevenue": "265300000", "costofGoodsAndServicesSold": "265300000", "operatingIncome": "288900000", "sellingGeneralAndAdministrative": "115100000", "researchAndDevelopment": "None", "operatingExpenses": "171600000", "investmentIncomeNet": "None", "netInterestIncome": "-30300000", "interestIncome": "-400000", "interestExpense": "29900000", "nonInterestIncome": "759000000", "otherNonOperatingIncome": "100000", "depreciation": "None", "depreciationAndAmortization": "52100000", "incomeBeforeTax": "255900000", "incomeTaxExpense": "54200000", "interestAndDebtExpense": "29900000", "netIncomeFromContinuingOperations": "204900000", "comprehensiveIncomeNetOfTax": "122500000", "ebit": "285800000", "ebitda": "337900000", "netIncome": "201700000"}, {"fiscalDateEnding": "2021-06-30", "reportedCurrency": "USD", "grossProfit": "451200000", "totalRevenue": "716100000", "costOfRevenue": "264900000", "costofGoodsAndServicesSold": "264900000", "operatingIncome": "267400000", "sellingGeneralAndAdministrative": "111400000", "researchAndDevelopment": "None", "operatingExpenses": "170500000", "investmentIncomeNet": "None", "netInterestIncome": "-31800000", "interestIncome": "-300000", "interestExpense": "31500000", "nonInterestIncome": "747500000", "otherNonOperatingIncome": "-500000", "depreciation": "None", "depreciationAndAmortization": "53300000", "incomeBeforeTax": "237800000", "incomeTaxExpense": "83800000", "interestAndDebtExpense": "31500000", "netIncomeFromContinuingOperations": "151600000", "comprehensiveIncomeNetOfTax": "171200000", "ebit": "269300000", "ebitda": "322600000", "netIncome": "154000000"}, {"fiscalDateEnding": "2021-03-31", "reportedCurrency": "USD", "grossProfit": "428700000", "totalRevenue": "691100000", "costOfRevenue": "262400000", "costofGoodsAndServicesSold": "262400000", "operatingIncome": "250400000", "sellingGeneralAndAdministrative": "119800000", "researchAndDevelopment": "None", "operatingExpenses": "172000000", "investmentIncomeNet": "None", "netInterestIncome": "-35400000", "interestIncome": "None", "interestExpense": "35400000", "nonInterestIncome": "726100000", "otherNonOperatingIncome": "1700000", "depreciation": "None", "depreciationAndAmortization": "48500000", "incomeBeforeTax": "217300000", "incomeTaxExpense": "48700000", "interestAndDebtExpense": "35400000", "netIncomeFromContinuingOperations": "168000000", "comprehensiveIncomeNetOfTax": "178300000", "ebit": "252700000", "ebitda": "301200000", "netIncome": "168600000"}, {"fiscalDateEnding": "2020-12-31", "reportedCurrency": "USD", "grossProfit": "418600000", "totalRevenue": "679100000", "costOfRevenue": "260500000", "costofGoodsAndServicesSold": "259500000", "operatingIncome": "250600000", "sellingGeneralAndAdministrative": "109100000", "researchAndDevelopment": "None", "operatingExpenses": "235200000", "investmentIncomeNet": "None", "netInterestIncome": "-34000000", "interestIncome": "1300000", "interestExpense": "35300000", "nonInterestIncome": "712800000", "otherNonOperatingIncome": "-1600000", "depreciation": "None", "depreciationAndAmortization": "50900000", "incomeBeforeTax": "216000000", "incomeTaxExpense": "39800000", "interestAndDebtExpense": "35300000", "netIncomeFromContinuingOperations": "176200000", "comprehensiveIncomeNetOfTax": "341400000", "ebit": "251300000", "ebitda": "302200000", "netIncome": "176200000"}, {"fiscalDateEnding": "2020-09-30", "reportedCurrency": "USD", "grossProfit": "426900000", "totalRevenue": "666900000", "costOfRevenue": "240000000", "costofGoodsAndServicesSold": "240000000", "operatingIncome": "275400000", "sellingGeneralAndAdministrative": "96400000", "researchAndDevelopment": "None", "operatingExpenses": "147200000", "investmentIncomeNet": "None", "netInterestIncome": "-35800000", "interestIncome": "-500000", "interestExpense": "35300000", "nonInterestIncome": "702700000", "otherNonOperatingIncome": "-100000", "depreciation": "None", "depreciationAndAmortization": "49400000", "incomeBeforeTax": "240000000", "incomeTaxExpense": "54200000", "interestAndDebtExpense": "35300000", "netIncomeFromContinuingOperations": "185800000", "comprehensiveIncomeNetOfTax": "302100000", "ebit": "275300000", "ebitda": "324700000", "netIncome": "185800000"}, {"fiscalDateEnding": "2020-06-30", "reportedCurrency": "USD", "grossProfit": "408800000", "totalRevenue": "644600000", "costOfRevenue": "235800000", "costofGoodsAndServicesSold": "235800000", "operatingIncome": "259700000", "sellingGeneralAndAdministrative": "96400000", "researchAndDevelopment": "None", "operatingExpenses": "146200000", "investmentIncomeNet": "None", "netInterestIncome": "-34700000", "interestIncome": "-500000", "interestExpense": "34200000", "nonInterestIncome": "679300000", "otherNonOperatingIncome": "-700000", "depreciation": "None", "depreciationAndAmortization": "45900000", "incomeBeforeTax": "224800000", "incomeTaxExpense": "45800000", "interestAndDebtExpense": "34200000", "netIncomeFromContinuingOperations": "179000000", "comprehensiveIncomeNetOfTax": "180500000", "ebit": "259000000", "ebitda": "304900000", "netIncome": "179000000"}, {"fiscalDateEnding": "2020-03-31", "reportedCurrency": "USD", "grossProfit": "417500000", "totalRevenue": "675200000", "costOfRevenue": "257700000", "costofGoodsAndServicesSold": "257700000", "operatingIncome": "252300000", "sellingGeneralAndAdministrative": "112100000", "researchAndDevelopment": "None", "operatingExpenses": "136800000", "investmentIncomeNet": "None", "netInterestIncome": "-33500000", "interestIncome": "-35600000", "interestExpense": "33500000", "nonInterestIncome": "689300000", "otherNonOperatingIncome": "None", "depreciation": "None", "depreciationAndAmortization": "46100000", "incomeBeforeTax": "216700000", "incomeTaxExpense": "45000000", "interestAndDebtExpense": "33500000", "netIncomeFromContinuingOperations": "171700000", "comprehensiveIncomeNetOfTax": "-100000", "ebit": "250200000", "ebitda": "296300000", "netIncome": "171700000"}, {"fiscalDateEnding": "2019-12-31", "reportedCurrency": "USD", "grossProfit": "-15000000", "totalRevenue": "639700000", "costOfRevenue": "259800000", "costofGoodsAndServicesSold": "259800000", "operatingIncome": "206600000", "sellingGeneralAndAdministrative": "124800000", "researchAndDevelopment": "None", "operatingExpenses": "13200000", "investmentIncomeNet": "None", "netInterestIncome": "-1800000", "interestIncome": "31300000", "interestExpense": "33100000", "nonInterestIncome": "676700000", "otherNonOperatingIncome": "None", "depreciation": "None", "depreciationAndAmortization": "47700000", "incomeBeforeTax": "172100000", "incomeTaxExpense": "39900000", "interestAndDebtExpense": "1800000", "netIncomeFromContinuingOperations": "-28200000", "comprehensiveIncomeNetOfTax": "323700000", "ebit": "205200000", "ebitda": "252900000", "netIncome": "132200000"}, {"fiscalDateEnding": "2019-09-30", "reportedCurrency": "USD", "grossProfit": "378600000", "totalRevenue": "621500000", "costOfRevenue": "242900000", "costofGoodsAndServicesSold": "242900000", "operatingIncome": "69500000", "sellingGeneralAndAdministrative": "255000000", "researchAndDevelopment": "None", "operatingExpenses": "308800000", "investmentIncomeNet": "None", "netInterestIncome": "-31300000", "interestIncome": "-36800000", "interestExpense": "31300000", "nonInterestIncome": "652800000", "otherNonOperatingIncome": "-5500000", "depreciation": "None", "depreciationAndAmortization": "45800000", "incomeBeforeTax": "38900000", "incomeTaxExpense": "6000000", "interestAndDebtExpense": "31300000", "netIncomeFromContinuingOperations": "32900000", "comprehensiveIncomeNetOfTax": "-53300000", "ebit": "70200000", "ebitda": "116000000", "netIncome": "32900000"}, {"fiscalDateEnding": "2019-06-30", "reportedCurrency": "USD", "grossProfit": "379400000", "totalRevenue": "622100000", "costOfRevenue": "242700000", "costofGoodsAndServicesSold": "242700000", "operatingIncome": "218300000", "sellingGeneralAndAdministrative": "112300000", "researchAndDevelopment": "None", "operatingExpenses": "160100000", "investmentIncomeNet": "None", "netInterestIncome": "-30500000", "interestIncome": "-31000000", "interestExpense": "30500000", "nonInterestIncome": "652600000", "otherNonOperatingIncome": "-500000", "depreciation": "None", "depreciationAndAmortization": "45700000", "incomeBeforeTax": "187300000", "incomeTaxExpense": "36900000", "interestAndDebtExpense": "30500000", "netIncomeFromContinuingOperations": "150400000", "comprehensiveIncomeNetOfTax": "90500000", "ebit": "217800000", "ebitda": "263500000", "netIncome": "150400000"}, {"fiscalDateEnding": "2019-03-31", "reportedCurrency": "USD", "grossProfit": "361700000", "totalRevenue": "593100000", "costOfRevenue": "231400000", "costofGoodsAndServicesSold": "231400000", "operatingIncome": "202400000", "sellingGeneralAndAdministrative": "111400000", "researchAndDevelopment": "None", "operatingExpenses": "159200000", "investmentIncomeNet": "None", "netInterestIncome": "-31900000", "interestIncome": "-32300000", "interestExpense": "31900000", "nonInterestIncome": "625000000", "otherNonOperatingIncome": "-400000", "depreciation": "None", "depreciationAndAmortization": "46600000", "incomeBeforeTax": "170100000", "incomeTaxExpense": "35700000", "interestAndDebtExpense": "31900000", "netIncomeFromContinuingOperations": "134400000", "comprehensiveIncomeNetOfTax": "194000000", "ebit": "202000000", "ebitda": "248600000", "netIncome": "134400000"}, {"fiscalDateEnding": "2018-12-31", "reportedCurrency": "USD", "grossProfit": "255600000", "totalRevenue": "479600000", "costOfRevenue": "224000000", "costofGoodsAndServicesSold": "224000000", "operatingIncome": "216200000", "sellingGeneralAndAdministrative": "97700000", "researchAndDevelopment": "47600000", "operatingExpenses": "189400000", "investmentIncomeNet": "None", "netInterestIncome": "-36800000", "interestIncome": "-4200000", "interestExpense": "32600000", "nonInterestIncome": "613700000", "otherNonOperatingIncome": "-4000000", "depreciation": "None", "depreciationAndAmortization": "43700000", "incomeBeforeTax": "179600000", "incomeTaxExpense": "33400000", "interestAndDebtExpense": "32600000", "netIncomeFromContinuingOperations": "146200000", "comprehensiveIncomeNetOfTax": "63900000", "ebit": "212200000", "ebitda": "255900000", "netIncome": "146200000"}, {"fiscalDateEnding": "2018-09-30", "reportedCurrency": "USD", "grossProfit": "379500000", "totalRevenue": "598700000", "costOfRevenue": "219200000", "costofGoodsAndServicesSold": "219200000", "operatingIncome": "211100000", "sellingGeneralAndAdministrative": "95700000", "researchAndDevelopment": "None", "operatingExpenses": "135200000", "investmentIncomeNet": "None", "netInterestIncome": "-32400000", "interestIncome": "None", "interestExpense": "32400000", "nonInterestIncome": "598700000", "otherNonOperatingIncome": "14100000", "depreciation": "None", "depreciationAndAmortization": "39500000", "incomeBeforeTax": "192800000", "incomeTaxExpense": "26800000", "interestAndDebtExpense": "32400000", "netIncomeFromContinuingOperations": "166000000", "comprehensiveIncomeNetOfTax": "130600000", "ebit": "225200000", "ebitda": "264700000", "netIncome": "166000000"}, {"fiscalDateEnding": "2018-06-30", "reportedCurrency": "USD", "grossProfit": "378900000", "totalRevenue": "601300000", "costOfRevenue": "222400000", "costofGoodsAndServicesSold": "222400000", "operatingIncome": "212300000", "sellingGeneralAndAdministrative": "93000000", "researchAndDevelopment": "None", "operatingExpenses": "135100000", "investmentIncomeNet": "None", "netInterestIncome": "-31900000", "interestIncome": "None", "interestExpense": "31900000", "nonInterestIncome": "601300000", "otherNonOperatingIncome": "4600000", "depreciation": "None", "depreciationAndAmortization": "41600000", "incomeBeforeTax": "185000000", "incomeTaxExpense": "31500000", "interestAndDebtExpense": "31900000", "netIncomeFromContinuingOperations": "153500000", "comprehensiveIncomeNetOfTax": "-11400000", "ebit": "216900000", "ebitda": "258500000", "netIncome": "153500000"}, {"fiscalDateEnding": "2018-03-31", "reportedCurrency": "USD", "grossProfit": "360000000", "totalRevenue": "581200000", "costOfRevenue": "221200000", "costofGoodsAndServicesSold": "221200000", "operatingIncome": "194500000", "sellingGeneralAndAdministrative": "91800000", "researchAndDevelopment": "None", "operatingExpenses": "134500000", "investmentIncomeNet": "None", "netInterestIncome": "-32800000", "interestIncome": "None", "interestExpense": "32800000", "nonInterestIncome": "581200000", "otherNonOperatingIncome": "600000", "depreciation": "None", "depreciationAndAmortization": "40500000", "incomeBeforeTax": "162300000", "incomeTaxExpense": "29300000", "interestAndDebtExpense": "32800000", "netIncomeFromContinuingOperations": "133000000", "comprehensiveIncomeNetOfTax": "236700000", "ebit": "195100000", "ebitda": "235600000", "netIncome": "133000000"}, {"fiscalDateEnding": "2017-12-31", "reportedCurrency": "USD", "grossProfit": "207700000", "totalRevenue": "446600000", "costOfRevenue": "208700000", "costofGoodsAndServicesSold": "208700000", "operatingIncome": "210000000", "sellingGeneralAndAdministrative": "87200000", "researchAndDevelopment": "37400000", "operatingExpenses": "155600000", "investmentIncomeNet": "None", "netInterestIncome": "-36300000", "interestIncome": "None", "interestExpense": "32100000", "nonInterestIncome": "-100000", "otherNonOperatingIncome": "1300000", "depreciation": "None", "depreciationAndAmortization": "36200000", "incomeBeforeTax": "179200000", "incomeTaxExpense": "-25400000", "interestAndDebtExpense": "32100000", "netIncomeFromContinuingOperations": "204600000", "comprehensiveIncomeNetOfTax": "235600000", "ebit": "211300000", "ebitda": "247500000", "netIncome": "204600000"}, {"fiscalDateEnding": "2017-09-30", "reportedCurrency": "USD", "grossProfit": "350600000", "totalRevenue": "549100000", "costOfRevenue": "198500000", "costofGoodsAndServicesSold": "198500000", "operatingIncome": "208400000", "sellingGeneralAndAdministrative": "80900000", "researchAndDevelopment": "None", "operatingExpenses": "117900000", "investmentIncomeNet": "None", "netInterestIncome": "-30300000", "interestIncome": "None", "interestExpense": "30300000", "nonInterestIncome": "549100000", "otherNonOperatingIncome": "2600000", "depreciation": "None", "depreciationAndAmortization": "33800000", "incomeBeforeTax": "180700000", "incomeTaxExpense": "60000000", "interestAndDebtExpense": "30300000", "netIncomeFromContinuingOperations": "120700000", "comprehensiveIncomeNetOfTax": "203800000", "ebit": "211000000", "ebitda": "244800000", "netIncome": "120700000"}, {"fiscalDateEnding": "2017-06-30", "reportedCurrency": "USD", "grossProfit": "329500000", "totalRevenue": "523200000", "costOfRevenue": "193700000", "costofGoodsAndServicesSold": "193700000", "operatingIncome": "195000000", "sellingGeneralAndAdministrative": "78800000", "researchAndDevelopment": "None", "operatingExpenses": "112000000", "investmentIncomeNet": "None", "netInterestIncome": "-28500000", "interestIncome": "None", "interestExpense": "28500000", "nonInterestIncome": "523200000", "otherNonOperatingIncome": "3400000", "depreciation": "None", "depreciationAndAmortization": "31800000", "incomeBeforeTax": "169900000", "incomeTaxExpense": "48900000", "interestAndDebtExpense": "28500000", "netIncomeFromContinuingOperations": "121000000", "comprehensiveIncomeNetOfTax": "211500000", "ebit": "198400000", "ebitda": "230200000", "netIncome": "121000000"}, {"fiscalDateEnding": "2017-03-31", "reportedCurrency": "USD", "grossProfit": "319700000", "totalRevenue": "502600000", "costOfRevenue": "182900000", "costofGoodsAndServicesSold": "182900000", "operatingIncome": "187700000", "sellingGeneralAndAdministrative": "75900000", "researchAndDevelopment": "None", "operatingExpenses": "111800000", "investmentIncomeNet": "None", "netInterestIncome": "-29500000", "interestIncome": "None", "interestExpense": "28400000", "nonInterestIncome": "0", "otherNonOperatingIncome": "1900000", "depreciation": "None", "depreciationAndAmortization": "33800000", "incomeBeforeTax": "161200000", "incomeTaxExpense": "52400000", "interestAndDebtExpense": "28400000", "netIncomeFromContinuingOperations": "108800000", "comprehensiveIncomeNetOfTax": "142700000", "ebit": "189600000", "ebitda": "223400000", "netIncome": "108800000"}, {"fiscalDateEnding": "2016-12-31", "reportedCurrency": "USD", "grossProfit": "179085000", "totalRevenue": "476590000", "costOfRevenue": "-123195000", "costofGoodsAndServicesSold": "192992000", "operatingIncome": "185400000", "sellingGeneralAndAdministrative": "77200000", "researchAndDevelopment": "27400000", "operatingExpenses": "132979000", "investmentIncomeNet": "None", "netInterestIncome": "-29384000", "interestIncome": "None", "interestExpense": "28300000", "nonInterestIncome": "-149000", "otherNonOperatingIncome": "3086000", "depreciation": "None", "depreciationAndAmortization": "28400000", "incomeBeforeTax": "162000000", "incomeTaxExpense": "52700000", "interestAndDebtExpense": "28383000", "netIncomeFromContinuingOperations": "107500000", "comprehensiveIncomeNetOfTax": "-22600000", "ebit": "190300000", "ebitda": "218700000", "netIncome": "109300000"}]}