{"symbol": "VTRS", "annualReports": [{"fiscalDateEnding": "2020-12-31", "reportedCurrency": "USD", "grossProfit": "3796700000", "totalRevenue": "11946000000", "costOfRevenue": "8149300000", "costofGoodsAndServicesSold": "8149300000", "operatingIncome": "-210800000", "sellingGeneralAndAdministrative": "3344600000", "researchAndDevelopment": "555100000", "operatingExpenses": "4007500000", "investmentIncomeNet": "None", "netInterestIncome": "-497800000", "interestIncome": "None", "interestExpense": "497800000", "nonInterestIncome": "11809800000", "otherNonOperatingIncome": "-12600000", "depreciation": "289700000", "depreciationAndAmortization": "1605800000", "incomeBeforeTax": "-721200000", "incomeTaxExpense": "-51300000", "interestAndDebtExpense": "497800000", "netIncomeFromContinuingOperations": "-669900000", "comprehensiveIncomeNetOfTax": "269300000", "ebit": "-210800000", "ebitda": "1382400000", "netIncome": "-669900000"}, {"fiscalDateEnding": "2019-12-31", "reportedCurrency": "USD", "grossProfit": "3897600000", "totalRevenue": "11500500000", "costOfRevenue": "7602900000", "costofGoodsAndServicesSold": "7602900000", "operatingIncome": "715500000", "sellingGeneralAndAdministrative": "2563600000", "researchAndDevelopment": "639900000", "operatingExpenses": "3182100000", "investmentIncomeNet": "None", "netInterestIncome": "-517300000", "interestIncome": "None", "interestExpense": "517300000", "nonInterestIncome": "0", "otherNonOperatingIncome": "-43800000", "depreciation": "256100000", "depreciationAndAmortization": "1582700000", "incomeBeforeTax": "137600000", "incomeTaxExpense": "137600000", "interestAndDebtExpense": "517300000", "netIncomeFromContinuingOperations": "16800000", "comprehensiveIncomeNetOfTax": "0", "ebit": "654900000", "ebitda": "2237600000", "netIncome": "0"}], "quarterlyReports": [{"fiscalDateEnding": "2021-09-30", "reportedCurrency": "USD", "grossProfit": "1574100000", "totalRevenue": "4536600000", "costOfRevenue": "2962500000", "costofGoodsAndServicesSold": "2962500000", "operatingIncome": "357600000", "sellingGeneralAndAdministrative": "1055000000", "researchAndDevelopment": "152100000", "operatingExpenses": "1216500000", "investmentIncomeNet": "None", "netInterestIncome": "-151900000", "interestIncome": "None", "interestExpense": "151900000", "nonInterestIncome": "4520500000", "otherNonOperatingIncome": "-5800000", "depreciation": "None", "depreciationAndAmortization": "671500000", "incomeBeforeTax": "199900000", "incomeTaxExpense": "-111600000", "interestAndDebtExpense": "151900000", "netIncomeFromContinuingOperations": "311500000", "comprehensiveIncomeNetOfTax": "44600000", "ebit": "357600000", "ebitda": "1023300000", "netIncome": "311500000"}, {"fiscalDateEnding": "2021-06-30", "reportedCurrency": "USD", "grossProfit": "1327700000", "totalRevenue": "4577800000", "costOfRevenue": "3250100000", "costofGoodsAndServicesSold": "3250100000", "operatingIncome": "-47800000", "sellingGeneralAndAdministrative": "1204800000", "researchAndDevelopment": "147700000", "operatingExpenses": "1375500000", "investmentIncomeNet": "None", "netInterestIncome": "-167100000", "interestIncome": "None", "interestExpense": "167100000", "nonInterestIncome": "4561700000", "otherNonOperatingIncome": "-4200000", "depreciation": "None", "depreciationAndAmortization": "681600000", "incomeBeforeTax": "-219100000", "incomeTaxExpense": "60100000", "interestAndDebtExpense": "167100000", "netIncomeFromContinuingOperations": "-279200000", "comprehensiveIncomeNetOfTax": "-98600000", "ebit": "-47800000", "ebitda": "629600000", "netIncome": "-279200000"}, {"fiscalDateEnding": "2021-03-31", "reportedCurrency": "USD", "grossProfit": "1127300000", "totalRevenue": "4430300000", "costOfRevenue": "3303000000", "costofGoodsAndServicesSold": "3303000000", "operatingIncome": "-266200000", "sellingGeneralAndAdministrative": "1186500000", "researchAndDevelopment": "184100000", "operatingExpenses": "1393500000", "investmentIncomeNet": "None", "netInterestIncome": "-169000000", "interestIncome": "None", "interestExpense": "169000000", "nonInterestIncome": "4400100000", "otherNonOperatingIncome": "-6100000", "depreciation": "None", "depreciationAndAmortization": "684400000", "incomeBeforeTax": "-441300000", "incomeTaxExpense": "596300000", "interestAndDebtExpense": "169000000", "netIncomeFromContinuingOperations": "-1037600000", "comprehensiveIncomeNetOfTax": "-1565200000", "ebit": "-266200000", "ebitda": "412100000", "netIncome": "-1037600000"}, {"fiscalDateEnding": "2020-12-31", "reportedCurrency": "USD", "grossProfit": "706400000", "totalRevenue": "3623500000", "costOfRevenue": "2917100000", "costofGoodsAndServicesSold": "2917100000", "operatingIncome": "-881100000", "sellingGeneralAndAdministrative": "1361400000", "researchAndDevelopment": "154800000", "operatingExpenses": "4007500000", "investmentIncomeNet": "None", "netInterestIncome": "-421800000", "interestIncome": "-277400000", "interestExpense": "421800000", "nonInterestIncome": "11953800000", "otherNonOperatingIncome": "209400000", "depreciation": "None", "depreciationAndAmortization": "534900000", "incomeBeforeTax": "-499200000", "incomeTaxExpense": "700000", "interestAndDebtExpense": "421800000", "netIncomeFromContinuingOperations": "-499900000", "comprehensiveIncomeNetOfTax": "439300000", "ebit": "-77400000", "ebitda": "81700000", "netIncome": "-499900000"}, {"fiscalDateEnding": "2020-09-30", "reportedCurrency": "USD", "grossProfit": "-219000000", "totalRevenue": "2972100000", "costOfRevenue": "1813600000", "costofGoodsAndServicesSold": "1813600000", "operatingIncome": "-219000000", "sellingGeneralAndAdministrative": "658400000", "researchAndDevelopment": "129800000", "operatingExpenses": "0", "investmentIncomeNet": "None", "netInterestIncome": "-71000000", "interestIncome": "None", "interestExpense": "71000000", "nonInterestIncome": "-148000000", "otherNonOperatingIncome": "-221000000", "depreciation": "None", "depreciationAndAmortization": "432300000", "incomeBeforeTax": "-221000000", "incomeTaxExpense": "-52000000", "interestAndDebtExpense": "71000000", "netIncomeFromContinuingOperations": "-169000000", "comprehensiveIncomeNetOfTax": "-169000000", "ebit": "-150000000", "ebitda": "791200000", "netIncome": "-169000000"}, {"fiscalDateEnding": "2020-06-30", "reportedCurrency": "USD", "grossProfit": "-1400000", "totalRevenue": "2731200000", "costOfRevenue": "1705500000", "costofGoodsAndServicesSold": "1705500000", "operatingIncome": "-1400000", "sellingGeneralAndAdministrative": "719400000", "researchAndDevelopment": "156300000", "operatingExpenses": "0", "investmentIncomeNet": "None", "netInterestIncome": "-5300000", "interestIncome": "None", "interestExpense": "5300000", "nonInterestIncome": "3900000", "otherNonOperatingIncome": "-1200000", "depreciation": "None", "depreciationAndAmortization": "415700000", "incomeBeforeTax": "-1200000", "incomeTaxExpense": "-300000", "interestAndDebtExpense": "5300000", "netIncomeFromContinuingOperations": "-900000", "comprehensiveIncomeNetOfTax": "-900000", "ebit": "4100000", "ebitda": "551900000", "netIncome": "-900000"}, {"fiscalDateEnding": "2020-03-31", "reportedCurrency": "USD", "grossProfit": "1087400000", "totalRevenue": "3191800000", "costOfRevenue": "2104400000", "costofGoodsAndServicesSold": "2104400000", "operatingIncome": "281200000", "sellingGeneralAndAdministrative": "605400000", "researchAndDevelopment": "151800000", "operatingExpenses": "806200000", "investmentIncomeNet": "None", "netInterestIncome": "-119900000", "interestIncome": "None", "interestExpense": "126000000", "nonInterestIncome": "0", "otherNonOperatingIncome": "None", "depreciation": "None", "depreciationAndAmortization": "547700000", "incomeBeforeTax": "135200000", "incomeTaxExpense": "114700000", "interestAndDebtExpense": "None", "netIncomeFromContinuingOperations": "20800000", "comprehensiveIncomeNetOfTax": "None", "ebit": "261200000", "ebitda": "808900000", "netIncome": "0"}, {"fiscalDateEnding": "2019-09-30", "reportedCurrency": "USD", "grossProfit": "1072400000", "totalRevenue": "2961700000", "costOfRevenue": "1889300000", "costofGoodsAndServicesSold": "1889300000", "operatingIncome": "271800000", "sellingGeneralAndAdministrative": "632700000", "researchAndDevelopment": "167900000", "operatingExpenses": "0", "investmentIncomeNet": "None", "netInterestIncome": "-128900000", "interestIncome": "None", "interestExpense": "128900000", "nonInterestIncome": "None", "otherNonOperatingIncome": "0", "depreciation": "None", "depreciationAndAmortization": "469700000", "incomeBeforeTax": "185800000", "incomeTaxExpense": "0", "interestAndDebtExpense": "None", "netIncomeFromContinuingOperations": "189800000", "comprehensiveIncomeNetOfTax": "0", "ebit": "314700000", "ebitda": "784400000", "netIncome": "0"}, {"fiscalDateEnding": "2019-06-30", "reportedCurrency": "USD", "grossProfit": "932600000", "totalRevenue": "2851500000", "costOfRevenue": "1918900000", "costofGoodsAndServicesSold": "1918900000", "operatingIncome": "116400000", "sellingGeneralAndAdministrative": "668600000", "researchAndDevelopment": "147600000", "operatingExpenses": "0", "investmentIncomeNet": "None", "netInterestIncome": "None", "interestIncome": "None", "interestExpense": "131200000", "nonInterestIncome": "None", "otherNonOperatingIncome": "0", "depreciation": "None", "depreciationAndAmortization": "501400000", "incomeBeforeTax": "-52100000", "incomeTaxExpense": "0", "interestAndDebtExpense": "None", "netIncomeFromContinuingOperations": "None", "comprehensiveIncomeNetOfTax": "0", "ebit": "79100000", "ebitda": "580500000", "netIncome": "0"}]}