{"symbol": "VZ", "annualReports": [{"fiscalDateEnding": "2020-12-31", "reportedCurrency": "USD", "grossProfit": "79353000000", "totalRevenue": "128292000000", "costOfRevenue": "48939000000", "costofGoodsAndServicesSold": "51201000000", "operatingIncome": "28798000000", "sellingGeneralAndAdministrative": "31573000000", "researchAndDevelopment": "None", "operatingExpenses": "50020000000", "investmentIncomeNet": "None", "netInterestIncome": "-4247000000", "interestIncome": "-4292000000", "interestExpense": "4247000000", "nonInterestIncome": "-129000000", "otherNonOperatingIncome": "-539000000", "depreciation": "14275000000", "depreciationAndAmortization": "16720000000", "incomeBeforeTax": "23420000000", "incomeTaxExpense": "5619000000", "interestAndDebtExpense": "4376000000", "netIncomeFromContinuingOperations": "18348000000", "comprehensiveIncomeNetOfTax": "16732000000", "ebit": "27667000000", "ebitda": "44387000000", "netIncome": "17801000000"}, {"fiscalDateEnding": "2019-12-31", "reportedCurrency": "USD", "grossProfit": "84612000000", "totalRevenue": "131868000000", "costOfRevenue": "47256000000", "costofGoodsAndServicesSold": "54726000000", "operatingIncome": "30378000000", "sellingGeneralAndAdministrative": "29896000000", "researchAndDevelopment": "None", "operatingExpenses": "48650000000", "investmentIncomeNet": "None", "netInterestIncome": "-4730000000", "interestIncome": "121000000", "interestExpense": "4730000000", "nonInterestIncome": "-3604000000", "otherNonOperatingIncome": "-2900000000", "depreciation": "14371000000", "depreciationAndAmortization": "16682000000", "incomeBeforeTax": "22210000000", "incomeTaxExpense": "2945000000", "interestAndDebtExpense": "8334000000", "netIncomeFromContinuingOperations": "19788000000", "comprehensiveIncomeNetOfTax": "17893000000", "ebit": "26940000000", "ebitda": "43622000000", "netIncome": "19265000000"}, {"fiscalDateEnding": "2018-12-31", "reportedCurrency": "USD", "grossProfit": "77685000000", "totalRevenue": "130863000000", "costOfRevenue": "53178000000", "costofGoodsAndServicesSold": "55508000000", "operatingIncome": "22278000000", "sellingGeneralAndAdministrative": "31083000000", "researchAndDevelopment": "None", "operatingExpenses": "56767000000", "investmentIncomeNet": "None", "netInterestIncome": "-4833000000", "interestIncome": "94000000", "interestExpense": "4833000000", "nonInterestIncome": "-700000000", "otherNonOperatingIncome": "2364000000", "depreciation": "15186000000", "depreciationAndAmortization": "17403000000", "incomeBeforeTax": "19112000000", "incomeTaxExpense": "3584000000", "interestAndDebtExpense": "5533000000", "netIncomeFromContinuingOperations": "16039000000", "comprehensiveIncomeNetOfTax": "14609000000", "ebit": "23945000000", "ebitda": "41348000000", "netIncome": "15528000000"}, {"fiscalDateEnding": "2017-12-31", "reportedCurrency": "USD", "grossProfit": "26196000000", "totalRevenue": "126034000000", "costOfRevenue": "99838000000", "costofGoodsAndServicesSold": "51556000000", "operatingIncome": "27425000000", "sellingGeneralAndAdministrative": "28592000000", "researchAndDevelopment": "None", "operatingExpenses": "46687000000", "investmentIncomeNet": "None", "netInterestIncome": "-4733000000", "interestIncome": "82000000", "interestExpense": "4733000000", "nonInterestIncome": "-226000000", "otherNonOperatingIncome": "-2021000000", "depreciation": "14741000000", "depreciationAndAmortization": "16954000000", "incomeBeforeTax": "20145000000", "incomeTaxExpense": "-9956000000", "interestAndDebtExpense": "6733000000", "netIncomeFromContinuingOperations": "30550000000", "comprehensiveIncomeNetOfTax": "30087000000", "ebit": "24878000000", "ebitda": "41832000000", "netIncome": "30101000000"}, {"fiscalDateEnding": "2016-12-31", "reportedCurrency": "USD", "grossProfit": "25967000000", "totalRevenue": "125980000000", "costOfRevenue": "100013000000", "costofGoodsAndServicesSold": "51424000000", "operatingIncome": "29249000000", "sellingGeneralAndAdministrative": "28102000000", "researchAndDevelopment": "None", "operatingExpenses": "49175000000", "investmentIncomeNet": "None", "netInterestIncome": "-4376000000", "interestIncome": "59000000", "interestExpense": "4376000000", "nonInterestIncome": "-1800000000", "otherNonOperatingIncome": "-3789000000", "depreciation": "14227000000", "depreciationAndAmortization": "15928000000", "incomeBeforeTax": "20505000000", "incomeTaxExpense": "7378000000", "interestAndDebtExpense": "6176000000", "netIncomeFromContinuingOperations": "13608000000", "comprehensiveIncomeNetOfTax": "15250000000", "ebit": "24881000000", "ebitda": "40809000000", "netIncome": "13127000000"}], "quarterlyReports": [{"fiscalDateEnding": "2021-09-30", "reportedCurrency": "USD", "grossProfit": "22330000000", "totalRevenue": "32915000000", "costOfRevenue": "10585000000", "costofGoodsAndServicesSold": "13528000000", "operatingIncome": "8905000000", "sellingGeneralAndAdministrative": "6521000000", "researchAndDevelopment": "None", "operatingExpenses": "10585000000", "investmentIncomeNet": "None", "netInterestIncome": "-801000000", "interestIncome": "-800000000", "interestExpense": "801000000", "nonInterestIncome": "0", "otherNonOperatingIncome": "269000000", "depreciation": "None", "depreciationAndAmortization": "3961000000", "incomeBeforeTax": "8227000000", "incomeTaxExpense": "1820000000", "interestAndDebtExpense": "801000000", "netIncomeFromContinuingOperations": "6554000000", "comprehensiveIncomeNetOfTax": "5932000000", "ebit": "9028000000", "ebitda": "12989000000", "netIncome": "6407000000"}, {"fiscalDateEnding": "2021-06-30", "reportedCurrency": "USD", "grossProfit": "22420000000", "totalRevenue": "33764000000", "costOfRevenue": "11344000000", "costofGoodsAndServicesSold": "14255000000", "operatingIncome": "8165000000", "sellingGeneralAndAdministrative": "7324000000", "researchAndDevelopment": "None", "operatingExpenses": "11344000000", "investmentIncomeNet": "None", "netInterestIncome": "-844000000", "interestIncome": "-843000000", "interestExpense": "844000000", "nonInterestIncome": "-1100000000", "otherNonOperatingIncome": "502000000", "depreciation": "None", "depreciationAndAmortization": "4020000000", "incomeBeforeTax": "7675000000", "incomeTaxExpense": "1875000000", "interestAndDebtExpense": "1944000000", "netIncomeFromContinuingOperations": "5949000000", "comprehensiveIncomeNetOfTax": "4926000000", "ebit": "8519000000", "ebitda": "12539000000", "netIncome": "5800000000"}, {"fiscalDateEnding": "2021-03-31", "reportedCurrency": "USD", "grossProfit": "21292000000", "totalRevenue": "32867000000", "costOfRevenue": "11575000000", "costofGoodsAndServicesSold": "13522000000", "operatingIncome": "7770000000", "sellingGeneralAndAdministrative": "7401000000", "researchAndDevelopment": "None", "operatingExpenses": "11799000000", "investmentIncomeNet": "None", "netInterestIncome": "-1101000000", "interestIncome": "-1093000000", "interestExpense": "1101000000", "nonInterestIncome": "2200000000", "otherNonOperatingIncome": "401000000", "depreciation": "None", "depreciationAndAmortization": "4174000000", "incomeBeforeTax": "6945000000", "incomeTaxExpense": "1700000000", "interestAndDebtExpense": "1101000000", "netIncomeFromContinuingOperations": "5378000000", "comprehensiveIncomeNetOfTax": "5956000000", "ebit": "8046000000", "ebitda": "12220000000", "netIncome": "5245000000"}, {"fiscalDateEnding": "2020-12-31", "reportedCurrency": "USD", "grossProfit": "21356000000", "totalRevenue": "34692000000", "costOfRevenue": "13336000000", "costofGoodsAndServicesSold": "14822000000", "operatingIncome": "7180000000", "sellingGeneralAndAdministrative": "8493000000", "researchAndDevelopment": "None", "operatingExpenses": "13317000000", "investmentIncomeNet": "None", "netInterestIncome": "-1080000000", "interestIncome": "-1091000000", "interestExpense": "1080000000", "nonInterestIncome": "-129000000", "otherNonOperatingIncome": "164000000", "depreciation": "None", "depreciationAndAmortization": "4197000000", "incomeBeforeTax": "6123000000", "incomeTaxExpense": "1535000000", "interestAndDebtExpense": "1209000000", "netIncomeFromContinuingOperations": "4718000000", "comprehensiveIncomeNetOfTax": "5329000000", "ebit": "7203000000", "ebitda": "11400000000", "netIncome": "4588000000"}, {"fiscalDateEnding": "2020-09-30", "reportedCurrency": "USD", "grossProfit": "20012000000", "totalRevenue": "31543000000", "costOfRevenue": "11531000000", "costofGoodsAndServicesSold": "12334000000", "operatingIncome": "7678000000", "sellingGeneralAndAdministrative": "7339000000", "researchAndDevelopment": "None", "operatingExpenses": "11531000000", "investmentIncomeNet": "None", "netInterestIncome": "-1044000000", "interestIncome": "-1040000000", "interestExpense": "1044000000", "nonInterestIncome": "-102000000", "otherNonOperatingIncome": "-774000000", "depreciation": "None", "depreciationAndAmortization": "4192000000", "incomeBeforeTax": "5704000000", "incomeTaxExpense": "1347000000", "interestAndDebtExpense": "1044000000", "netIncomeFromContinuingOperations": "4504000000", "comprehensiveIncomeNetOfTax": "4819000000", "ebit": "6748000000", "ebitda": "10940000000", "netIncome": "4357000000"}, {"fiscalDateEnding": "2020-06-30", "reportedCurrency": "USD", "grossProfit": "19110000000", "totalRevenue": "30447000000", "costOfRevenue": "11337000000", "costofGoodsAndServicesSold": "11749000000", "operatingIncome": "7361000000", "sellingGeneralAndAdministrative": "7156000000", "researchAndDevelopment": "None", "operatingExpenses": "11337000000", "investmentIncomeNet": "None", "netInterestIncome": "-1089000000", "interestIncome": "16000000", "interestExpense": "1089000000", "nonInterestIncome": "-102000000", "otherNonOperatingIncome": "-72000000", "depreciation": "None", "depreciationAndAmortization": "4181000000", "incomeBeforeTax": "6048000000", "incomeTaxExpense": "1348000000", "interestAndDebtExpense": "1089000000", "netIncomeFromContinuingOperations": "4839000000", "comprehensiveIncomeNetOfTax": "4928000000", "ebit": "7137000000", "ebitda": "11318000000", "netIncome": "4700000000"}, {"fiscalDateEnding": "2020-03-31", "reportedCurrency": "USD", "grossProfit": "18875000000", "totalRevenue": "31610000000", "costOfRevenue": "12735000000", "costofGoodsAndServicesSold": "12296000000", "operatingIncome": "6579000000", "sellingGeneralAndAdministrative": "8585000000", "researchAndDevelopment": "None", "operatingExpenses": "13288000000", "investmentIncomeNet": "None", "netInterestIncome": "-1034000000", "interestIncome": "20000000", "interestExpense": "1034000000", "nonInterestIncome": "204000000", "otherNonOperatingIncome": "143000000", "depreciation": "None", "depreciationAndAmortization": "4150000000", "incomeBeforeTax": "5545000000", "incomeTaxExpense": "1389000000", "interestAndDebtExpense": "1034000000", "netIncomeFromContinuingOperations": "4287000000", "comprehensiveIncomeNetOfTax": "1656000000", "ebit": "6579000000", "ebitda": "10729000000", "netIncome": "4156000000"}, {"fiscalDateEnding": "2019-12-31", "reportedCurrency": "USD", "grossProfit": "34589000000", "totalRevenue": "34775000000", "costOfRevenue": "186000000", "costofGoodsAndServicesSold": "15631000000", "operatingIncome": "6639000000", "sellingGeneralAndAdministrative": "8214000000", "researchAndDevelopment": "None", "operatingExpenses": "186000000", "investmentIncomeNet": "None", "netInterestIncome": "-1159000000", "interestIncome": "27000000", "interestExpense": "1159000000", "nonInterestIncome": "-3510000000", "otherNonOperatingIncome": "-1773000000", "depreciation": "None", "depreciationAndAmortization": "4105000000", "incomeBeforeTax": "3590000000", "incomeTaxExpense": "-1505000000", "interestAndDebtExpense": "4763000000", "netIncomeFromContinuingOperations": "6639000000", "comprehensiveIncomeNetOfTax": "4989000000", "ebit": "4749000000", "ebitda": "8854000000", "netIncome": "5095000000"}, {"fiscalDateEnding": "2019-09-30", "reportedCurrency": "USD", "grossProfit": "21564000000", "totalRevenue": "32894000000", "costOfRevenue": "11330000000", "costofGoodsAndServicesSold": "13384000000", "operatingIncome": "8180000000", "sellingGeneralAndAdministrative": "7216000000", "researchAndDevelopment": "None", "operatingExpenses": "11069000000", "investmentIncomeNet": "None", "netInterestIncome": "-1146000000", "interestIncome": "34000000", "interestExpense": "1146000000", "nonInterestIncome": "1406000000", "otherNonOperatingIncome": "-110000000", "depreciation": "None", "depreciationAndAmortization": "4114000000", "incomeBeforeTax": "6780000000", "incomeTaxExpense": "1586000000", "interestAndDebtExpense": "1146000000", "netIncomeFromContinuingOperations": "5337000000", "comprehensiveIncomeNetOfTax": "4851000000", "ebit": "7926000000", "ebitda": "12040000000", "netIncome": "5194000000"}, {"fiscalDateEnding": "2019-06-30", "reportedCurrency": "USD", "grossProfit": "20571000000", "totalRevenue": "32071000000", "costOfRevenue": "11500000000", "costofGoodsAndServicesSold": "12721000000", "operatingIncome": "7850000000", "sellingGeneralAndAdministrative": "7268000000", "researchAndDevelopment": "None", "operatingExpenses": "11500000000", "investmentIncomeNet": "None", "netInterestIncome": "-1215000000", "interestIncome": "-1197000000", "interestExpense": "1215000000", "nonInterestIncome": "None", "otherNonOperatingIncome": "-1312000000", "depreciation": "None", "depreciationAndAmortization": "4232000000", "incomeBeforeTax": "5180000000", "incomeTaxExpense": "1236000000", "interestAndDebtExpense": "1215000000", "netIncomeFromContinuingOperations": "4074000000", "comprehensiveIncomeNetOfTax": "3175000000", "ebit": "6395000000", "ebitda": "10627000000", "netIncome": "3944000000"}, {"fiscalDateEnding": "2019-03-31", "reportedCurrency": "USD", "grossProfit": "20544000000", "totalRevenue": "32128000000", "costOfRevenue": "11584000000", "costofGoodsAndServicesSold": "12990000000", "operatingIncome": "7709000000", "sellingGeneralAndAdministrative": "7198000000", "researchAndDevelopment": "None", "operatingExpenses": "11748000000", "investmentIncomeNet": "None", "netInterestIncome": "-1210000000", "interestIncome": "29000000", "interestExpense": "1210000000", "nonInterestIncome": "None", "otherNonOperatingIncome": "295000000", "depreciation": "None", "depreciationAndAmortization": "4231000000", "incomeBeforeTax": "6660000000", "incomeTaxExpense": "1628000000", "interestAndDebtExpense": "1210000000", "netIncomeFromContinuingOperations": "5160000000", "comprehensiveIncomeNetOfTax": "4878000000", "ebit": "7870000000", "ebitda": "12101000000", "netIncome": "5032000000"}, {"fiscalDateEnding": "2018-12-31", "reportedCurrency": "USD", "grossProfit": "34281000000", "totalRevenue": "34281000000", "costOfRevenue": "4600000000", "costofGoodsAndServicesSold": "15291000000", "operatingIncome": "637000000", "sellingGeneralAndAdministrative": "9410000000", "researchAndDevelopment": "None", "operatingExpenses": "4600000000", "investmentIncomeNet": "None", "netInterestIncome": "-1199000000", "interestIncome": "None", "interestExpense": "1199000000", "nonInterestIncome": "0", "otherNonOperatingIncome": "1865000000", "depreciation": "None", "depreciationAndAmortization": "4352000000", "incomeBeforeTax": "1241000000", "incomeTaxExpense": "-698000000", "interestAndDebtExpense": "1199000000", "netIncomeFromContinuingOperations": "637000000", "comprehensiveIncomeNetOfTax": "1108000000", "ebit": "2440000000", "ebitda": "6792000000", "netIncome": "1939000000"}, {"fiscalDateEnding": "2018-09-30", "reportedCurrency": "USD", "grossProfit": "20869000000", "totalRevenue": "32607000000", "costOfRevenue": "11738000000", "costofGoodsAndServicesSold": "13331000000", "operatingIncome": "7675000000", "sellingGeneralAndAdministrative": "7224000000", "researchAndDevelopment": "None", "operatingExpenses": "11738000000", "investmentIncomeNet": "None", "netInterestIncome": "-1211000000", "interestIncome": "None", "interestExpense": "1211000000", "nonInterestIncome": "-500000000", "otherNonOperatingIncome": "214000000", "depreciation": "None", "depreciationAndAmortization": "4377000000", "incomeBeforeTax": "6537000000", "incomeTaxExpense": "1613000000", "interestAndDebtExpense": "1711000000", "netIncomeFromContinuingOperations": "5062000000", "comprehensiveIncomeNetOfTax": "4920000000", "ebit": "7748000000", "ebitda": "12125000000", "netIncome": "4924000000"}, {"fiscalDateEnding": "2018-06-30", "reportedCurrency": "USD", "grossProfit": "19828000000", "totalRevenue": "32203000000", "costOfRevenue": "12375000000", "costofGoodsAndServicesSold": "13631000000", "operatingIncome": "6617000000", "sellingGeneralAndAdministrative": "7605000000", "researchAndDevelopment": "None", "operatingExpenses": "12375000000", "investmentIncomeNet": "None", "netInterestIncome": "-1222000000", "interestIncome": "None", "interestExpense": "1222000000", "nonInterestIncome": "0", "otherNonOperatingIncome": "360000000", "depreciation": "None", "depreciationAndAmortization": "4350000000", "incomeBeforeTax": "5401000000", "incomeTaxExpense": "1281000000", "interestAndDebtExpense": "1222000000", "netIncomeFromContinuingOperations": "4246000000", "comprehensiveIncomeNetOfTax": "3620000000", "ebit": "6623000000", "ebitda": "10973000000", "netIncome": "4120000000"}, {"fiscalDateEnding": "2018-03-31", "reportedCurrency": "USD", "grossProfit": "7138000000", "totalRevenue": "31772000000", "costOfRevenue": "24634000000", "costofGoodsAndServicesSold": "13255000000", "operatingIncome": "7349000000", "sellingGeneralAndAdministrative": "6844000000", "researchAndDevelopment": "None", "operatingExpenses": "11514000000", "investmentIncomeNet": "None", "netInterestIncome": "-1201000000", "interestIncome": "None", "interestExpense": "1201000000", "nonInterestIncome": "-200000000", "otherNonOperatingIncome": "-75000000", "depreciation": "None", "depreciationAndAmortization": "4324000000", "incomeBeforeTax": "5933000000", "incomeTaxExpense": "1388000000", "interestAndDebtExpense": "1401000000", "netIncomeFromContinuingOperations": "4666000000", "comprehensiveIncomeNetOfTax": "4961000000", "ebit": "7134000000", "ebitda": "11458000000", "netIncome": "4545000000"}, {"fiscalDateEnding": "2017-12-31", "reportedCurrency": "USD", "grossProfit": "33955000000", "totalRevenue": "33955000000", "costOfRevenue": "29173000000", "costofGoodsAndServicesSold": "15175000000", "operatingIncome": "5459000000", "sellingGeneralAndAdministrative": "8480000000", "researchAndDevelopment": "None", "operatingExpenses": "13812000000", "investmentIncomeNet": "None", "netInterestIncome": "-1219000000", "interestIncome": "None", "interestExpense": "1219000000", "nonInterestIncome": "-700000000", "otherNonOperatingIncome": "-1302000000", "depreciation": "None", "depreciationAndAmortization": "4456000000", "incomeBeforeTax": "2820000000", "incomeTaxExpense": "-15849000000", "interestAndDebtExpense": "1919000000", "netIncomeFromContinuingOperations": "4793000000", "comprehensiveIncomeNetOfTax": "18645000000", "ebit": "4039000000", "ebitda": "8495000000", "netIncome": "18669000000"}, {"fiscalDateEnding": "2017-09-30", "reportedCurrency": "USD", "grossProfit": "7042000000", "totalRevenue": "31717000000", "costOfRevenue": "24675000000", "costofGoodsAndServicesSold": "12605000000", "operatingIncome": "6990000000", "sellingGeneralAndAdministrative": "7483000000", "researchAndDevelopment": "None", "operatingExpenses": "12070000000", "investmentIncomeNet": "None", "netInterestIncome": "-1164000000", "interestIncome": "None", "interestExpense": "1164000000", "nonInterestIncome": "-500000000", "otherNonOperatingIncome": "-291000000", "depreciation": "None", "depreciationAndAmortization": "4272000000", "incomeBeforeTax": "5395000000", "incomeTaxExpense": "1775000000", "interestAndDebtExpense": "1664000000", "netIncomeFromContinuingOperations": "3736000000", "comprehensiveIncomeNetOfTax": "4019000000", "ebit": "6559000000", "ebitda": "10831000000", "netIncome": "3620000000"}, {"fiscalDateEnding": "2017-06-30", "reportedCurrency": "USD", "grossProfit": "8080000000", "totalRevenue": "30548000000", "costOfRevenue": "22468000000", "costofGoodsAndServicesSold": "12110000000", "operatingIncome": "8013000000", "sellingGeneralAndAdministrative": "5883000000", "researchAndDevelopment": "None", "operatingExpenses": "8584000000", "investmentIncomeNet": "None", "netInterestIncome": "-1218000000", "interestIncome": "None", "interestExpense": "1218000000", "nonInterestIncome": "1774000000", "otherNonOperatingIncome": "199000000", "depreciation": "None", "depreciationAndAmortization": "4167000000", "incomeBeforeTax": "6851000000", "incomeTaxExpense": "2489000000", "interestAndDebtExpense": "1218000000", "netIncomeFromContinuingOperations": "4478000000", "comprehensiveIncomeNetOfTax": "4037000000", "ebit": "8069000000", "ebitda": "12236000000", "netIncome": "4362000000"}, {"fiscalDateEnding": "2017-03-31", "reportedCurrency": "USD", "grossProfit": "7030000000", "totalRevenue": "29814000000", "costOfRevenue": "22784000000", "costofGoodsAndServicesSold": "11666000000", "operatingIncome": "6963000000", "sellingGeneralAndAdministrative": "6746000000", "researchAndDevelopment": "None", "operatingExpenses": "11171000000", "investmentIncomeNet": "None", "netInterestIncome": "-1132000000", "interestIncome": "None", "interestExpense": "1132000000", "nonInterestIncome": "-800000000", "otherNonOperatingIncome": "-627000000", "depreciation": "None", "depreciationAndAmortization": "4059000000", "incomeBeforeTax": "5079000000", "incomeTaxExpense": "1629000000", "interestAndDebtExpense": "1932000000", "netIncomeFromContinuingOperations": "3553000000", "comprehensiveIncomeNetOfTax": "3386000000", "ebit": "6211000000", "ebitda": "10270000000", "netIncome": "3450000000"}, {"fiscalDateEnding": "2016-12-31", "reportedCurrency": "USD", "grossProfit": "32340000000", "totalRevenue": "32340000000", "costOfRevenue": "24972000000", "costofGoodsAndServicesSold": "14362000000", "operatingIncome": "8023000000", "sellingGeneralAndAdministrative": "2501000000", "researchAndDevelopment": "None", "operatingExpenses": "10812000000", "investmentIncomeNet": "None", "netInterestIncome": "-1137000000", "interestIncome": "None", "interestExpense": "1137000000", "nonInterestIncome": "-2807000000", "otherNonOperatingIncome": "-2092000000", "depreciation": "None", "depreciationAndAmortization": "3987000000", "incomeBeforeTax": "6844000000", "incomeTaxExpense": "2349000000", "interestAndDebtExpense": "2937000000", "netIncomeFromContinuingOperations": "8023000000", "comprehensiveIncomeNetOfTax": "4410000000", "ebit": "7981000000", "ebitda": "11968000000", "netIncome": "4495000000"}]}