{"symbol": "WAT", "annualReports": [{"fiscalDateEnding": "2020-12-31", "reportedCurrency": "USD", "grossProfit": "684963000", "totalRevenue": "2309295000", "costOfRevenue": "1624332000", "costofGoodsAndServicesSold": "1006689000", "operatingIncome": "645489000", "sellingGeneralAndAdministrative": "553698000", "researchAndDevelopment": "140777000", "operatingExpenses": "750549000", "investmentIncomeNet": "16270000", "netInterestIncome": "-49070000", "interestIncome": "-32800000", "interestExpense": "49070000", "nonInterestIncome": "2358365000", "otherNonOperatingIncome": "-1775000", "depreciation": "68685000", "depreciationAndAmortization": "57000000", "incomeBeforeTax": "610914000", "incomeTaxExpense": "89343000", "interestAndDebtExpense": "49070000", "netIncomeFromContinuingOperations": "521571000", "comprehensiveIncomeNetOfTax": "523099000", "ebit": "645489000", "ebitda": "716984000", "netIncome": "521571000"}, {"fiscalDateEnding": "2019-12-31", "reportedCurrency": "USD", "grossProfit": "752415000", "totalRevenue": "2348906000", "costOfRevenue": "1596491000", "costofGoodsAndServicesSold": "1010700000", "operatingIncome": "708457000", "sellingGeneralAndAdministrative": "534791000", "researchAndDevelopment": "142955000", "operatingExpenses": "733447000", "investmentIncomeNet": "22058000", "netInterestIncome": "-48690000", "interestIncome": "22058000", "interestExpense": "48690000", "nonInterestIncome": "2397596000", "otherNonOperatingIncome": "-3586000", "depreciation": "53839000", "depreciationAndAmortization": "51000000", "incomeBeforeTax": "678239000", "incomeTaxExpense": "86041000", "interestAndDebtExpense": "48690000", "netIncomeFromContinuingOperations": "592198000", "comprehensiveIncomeNetOfTax": "590698000", "ebit": "708457000", "ebitda": "777929000", "netIncome": "592198000"}, {"fiscalDateEnding": "2018-12-31", "reportedCurrency": "USD", "grossProfit": "-1632107000", "totalRevenue": "2368288000", "costOfRevenue": "1579466000", "costofGoodsAndServicesSold": "992564000", "operatingIncome": "739774000", "sellingGeneralAndAdministrative": "536902000", "researchAndDevelopment": "143403000", "operatingExpenses": "736212000", "investmentIncomeNet": "38807000", "netInterestIncome": "-48641000", "interestIncome": "38807000", "interestExpense": "48641000", "nonInterestIncome": "-3000000", "otherNonOperatingIncome": "-47794000", "depreciation": "57952000", "depreciationAndAmortization": "50000000", "incomeBeforeTax": "682146000", "incomeTaxExpense": "88352000", "interestAndDebtExpense": "48641000", "netIncomeFromContinuingOperations": "593794000", "comprehensiveIncomeNetOfTax": "585890000", "ebit": "739774000", "ebitda": "780787000", "netIncome": "593794000"}, {"fiscalDateEnding": "2017-12-31", "reportedCurrency": "USD", "grossProfit": "714469000", "totalRevenue": "2251239000", "costOfRevenue": "1536770000", "costofGoodsAndServicesSold": "947067000", "operatingIncome": "662198000", "sellingGeneralAndAdministrative": "544363000", "researchAndDevelopment": "132593000", "operatingExpenses": "733410000", "investmentIncomeNet": "36078000", "netInterestIncome": "-56839000", "interestIncome": "36078000", "interestExpense": "56839000", "nonInterestIncome": "-1000000", "otherNonOperatingIncome": "-340000", "depreciation": "61450000", "depreciationAndAmortization": "45000000", "incomeBeforeTax": "641097000", "incomeTaxExpense": "620786000", "interestAndDebtExpense": "56839000", "netIncomeFromContinuingOperations": "20311000", "comprehensiveIncomeNetOfTax": "126524000", "ebit": "662198000", "ebitda": "742936000", "netIncome": "20311000"}, {"fiscalDateEnding": "2016-12-31", "reportedCurrency": "USD", "grossProfit": "669028000", "totalRevenue": "2118512000", "costOfRevenue": "1449484000", "costofGoodsAndServicesSold": "891453000", "operatingIncome": "625039000", "sellingGeneralAndAdministrative": "512331000", "researchAndDevelopment": "125187000", "operatingExpenses": "687612000", "investmentIncomeNet": "20686000", "netInterestIncome": "-44911000", "interestIncome": "20686000", "interestExpense": "44911000", "nonInterestIncome": "-4000000", "otherNonOperatingIncome": "-700000", "depreciation": "51684000", "depreciationAndAmortization": "45000000", "incomeBeforeTax": "600114000", "incomeTaxExpense": "78611000", "interestAndDebtExpense": "44911000", "netIncomeFromContinuingOperations": "521503000", "comprehensiveIncomeNetOfTax": "451949000", "ebit": "625039000", "ebitda": "690025000", "netIncome": "521503000"}], "quarterlyReports": [{"fiscalDateEnding": "2021-09-30", "reportedCurrency": "USD", "grossProfit": "480607000", "totalRevenue": "648152000", "costOfRevenue": "167545000", "costofGoodsAndServicesSold": "271128000", "operatingIncome": "191815000", "sellingGeneralAndAdministrative": "152545000", "researchAndDevelopment": "41986000", "operatingExpenses": "209531000", "investmentIncomeNet": "2548000", "netInterestIncome": "-11081000", "interestIncome": "-8533000", "interestExpense": "11081000", "nonInterestIncome": "659233000", "otherNonOperatingIncome": "-607000", "depreciation": "17869000", "depreciationAndAmortization": "15000000", "incomeBeforeTax": "182675000", "incomeTaxExpense": "21490000", "interestAndDebtExpense": "11081000", "netIncomeFromContinuingOperations": "161185000", "comprehensiveIncomeNetOfTax": "156750000", "ebit": "191815000", "ebitda": "208756000", "netIncome": "161185000"}, {"fiscalDateEnding": "2021-06-30", "reportedCurrency": "USD", "grossProfit": "496407000", "totalRevenue": "669620000", "costOfRevenue": "173213000", "costofGoodsAndServicesSold": "280254000", "operatingIncome": "196422000", "sellingGeneralAndAdministrative": "158213000", "researchAndDevelopment": "44949000", "operatingExpenses": "218162000", "investmentIncomeNet": "3698000", "netInterestIncome": "-12027000", "interestIncome": "-8329000", "interestExpense": "12027000", "nonInterestIncome": "681647000", "otherNonOperatingIncome": "9321000", "depreciation": "18548000", "depreciationAndAmortization": "15000000", "incomeBeforeTax": "197414000", "incomeTaxExpense": "30122000", "interestAndDebtExpense": "12027000", "netIncomeFromContinuingOperations": "167292000", "comprehensiveIncomeNetOfTax": "167319000", "ebit": "196422000", "ebitda": "224441000", "netIncome": "167292000"}, {"fiscalDateEnding": "2021-03-31", "reportedCurrency": "USD", "grossProfit": "344132000", "totalRevenue": "597599000", "costOfRevenue": "253467000", "costofGoodsAndServicesSold": "95271000", "operatingIncome": "171270000", "sellingGeneralAndAdministrative": "143196000", "researchAndDevelopment": "38092000", "operatingExpenses": "197063000", "investmentIncomeNet": "4101000", "netInterestIncome": "-10946000", "interestIncome": "4101000", "interestExpense": "10946000", "nonInterestIncome": "608545000", "otherNonOperatingIncome": "9359000", "depreciation": "16343000", "depreciationAndAmortization": "15000000", "incomeBeforeTax": "173784000", "incomeTaxExpense": "25657000", "interestAndDebtExpense": "10946000", "netIncomeFromContinuingOperations": "148127000", "comprehensiveIncomeNetOfTax": "154864000", "ebit": "171270000", "ebitda": "199730000", "netIncome": "148127000"}, {"fiscalDateEnding": "2020-12-31", "reportedCurrency": "USD", "grossProfit": "292260000", "totalRevenue": "775600000", "costOfRevenue": "483340000", "costofGoodsAndServicesSold": "320569000", "operatingIncome": "263711000", "sellingGeneralAndAdministrative": "153084000", "researchAndDevelopment": "39662000", "operatingExpenses": "202433000", "investmentIncomeNet": "4224000", "netInterestIncome": "-11058000", "interestIncome": "-6834000", "interestExpense": "11058000", "nonInterestIncome": "786658000", "otherNonOperatingIncome": "374000", "depreciation": "19278000", "depreciationAndAmortization": "2687000", "incomeBeforeTax": "257251000", "incomeTaxExpense": "38940000", "interestAndDebtExpense": "11058000", "netIncomeFromContinuingOperations": "218311000", "comprehensiveIncomeNetOfTax": "227044000", "ebit": "263711000", "ebitda": "270996000", "netIncome": "218311000"}, {"fiscalDateEnding": "2020-09-30", "reportedCurrency": "USD", "grossProfit": "432439000", "totalRevenue": "582869000", "costOfRevenue": "150430000", "costofGoodsAndServicesSold": "262342000", "operatingIncome": "158384000", "sellingGeneralAndAdministrative": "135430000", "researchAndDevelopment": "34971000", "operatingExpenses": "185401000", "investmentIncomeNet": "4007000", "netInterestIncome": "-10915000", "interestIncome": "-6908000", "interestExpense": "10915000", "nonInterestIncome": "593784000", "otherNonOperatingIncome": "-1039000", "depreciation": "16187000", "depreciationAndAmortization": "15000000", "incomeBeforeTax": "150437000", "incomeTaxExpense": "23668000", "interestAndDebtExpense": "10915000", "netIncomeFromContinuingOperations": "126769000", "comprehensiveIncomeNetOfTax": "126983000", "ebit": "158384000", "ebitda": "176352000", "netIncome": "126769000"}, {"fiscalDateEnding": "2020-06-30", "reportedCurrency": "USD", "grossProfit": "375517000", "totalRevenue": "506966000", "costOfRevenue": "131449000", "costofGoodsAndServicesSold": "213134000", "operatingIncome": "155114000", "sellingGeneralAndAdministrative": "117449000", "researchAndDevelopment": "31155000", "operatingExpenses": "169782000", "investmentIncomeNet": "4003000", "netInterestIncome": "-13018000", "interestIncome": "4003000", "interestExpense": "13018000", "nonInterestIncome": "519984000", "otherNonOperatingIncome": "-736000", "depreciation": "17512000", "depreciationAndAmortization": "14000000", "incomeBeforeTax": "145363000", "incomeTaxExpense": "22434000", "interestAndDebtExpense": "13018000", "netIncomeFromContinuingOperations": "122929000", "comprehensiveIncomeNetOfTax": "134456000", "ebit": "155114000", "ebitda": "172381000", "netIncome": "122929000"}, {"fiscalDateEnding": "2020-03-31", "reportedCurrency": "USD", "grossProfit": "290125000", "totalRevenue": "450860000", "costOfRevenue": "160735000", "costofGoodsAndServicesSold": "210644000", "operatingIncome": "68280000", "sellingGeneralAndAdministrative": "147735000", "researchAndDevelopment": "34989000", "operatingExpenses": "199896000", "investmentIncomeNet": "4036000", "netInterestIncome": "-14079000", "interestIncome": "4036000", "interestExpense": "14079000", "nonInterestIncome": "464939000", "otherNonOperatingIncome": "-374000", "depreciation": "15708000", "depreciationAndAmortization": "13000000", "incomeBeforeTax": "57863000", "incomeTaxExpense": "4301000", "interestAndDebtExpense": "14079000", "netIncomeFromContinuingOperations": "53562000", "comprehensiveIncomeNetOfTax": "34616000", "ebit": "68280000", "ebitda": "84942000", "netIncome": "53562000"}, {"fiscalDateEnding": "2019-12-31", "reportedCurrency": "USD", "grossProfit": "259266000", "totalRevenue": "702071000", "costOfRevenue": "442805000", "costofGoodsAndServicesSold": "299068000", "operatingIncome": "236417000", "sellingGeneralAndAdministrative": "141208000", "researchAndDevelopment": "37072000", "operatingExpenses": "180809000", "investmentIncomeNet": "4417000", "netInterestIncome": "-14223000", "interestIncome": "4417000", "interestExpense": "14223000", "nonInterestIncome": "716294000", "otherNonOperatingIncome": "-2223000", "depreciation": "11671000", "depreciationAndAmortization": "2529000", "incomeBeforeTax": "224388000", "incomeTaxExpense": "23719000", "interestAndDebtExpense": "14223000", "netIncomeFromContinuingOperations": "200669000", "comprehensiveIncomeNetOfTax": "200779000", "ebit": "236417000", "ebitda": "241140000", "netIncome": "200669000"}, {"fiscalDateEnding": "2019-09-30", "reportedCurrency": "USD", "grossProfit": "426786000", "totalRevenue": "565822000", "costOfRevenue": "139036000", "costofGoodsAndServicesSold": "241055000", "operatingIncome": "173235000", "sellingGeneralAndAdministrative": "126036000", "researchAndDevelopment": "34333000", "operatingExpenses": "173369000", "investmentIncomeNet": "3455000", "netInterestIncome": "-11456000", "interestIncome": "3455000", "interestExpense": "11456000", "nonInterestIncome": "577278000", "otherNonOperatingIncome": "2959000", "depreciation": "13464000", "depreciationAndAmortization": "13000000", "incomeBeforeTax": "164738000", "incomeTaxExpense": "26605000", "interestAndDebtExpense": "11456000", "netIncomeFromContinuingOperations": "138133000", "comprehensiveIncomeNetOfTax": "133648000", "ebit": "176194000", "ebitda": "202898000", "netIncome": "138133000"}, {"fiscalDateEnding": "2019-06-30", "reportedCurrency": "USD", "grossProfit": "441506000", "totalRevenue": "587714000", "costOfRevenue": "146208000", "costofGoodsAndServicesSold": "249546000", "operatingIncome": "177654000", "sellingGeneralAndAdministrative": "133208000", "researchAndDevelopment": "36490000", "operatingExpenses": "182698000", "investmentIncomeNet": "5871000", "netInterestIncome": "-11448000", "interestIncome": "5871000", "interestExpense": "11448000", "nonInterestIncome": "599162000", "otherNonOperatingIncome": "5529000", "depreciation": "16698000", "depreciationAndAmortization": "12000000", "incomeBeforeTax": "171735000", "incomeTaxExpense": "27325000", "interestAndDebtExpense": "11448000", "netIncomeFromContinuingOperations": "144410000", "comprehensiveIncomeNetOfTax": "137958000", "ebit": "183183000", "ebitda": "212034000", "netIncome": "144410000"}, {"fiscalDateEnding": "2019-03-31", "reportedCurrency": "USD", "grossProfit": "354960000", "totalRevenue": "502299000", "costOfRevenue": "147339000", "costofGoodsAndServicesSold": "221031000", "operatingIncome": "121151000", "sellingGeneralAndAdministrative": "134339000", "researchAndDevelopment": "35060000", "operatingExpenses": "184558000", "investmentIncomeNet": "8315000", "netInterestIncome": "-11563000", "interestIncome": "8315000", "interestExpense": "11563000", "nonInterestIncome": "513862000", "otherNonOperatingIncome": "7790000", "depreciation": "12006000", "depreciationAndAmortization": "13000000", "incomeBeforeTax": "117378000", "incomeTaxExpense": "11621000", "interestAndDebtExpense": "11563000", "netIncomeFromContinuingOperations": "108986000", "comprehensiveIncomeNetOfTax": "118313000", "ebit": "132170000", "ebitda": "156934000", "netIncome": "108986000"}, {"fiscalDateEnding": "2018-12-31", "reportedCurrency": "USD", "grossProfit": "271284000", "totalRevenue": "703343000", "costOfRevenue": "432059000", "costofGoodsAndServicesSold": "286869000", "operatingIncome": "244532000", "sellingGeneralAndAdministrative": "142853000", "researchAndDevelopment": "38106000", "operatingExpenses": "183618000", "investmentIncomeNet": "10451000", "netInterestIncome": "-11676000", "interestIncome": "None", "interestExpense": "11676000", "nonInterestIncome": "715019000", "otherNonOperatingIncome": "-45501000", "depreciation": "13242000", "depreciationAndAmortization": "2337000", "incomeBeforeTax": "197806000", "incomeTaxExpense": "12654000", "interestAndDebtExpense": "11676000", "netIncomeFromContinuingOperations": "185152000", "comprehensiveIncomeNetOfTax": "192974000", "ebit": "244532000", "ebitda": "211819000", "netIncome": "185152000"}, {"fiscalDateEnding": "2018-09-30", "reportedCurrency": "USD", "grossProfit": "427589000", "totalRevenue": "566586000", "costOfRevenue": "138997000", "costofGoodsAndServicesSold": "241100000", "operatingIncome": "171700000", "sellingGeneralAndAdministrative": "3000", "researchAndDevelopment": "35200000", "operatingExpenses": "175094000", "investmentIncomeNet": "9802000", "netInterestIncome": "-11435000", "interestIncome": "None", "interestExpense": "11435000", "nonInterestIncome": "578021000", "otherNonOperatingIncome": "8991000", "depreciation": "14125000", "depreciationAndAmortization": "12000000", "incomeBeforeTax": "169200000", "incomeTaxExpense": "26200000", "interestAndDebtExpense": "11435000", "netIncomeFromContinuingOperations": "141014000", "comprehensiveIncomeNetOfTax": "148122000", "ebit": "178635000", "ebitda": "205535000", "netIncome": "141014000"}, {"fiscalDateEnding": "2018-06-30", "reportedCurrency": "USD", "grossProfit": "435882000", "totalRevenue": "584527000", "costOfRevenue": "148645000", "costofGoodsAndServicesSold": "243135000", "operatingIncome": "179193000", "sellingGeneralAndAdministrative": "136645000", "researchAndDevelopment": "35644000", "operatingExpenses": "184289000", "investmentIncomeNet": "8888000", "netInterestIncome": "-11692000", "interestIncome": "None", "interestExpense": "11692000", "nonInterestIncome": "596219000", "otherNonOperatingIncome": "-1828000", "depreciation": "14502000", "depreciationAndAmortization": "12000000", "incomeBeforeTax": "174561000", "incomeTaxExpense": "18884000", "interestAndDebtExpense": "11692000", "netIncomeFromContinuingOperations": "155677000", "comprehensiveIncomeNetOfTax": "111407000", "ebit": "179193000", "ebitda": "198253000", "netIncome": "155677000"}, {"fiscalDateEnding": "2018-03-31", "reportedCurrency": "USD", "grossProfit": "152004000", "totalRevenue": "516832000", "costOfRevenue": "364828000", "costofGoodsAndServicesSold": "221421000", "operatingIncome": "144375000", "sellingGeneralAndAdministrative": "130407000", "researchAndDevelopment": "34480000", "operatingExpenses": "175159000", "investmentIncomeNet": "9666000", "netInterestIncome": "-13838000", "interestIncome": "None", "interestExpense": "13838000", "nonInterestIncome": "530670000", "otherNonOperatingIncome": "346000", "depreciation": "16083000", "depreciationAndAmortization": "13000000", "incomeBeforeTax": "140549000", "incomeTaxExpense": "28598000", "interestAndDebtExpense": "13838000", "netIncomeFromContinuingOperations": "111951000", "comprehensiveIncomeNetOfTax": "133387000", "ebit": "144375000", "ebitda": "167387000", "netIncome": "111951000"}, {"fiscalDateEnding": "2017-12-31", "reportedCurrency": "USD", "grossProfit": "251107000", "totalRevenue": "671994000", "costOfRevenue": "420887000", "costofGoodsAndServicesSold": "270453000", "operatingIncome": "230574000", "sellingGeneralAndAdministrative": "148391000", "researchAndDevelopment": "35122000", "operatingExpenses": "186652000", "investmentIncomeNet": "10849000", "netInterestIncome": "-15281000", "interestIncome": "None", "interestExpense": "15281000", "nonInterestIncome": "687275000", "otherNonOperatingIncome": "-404000", "depreciation": "15996000", "depreciationAndAmortization": "1639000", "incomeBeforeTax": "225738000", "incomeTaxExpense": "578910000", "interestAndDebtExpense": "15281000", "netIncomeFromContinuingOperations": "-353172000", "comprehensiveIncomeNetOfTax": "-342812000", "ebit": "230574000", "ebitda": "242658000", "netIncome": "-353172000"}, {"fiscalDateEnding": "2017-09-30", "reportedCurrency": "USD", "grossProfit": "168748000", "totalRevenue": "550834000", "costOfRevenue": "382086000", "costofGoodsAndServicesSold": "235892000", "operatingIncome": "159022000", "sellingGeneralAndAdministrative": "135206000", "researchAndDevelopment": "33782000", "operatingExpenses": "179976000", "investmentIncomeNet": "9516000", "netInterestIncome": "-14750000", "interestIncome": "None", "interestExpense": "14750000", "nonInterestIncome": "565584000", "otherNonOperatingIncome": "12000", "depreciation": "14658000", "depreciationAndAmortization": "11000000", "incomeBeforeTax": "153800000", "incomeTaxExpense": "17696000", "interestAndDebtExpense": "14750000", "netIncomeFromContinuingOperations": "136104000", "comprehensiveIncomeNetOfTax": "163452000", "ebit": "159022000", "ebitda": "179550000", "netIncome": "136104000"}, {"fiscalDateEnding": "2017-06-30", "reportedCurrency": "USD", "grossProfit": "182657000", "totalRevenue": "544167000", "costOfRevenue": "361510000", "costofGoodsAndServicesSold": "229600000", "operatingIncome": "153882000", "sellingGeneralAndAdministrative": "130093000", "researchAndDevelopment": "32937000", "operatingExpenses": "174838000", "investmentIncomeNet": "8370000", "netInterestIncome": "-14083000", "interestIncome": "None", "interestExpense": "14083000", "nonInterestIncome": "558250000", "otherNonOperatingIncome": "-97000", "depreciation": "18013000", "depreciationAndAmortization": "1693000", "incomeBeforeTax": "148072000", "incomeTaxExpense": "16250000", "interestAndDebtExpense": "14083000", "netIncomeFromContinuingOperations": "131822000", "comprehensiveIncomeNetOfTax": "170584000", "ebit": "153882000", "ebitda": "163848000", "netIncome": "131822000"}, {"fiscalDateEnding": "2017-03-31", "reportedCurrency": "USD", "grossProfit": "141896000", "totalRevenue": "485244000", "costOfRevenue": "343348000", "costofGoodsAndServicesSold": "211100000", "operatingIncome": "118700000", "sellingGeneralAndAdministrative": "-8824000", "researchAndDevelopment": "35800000", "operatingExpenses": "163005000", "investmentIncomeNet": "7343000", "netInterestIncome": "-12725000", "interestIncome": "None", "interestExpense": "12725000", "nonInterestIncome": "None", "otherNonOperatingIncome": "7343000", "depreciation": "12783000", "depreciationAndAmortization": "1729000", "incomeBeforeTax": "113487000", "incomeTaxExpense": "7900000", "interestAndDebtExpense": "12725000", "netIncomeFromContinuingOperations": "105557000", "comprehensiveIncomeNetOfTax": "135300000", "ebit": "118720000", "ebitda": "127941000", "netIncome": "105557000"}, {"fiscalDateEnding": "2016-12-31", "reportedCurrency": "USD", "grossProfit": "232510000", "totalRevenue": "616685000", "costOfRevenue": "384175000", "costofGoodsAndServicesSold": "251579000", "operatingIncome": "208335000", "sellingGeneralAndAdministrative": "130238000", "researchAndDevelopment": "32753000", "operatingExpenses": "168873000", "investmentIncomeNet": "6346000", "netInterestIncome": "-12102000", "interestIncome": "None", "interestExpense": "12102000", "nonInterestIncome": "None", "otherNonOperatingIncome": "6346000", "depreciation": "12830000", "depreciationAndAmortization": "2358000", "incomeBeforeTax": "202579000", "incomeTaxExpense": "28201000", "interestAndDebtExpense": "12102000", "netIncomeFromContinuingOperations": "174378000", "comprehensiveIncomeNetOfTax": "113502000", "ebit": "208335000", "ebitda": "217039000", "netIncome": "174378000"}]}