{"symbol": "WHR", "annualReports": [{"fiscalDateEnding": "2020-12-31", "reportedCurrency": "USD", "grossProfit": "3850000000", "totalRevenue": "19274000000", "costOfRevenue": "18346000000", "costofGoodsAndServicesSold": "15606000000", "operatingIncome": "1623000000", "sellingGeneralAndAdministrative": "1877000000", "researchAndDevelopment": "455000000", "operatingExpenses": "3120000000", "investmentIncomeNet": "None", "netInterestIncome": "-189000000", "interestIncome": "21000000", "interestExpense": "189000000", "nonInterestIncome": "19463000000", "otherNonOperatingIncome": "None", "depreciation": "506000000", "depreciationAndAmortization": "568000000", "incomeBeforeTax": "1465000000", "incomeTaxExpense": "384000000", "interestAndDebtExpense": "189000000", "netIncomeFromContinuingOperations": "1071000000", "comprehensiveIncomeNetOfTax": "888000000", "ebit": "1654000000", "ebitda": "2222000000", "netIncome": "1081000000"}, {"fiscalDateEnding": "2019-12-31", "reportedCurrency": "USD", "grossProfit": "3533000000", "totalRevenue": "20669000000", "costOfRevenue": "19803000000", "costofGoodsAndServicesSold": "16886000000", "operatingIncome": "1571000000", "sellingGeneralAndAdministrative": "2142000000", "researchAndDevelopment": "541000000", "operatingExpenses": "3089000000", "investmentIncomeNet": "None", "netInterestIncome": "-187000000", "interestIncome": "168000000", "interestExpense": "187000000", "nonInterestIncome": "20856000000", "otherNonOperatingIncome": "168000000", "depreciation": "518000000", "depreciationAndAmortization": "587000000", "incomeBeforeTax": "1538000000", "incomeTaxExpense": "354000000", "interestAndDebtExpense": "187000000", "netIncomeFromContinuingOperations": "1198000000", "comprehensiveIncomeNetOfTax": "1261000000", "ebit": "1725000000", "ebitda": "2312000000", "netIncome": "1184000000"}, {"fiscalDateEnding": "2018-12-31", "reportedCurrency": "USD", "grossProfit": "3537000000", "totalRevenue": "20845000000", "costOfRevenue": "21328000000", "costofGoodsAndServicesSold": "17500000000", "operatingIncome": "279000000", "sellingGeneralAndAdministrative": "2189000000", "researchAndDevelopment": "572000000", "operatingExpenses": "4400000000", "investmentIncomeNet": "None", "netInterestIncome": "-192000000", "interestIncome": "-108000000", "interestExpense": "192000000", "nonInterestIncome": "21037000000", "otherNonOperatingIncome": "-108000000", "depreciation": "570000000", "depreciationAndAmortization": "645000000", "incomeBeforeTax": "-45000000", "incomeTaxExpense": "138000000", "interestAndDebtExpense": "192000000", "netIncomeFromContinuingOperations": "-159000000", "comprehensiveIncomeNetOfTax": "-530000000", "ebit": "147000000", "ebitda": "792000000", "netIncome": "-183000000"}, {"fiscalDateEnding": "2017-12-31", "reportedCurrency": "USD", "grossProfit": "3602000000", "totalRevenue": "21253000000", "costOfRevenue": "17651000000", "costofGoodsAndServicesSold": "17651000000", "operatingIncome": "1136000000", "sellingGeneralAndAdministrative": "2112000000", "researchAndDevelopment": "596000000", "operatingExpenses": "3637000000", "investmentIncomeNet": "None", "netInterestIncome": "-162000000", "interestIncome": "-249000000", "interestExpense": "162000000", "nonInterestIncome": "21253000000", "otherNonOperatingIncome": "-87000000", "depreciation": "575000000", "depreciationAndAmortization": "654000000", "incomeBeforeTax": "900000000", "incomeTaxExpense": "550000000", "interestAndDebtExpense": "162000000", "netIncomeFromContinuingOperations": "337000000", "comprehensiveIncomeNetOfTax": "419000000", "ebit": "1062000000", "ebitda": "1716000000", "netIncome": "350000000"}, {"fiscalDateEnding": "2016-12-31", "reportedCurrency": "USD", "grossProfit": "3692000000", "totalRevenue": "20718000000", "costOfRevenue": "17026000000", "costofGoodsAndServicesSold": "17026000000", "operatingIncome": "1368000000", "sellingGeneralAndAdministrative": "2080000000", "researchAndDevelopment": "604000000", "operatingExpenses": "3516000000", "investmentIncomeNet": "None", "netInterestIncome": "-161000000", "interestIncome": "-254000000", "interestExpense": "161000000", "nonInterestIncome": "20718000000", "otherNonOperatingIncome": "-79000000", "depreciation": "584000000", "depreciationAndAmortization": "655000000", "incomeBeforeTax": "1074000000", "incomeTaxExpense": "186000000", "interestAndDebtExpense": "161000000", "netIncomeFromContinuingOperations": "928000000", "comprehensiveIncomeNetOfTax": "820000000", "ebit": "1235000000", "ebitda": "1890000000", "netIncome": "888000000"}], "quarterlyReports": [{"fiscalDateEnding": "2021-09-30", "reportedCurrency": "USD", "grossProfit": "1108000000", "totalRevenue": "5429000000", "costOfRevenue": "4921000000", "costofGoodsAndServicesSold": "4380000000", "operatingIncome": "552000000", "sellingGeneralAndAdministrative": "524000000", "researchAndDevelopment": "None", "operatingExpenses": "556000000", "investmentIncomeNet": "None", "netInterestIncome": "-44000000", "interestIncome": "78000000", "interestExpense": "44000000", "nonInterestIncome": "5473000000", "otherNonOperatingIncome": "78000000", "depreciation": "None", "depreciationAndAmortization": "119000000", "incomeBeforeTax": "571000000", "incomeTaxExpense": "100000000", "interestAndDebtExpense": "44000000", "netIncomeFromContinuingOperations": "486000000", "comprehensiveIncomeNetOfTax": "517000000", "ebit": "615000000", "ebitda": "734000000", "netIncome": "471000000"}, {"fiscalDateEnding": "2021-06-30", "reportedCurrency": "USD", "grossProfit": "1090000000", "totalRevenue": "5399000000", "costOfRevenue": "4761000000", "costofGoodsAndServicesSold": "4234000000", "operatingIncome": "683000000", "sellingGeneralAndAdministrative": "509000000", "researchAndDevelopment": "None", "operatingExpenses": "407000000", "investmentIncomeNet": "None", "netInterestIncome": "-45000000", "interestIncome": "-9000000", "interestExpense": "45000000", "nonInterestIncome": "5444000000", "otherNonOperatingIncome": "36000000", "depreciation": "None", "depreciationAndAmortization": "118000000", "incomeBeforeTax": "675000000", "incomeTaxExpense": "94000000", "interestAndDebtExpense": "45000000", "netIncomeFromContinuingOperations": "580000000", "comprehensiveIncomeNetOfTax": "810000000", "ebit": "720000000", "ebitda": "838000000", "netIncome": "581000000"}, {"fiscalDateEnding": "2021-03-31", "reportedCurrency": "USD", "grossProfit": "1148000000", "totalRevenue": "5313000000", "costOfRevenue": "4864000000", "costofGoodsAndServicesSold": "4210000000", "operatingIncome": "618000000", "sellingGeneralAndAdministrative": "493000000", "researchAndDevelopment": "None", "operatingExpenses": "654000000", "investmentIncomeNet": "None", "netInterestIncome": "-45000000", "interestIncome": "-19000000", "interestExpense": "45000000", "nonInterestIncome": "5358000000", "otherNonOperatingIncome": "26000000", "depreciation": "None", "depreciationAndAmortization": "141000000", "incomeBeforeTax": "592000000", "incomeTaxExpense": "159000000", "interestAndDebtExpense": "45000000", "netIncomeFromContinuingOperations": "440000000", "comprehensiveIncomeNetOfTax": "557000000", "ebit": "637000000", "ebitda": "778000000", "netIncome": "433000000"}, {"fiscalDateEnding": "2020-12-31", "reportedCurrency": "USD", "grossProfit": "1364000000", "totalRevenue": "5798000000", "costOfRevenue": "4434000000", "costofGoodsAndServicesSold": "4434000000", "operatingIncome": "716000000", "sellingGeneralAndAdministrative": "523000000", "researchAndDevelopment": "None", "operatingExpenses": "-89000000", "investmentIncomeNet": "None", "netInterestIncome": "-47000000", "interestIncome": "-63000000", "interestExpense": "47000000", "nonInterestIncome": "5798000000", "otherNonOperatingIncome": "None", "depreciation": "None", "depreciationAndAmortization": "154000000", "incomeBeforeTax": "648000000", "incomeTaxExpense": "151000000", "interestAndDebtExpense": "47000000", "netIncomeFromContinuingOperations": "699000000", "comprehensiveIncomeNetOfTax": "438000000", "ebit": "695000000", "ebitda": "849000000", "netIncome": "497000000"}, {"fiscalDateEnding": "2020-09-30", "reportedCurrency": "USD", "grossProfit": "1148000000", "totalRevenue": "5247000000", "costOfRevenue": "4728000000", "costofGoodsAndServicesSold": "4143000000", "operatingIncome": "563000000", "sellingGeneralAndAdministrative": "513000000", "researchAndDevelopment": "None", "operatingExpenses": "585000000", "investmentIncomeNet": "None", "netInterestIncome": "-51000000", "interestIncome": "-29000000", "interestExpense": "51000000", "nonInterestIncome": "5298000000", "otherNonOperatingIncome": "22000000", "depreciation": "None", "depreciationAndAmortization": "146000000", "incomeBeforeTax": "540000000", "incomeTaxExpense": "141000000", "interestAndDebtExpense": "51000000", "netIncomeFromContinuingOperations": "398000000", "comprehensiveIncomeNetOfTax": "374000000", "ebit": "591000000", "ebitda": "737000000", "netIncome": "392000000"}, {"fiscalDateEnding": "2020-06-30", "reportedCurrency": "USD", "grossProfit": "625000000", "totalRevenue": "3993000000", "costOfRevenue": "3965000000", "costofGoodsAndServicesSold": "3417000000", "operatingIncome": "71000000", "sellingGeneralAndAdministrative": "421000000", "researchAndDevelopment": "None", "operatingExpenses": "554000000", "investmentIncomeNet": "None", "netInterestIncome": "-49000000", "interestIncome": "15000000", "interestExpense": "49000000", "nonInterestIncome": "4042000000", "otherNonOperatingIncome": "15000000", "depreciation": "None", "depreciationAndAmortization": "133000000", "incomeBeforeTax": "53000000", "incomeTaxExpense": "17000000", "interestAndDebtExpense": "49000000", "netIncomeFromContinuingOperations": "25000000", "comprehensiveIncomeNetOfTax": "19000000", "ebit": "102000000", "ebitda": "235000000", "netIncome": "30000000"}, {"fiscalDateEnding": "2020-03-31", "reportedCurrency": "USD", "grossProfit": "703000000", "totalRevenue": "4283000000", "costOfRevenue": "4185000000", "costofGoodsAndServicesSold": "3622000000", "operatingIncome": "263000000", "sellingGeneralAndAdministrative": "420000000", "researchAndDevelopment": "None", "operatingExpenses": "560000000", "investmentIncomeNet": "None", "netInterestIncome": "-42000000", "interestIncome": "1000000", "interestExpense": "42000000", "nonInterestIncome": "4325000000", "otherNonOperatingIncome": "1000000", "depreciation": "None", "depreciationAndAmortization": "135000000", "incomeBeforeTax": "227000000", "incomeTaxExpense": "73000000", "interestAndDebtExpense": "42000000", "netIncomeFromContinuingOperations": "147000000", "comprehensiveIncomeNetOfTax": "57000000", "ebit": "269000000", "ebitda": "404000000", "netIncome": "154000000"}, {"fiscalDateEnding": "2019-12-31", "reportedCurrency": "USD", "grossProfit": "1048000000", "totalRevenue": "5382000000", "costOfRevenue": "4334000000", "costofGoodsAndServicesSold": "4334000000", "operatingIncome": "424000000", "sellingGeneralAndAdministrative": "562000000", "researchAndDevelopment": "None", "operatingExpenses": "-88000000", "investmentIncomeNet": "None", "netInterestIncome": "-39000000", "interestIncome": "-54000000", "interestExpense": "39000000", "nonInterestIncome": "5382000000", "otherNonOperatingIncome": "-54000000", "depreciation": "None", "depreciationAndAmortization": "144000000", "incomeBeforeTax": "331000000", "incomeTaxExpense": "43000000", "interestAndDebtExpense": "39000000", "netIncomeFromContinuingOperations": "370000000", "comprehensiveIncomeNetOfTax": "273000000", "ebit": "370000000", "ebitda": "514000000", "netIncome": "288000000"}, {"fiscalDateEnding": "2019-09-30", "reportedCurrency": "USD", "grossProfit": "741000000", "totalRevenue": "5562000000", "costOfRevenue": "4914000000", "costofGoodsAndServicesSold": "4350000000", "operatingIncome": "693000000", "sellingGeneralAndAdministrative": "491000000", "researchAndDevelopment": "None", "operatingExpenses": "48000000", "investmentIncomeNet": "None", "netInterestIncome": "-45000000", "interestIncome": "29000000", "interestExpense": "45000000", "nonInterestIncome": "5607000000", "otherNonOperatingIncome": "29000000", "depreciation": "None", "depreciationAndAmortization": "141000000", "incomeBeforeTax": "671000000", "incomeTaxExpense": "313000000", "interestAndDebtExpense": "45000000", "netIncomeFromContinuingOperations": "364000000", "comprehensiveIncomeNetOfTax": "413000000", "ebit": "716000000", "ebitda": "857000000", "netIncome": "358000000"}, {"fiscalDateEnding": "2019-06-30", "reportedCurrency": "USD", "grossProfit": "932000000", "totalRevenue": "5055000000", "costOfRevenue": "4916000000", "costofGoodsAndServicesSold": "4254000000", "operatingIncome": "191000000", "sellingGeneralAndAdministrative": "584000000", "researchAndDevelopment": "None", "operatingExpenses": "741000000", "investmentIncomeNet": "None", "netInterestIncome": "-52000000", "interestIncome": "63000000", "interestExpense": "52000000", "nonInterestIncome": "5107000000", "otherNonOperatingIncome": "63000000", "depreciation": "None", "depreciationAndAmortization": "160000000", "incomeBeforeTax": "197000000", "incomeTaxExpense": "130000000", "interestAndDebtExpense": "52000000", "netIncomeFromContinuingOperations": "72000000", "comprehensiveIncomeNetOfTax": "11000000", "ebit": "249000000", "ebitda": "409000000", "netIncome": "67000000"}, {"fiscalDateEnding": "2019-03-31", "reportedCurrency": "USD", "grossProfit": "812000000", "totalRevenue": "4709000000", "costOfRevenue": "4621000000", "costofGoodsAndServicesSold": "3948000000", "operatingIncome": "263000000", "sellingGeneralAndAdministrative": "505000000", "researchAndDevelopment": "None", "operatingExpenses": "673000000", "investmentIncomeNet": "None", "netInterestIncome": "-51000000", "interestIncome": "130000000", "interestExpense": "51000000", "nonInterestIncome": "4760000000", "otherNonOperatingIncome": "130000000", "depreciation": "None", "depreciationAndAmortization": "142000000", "incomeBeforeTax": "339000000", "incomeTaxExpense": "-132000000", "interestAndDebtExpense": "51000000", "netIncomeFromContinuingOperations": "474000000", "comprehensiveIncomeNetOfTax": "564000000", "ebit": "390000000", "ebitda": "532000000", "netIncome": "471000000"}, {"fiscalDateEnding": "2018-12-31", "reportedCurrency": "USD", "grossProfit": "950000000", "totalRevenue": "5660000000", "costOfRevenue": "4710000000", "costofGoodsAndServicesSold": "4710000000", "operatingIncome": "309000000", "sellingGeneralAndAdministrative": "593000000", "researchAndDevelopment": "572000000", "operatingExpenses": "1377000000", "investmentIncomeNet": "None", "netInterestIncome": "-51000000", "interestIncome": "None", "interestExpense": "51000000", "nonInterestIncome": "5660000000", "otherNonOperatingIncome": "-2000000", "depreciation": "None", "depreciationAndAmortization": "154000000", "incomeBeforeTax": "256000000", "incomeTaxExpense": "86000000", "interestAndDebtExpense": "51000000", "netIncomeFromContinuingOperations": "307000000", "comprehensiveIncomeNetOfTax": "67000000", "ebit": "307000000", "ebitda": "461000000", "netIncome": "170000000"}, {"fiscalDateEnding": "2018-09-30", "reportedCurrency": "USD", "grossProfit": "895000000", "totalRevenue": "5274000000", "costOfRevenue": "5027000000", "costofGoodsAndServicesSold": "4431000000", "operatingIncome": "299000000", "sellingGeneralAndAdministrative": "550000000", "researchAndDevelopment": "None", "operatingExpenses": "596000000", "investmentIncomeNet": "None", "netInterestIncome": "-52000000", "interestIncome": "None", "interestExpense": "52000000", "nonInterestIncome": "5326000000", "otherNonOperatingIncome": "-24000000", "depreciation": "None", "depreciationAndAmortization": "152000000", "incomeBeforeTax": "217000000", "incomeTaxExpense": "7000000", "interestAndDebtExpense": "52000000", "netIncomeFromContinuingOperations": "216000000", "comprehensiveIncomeNetOfTax": "124000000", "ebit": "269000000", "ebitda": "421000000", "netIncome": "210000000"}, {"fiscalDateEnding": "2018-06-30", "reportedCurrency": "USD", "grossProfit": "880000000", "totalRevenue": "5093000000", "costOfRevenue": "5612000000", "costofGoodsAndServicesSold": "4260000000", "operatingIncome": "-472000000", "sellingGeneralAndAdministrative": "541000000", "researchAndDevelopment": "None", "operatingExpenses": "1352000000", "investmentIncomeNet": "None", "netInterestIncome": "-47000000", "interestIncome": "None", "interestExpense": "47000000", "nonInterestIncome": "5140000000", "otherNonOperatingIncome": "-90000000", "depreciation": "None", "depreciationAndAmortization": "162000000", "incomeBeforeTax": "-627000000", "incomeTaxExpense": "30000000", "interestAndDebtExpense": "47000000", "netIncomeFromContinuingOperations": "-639000000", "comprehensiveIncomeNetOfTax": "-820000000", "ebit": "-580000000", "ebitda": "-418000000", "netIncome": "-657000000"}, {"fiscalDateEnding": "2018-03-31", "reportedCurrency": "USD", "grossProfit": "812000000", "totalRevenue": "4911000000", "costOfRevenue": "4099000000", "costofGoodsAndServicesSold": "4099000000", "operatingIncome": "143000000", "sellingGeneralAndAdministrative": "505000000", "researchAndDevelopment": "None", "operatingExpenses": "826000000", "investmentIncomeNet": "None", "netInterestIncome": "-42000000", "interestIncome": "None", "interestExpense": "42000000", "nonInterestIncome": "4911000000", "otherNonOperatingIncome": "8000000", "depreciation": "None", "depreciationAndAmortization": "177000000", "incomeBeforeTax": "109000000", "incomeTaxExpense": "15000000", "interestAndDebtExpense": "42000000", "netIncomeFromContinuingOperations": "94000000", "comprehensiveIncomeNetOfTax": "99000000", "ebit": "151000000", "ebitda": "328000000", "netIncome": "94000000"}, {"fiscalDateEnding": "2017-12-31", "reportedCurrency": "USD", "grossProfit": "985000000", "totalRevenue": "5702000000", "costOfRevenue": "4717000000", "costofGoodsAndServicesSold": "4717000000", "operatingIncome": "267000000", "sellingGeneralAndAdministrative": "566000000", "researchAndDevelopment": "596000000", "operatingExpenses": "1454000000", "investmentIncomeNet": "None", "netInterestIncome": "-40000000", "interestIncome": "None", "interestExpense": "40000000", "nonInterestIncome": "5702000000", "otherNonOperatingIncome": "-18000000", "depreciation": "None", "depreciationAndAmortization": "167000000", "incomeBeforeTax": "213000000", "incomeTaxExpense": "481000000", "interestAndDebtExpense": "40000000", "netIncomeFromContinuingOperations": "249000000", "comprehensiveIncomeNetOfTax": "-284000000", "ebit": "253000000", "ebitda": "420000000", "netIncome": "-268000000"}, {"fiscalDateEnding": "2017-09-30", "reportedCurrency": "USD", "grossProfit": "915000000", "totalRevenue": "5418000000", "costOfRevenue": "4503000000", "costofGoodsAndServicesSold": "4503000000", "operatingIncome": "331000000", "sellingGeneralAndAdministrative": "521000000", "researchAndDevelopment": "None", "operatingExpenses": "584000000", "investmentIncomeNet": "None", "netInterestIncome": "-42000000", "interestIncome": "None", "interestExpense": "42000000", "nonInterestIncome": "5418000000", "otherNonOperatingIncome": "-21000000", "depreciation": "None", "depreciationAndAmortization": "168000000", "incomeBeforeTax": "272000000", "incomeTaxExpense": "-4000000", "interestAndDebtExpense": "42000000", "netIncomeFromContinuingOperations": "272000000", "comprehensiveIncomeNetOfTax": "290000000", "ebit": "314000000", "ebitda": "482000000", "netIncome": "276000000"}, {"fiscalDateEnding": "2017-06-30", "reportedCurrency": "USD", "grossProfit": "876000000", "totalRevenue": "5308000000", "costOfRevenue": "5073000000", "costofGoodsAndServicesSold": "4471000000", "operatingIncome": "274000000", "sellingGeneralAndAdministrative": "526000000", "researchAndDevelopment": "None", "operatingExpenses": "602000000", "investmentIncomeNet": "None", "netInterestIncome": "-39000000", "interestIncome": "None", "interestExpense": "39000000", "nonInterestIncome": "5347000000", "otherNonOperatingIncome": "-23000000", "depreciation": "None", "depreciationAndAmortization": "156000000", "incomeBeforeTax": "222000000", "incomeTaxExpense": "33000000", "interestAndDebtExpense": "39000000", "netIncomeFromContinuingOperations": "179000000", "comprehensiveIncomeNetOfTax": "180000000", "ebit": "261000000", "ebitda": "417000000", "netIncome": "189000000"}, {"fiscalDateEnding": "2017-03-31", "reportedCurrency": "USD", "grossProfit": "826000000", "totalRevenue": "4786000000", "costOfRevenue": "3960000000", "costofGoodsAndServicesSold": "3960000000", "operatingIncome": "264000000", "sellingGeneralAndAdministrative": "499000000", "researchAndDevelopment": "None", "operatingExpenses": "708000000", "investmentIncomeNet": "None", "netInterestIncome": "-41000000", "interestIncome": "None", "interestExpense": "41000000", "nonInterestIncome": "4786000000", "otherNonOperatingIncome": "-25000000", "depreciation": "None", "depreciationAndAmortization": "163000000", "incomeBeforeTax": "193000000", "incomeTaxExpense": "40000000", "interestAndDebtExpense": "41000000", "netIncomeFromContinuingOperations": "158000000", "comprehensiveIncomeNetOfTax": "233000000", "ebit": "234000000", "ebitda": "397000000", "netIncome": "153000000"}, {"fiscalDateEnding": "2016-12-31", "reportedCurrency": "USD", "grossProfit": "960000000", "totalRevenue": "5656000000", "costOfRevenue": "4696000000", "costofGoodsAndServicesSold": "4691000000", "operatingIncome": "341000000", "sellingGeneralAndAdministrative": "545000000", "researchAndDevelopment": "604000000", "operatingExpenses": "1366000000", "investmentIncomeNet": "None", "netInterestIncome": "-43000000", "interestIncome": "None", "interestExpense": "43000000", "nonInterestIncome": "None", "otherNonOperatingIncome": "16000000", "depreciation": "None", "depreciationAndAmortization": "159000000", "incomeBeforeTax": "302000000", "incomeTaxExpense": "122000000", "interestAndDebtExpense": "43000000", "netIncomeFromContinuingOperations": "351000000", "comprehensiveIncomeNetOfTax": "-46000000", "ebit": "345000000", "ebitda": "504000000", "netIncome": "180000000"}]}