{"symbol": "WLTW", "annualReports": [{"fiscalDateEnding": "2020-12-31", "reportedCurrency": "USD", "grossProfit": "3571000000", "totalRevenue": "9352000000", "costOfRevenue": "5781000000", "costofGoodsAndServicesSold": "5507000000", "operatingIncome": "1183000000", "sellingGeneralAndAdministrative": "90000000", "researchAndDevelopment": "None", "operatingExpenses": "2284000000", "investmentIncomeNet": "None", "netInterestIncome": "-244000000", "interestIncome": "None", "interestExpense": "244000000", "nonInterestIncome": "9373000000", "otherNonOperatingIncome": "399000000", "depreciation": "308000000", "depreciationAndAmortization": "464000000", "incomeBeforeTax": "1314000000", "incomeTaxExpense": "318000000", "interestAndDebtExpense": "244000000", "netIncomeFromContinuingOperations": "1020000000", "comprehensiveIncomeNetOfTax": "864000000", "ebit": "1558000000", "ebitda": "2022000000", "netIncome": "996000000"}, {"fiscalDateEnding": "2019-12-31", "reportedCurrency": "USD", "grossProfit": "3225000000", "totalRevenue": "9039000000", "costOfRevenue": "5814000000", "costofGoodsAndServicesSold": "5249000000", "operatingIncome": "1329000000", "sellingGeneralAndAdministrative": "74000000", "researchAndDevelopment": "None", "operatingExpenses": "2295000000", "investmentIncomeNet": "21000000", "netInterestIncome": "-234000000", "interestIncome": "-239000000", "interestExpense": "234000000", "nonInterestIncome": "8913000000", "otherNonOperatingIncome": "227000000", "depreciation": "240000000", "depreciationAndAmortization": "491000000", "incomeBeforeTax": "1293000000", "incomeTaxExpense": "249000000", "interestAndDebtExpense": "234000000", "netIncomeFromContinuingOperations": "1073000000", "comprehensiveIncomeNetOfTax": "814000000", "ebit": "1527000000", "ebitda": "2018000000", "netIncome": "1044000000"}, {"fiscalDateEnding": "2018-12-31", "reportedCurrency": "USD", "grossProfit": "2324000000", "totalRevenue": "8513000000", "costOfRevenue": "6189000000", "costofGoodsAndServicesSold": "5123000000", "operatingIncome": "809000000", "sellingGeneralAndAdministrative": "330000000", "researchAndDevelopment": "None", "operatingExpenses": "7704000000", "investmentIncomeNet": "3000000", "netInterestIncome": "-208000000", "interestIncome": "-229000000", "interestExpense": "208000000", "nonInterestIncome": "8378000000", "otherNonOperatingIncome": "250000000", "depreciation": "213000000", "depreciationAndAmortization": "534000000", "incomeBeforeTax": "831000000", "incomeTaxExpense": "136000000", "interestAndDebtExpense": "208000000", "netIncomeFromContinuingOperations": "715000000", "comprehensiveIncomeNetOfTax": "247000000", "ebit": "1039000000", "ebitda": "1573000000", "netIncome": "695000000"}, {"fiscalDateEnding": "2017-12-31", "reportedCurrency": "USD", "grossProfit": "2510000000", "totalRevenue": "8202000000", "costOfRevenue": "5427000000", "costofGoodsAndServicesSold": "4745000000", "operatingIncome": "516000000", "sellingGeneralAndAdministrative": "5026000000", "researchAndDevelopment": "None", "operatingExpenses": "7686000000", "investmentIncomeNet": "3000000", "netInterestIncome": "-188000000", "interestIncome": "-259000000", "interestExpense": "188000000", "nonInterestIncome": "-77000000", "otherNonOperatingIncome": "164000000", "depreciation": "252000000", "depreciationAndAmortization": "581000000", "incomeBeforeTax": "468000000", "incomeTaxExpense": "-100000000", "interestAndDebtExpense": "188000000", "netIncomeFromContinuingOperations": "793000000", "comprehensiveIncomeNetOfTax": "939000000", "ebit": "656000000", "ebitda": "1237000000", "netIncome": "568000000"}, {"fiscalDateEnding": "2016-12-31", "reportedCurrency": "USD", "grossProfit": "1839000000", "totalRevenue": "7887000000", "costOfRevenue": "5892000000", "costofGoodsAndServicesSold": "4646000000", "operatingIncome": "348000000", "sellingGeneralAndAdministrative": "4931000000", "researchAndDevelopment": "None", "operatingExpenses": "7539000000", "investmentIncomeNet": "2000000", "netInterestIncome": "-184000000", "interestIncome": "-211000000", "interestExpense": "184000000", "nonInterestIncome": "28000000", "otherNonOperatingIncome": "178000000", "depreciation": "178000000", "depreciationAndAmortization": "591000000", "incomeBeforeTax": "324000000", "incomeTaxExpense": "-96000000", "interestAndDebtExpense": "184000000", "netIncomeFromContinuingOperations": "438000000", "comprehensiveIncomeNetOfTax": "-427000000", "ebit": "508000000", "ebitda": "1099000000", "netIncome": "420000000"}], "quarterlyReports": [{"fiscalDateEnding": "2021-09-30", "reportedCurrency": "USD", "grossProfit": "712000000", "totalRevenue": "1973000000", "costOfRevenue": "1261000000", "costofGoodsAndServicesSold": "842000000", "operatingIncome": "1131000000", "sellingGeneralAndAdministrative": "1640000000", "researchAndDevelopment": "None", "operatingExpenses": "470000000", "investmentIncomeNet": "None", "netInterestIncome": "-50000000", "interestIncome": "None", "interestExpense": "50000000", "nonInterestIncome": "1952000000", "otherNonOperatingIncome": "105000000", "depreciation": "69000000", "depreciationAndAmortization": "85000000", "incomeBeforeTax": "1170000000", "incomeTaxExpense": "267000000", "interestAndDebtExpense": "50000000", "netIncomeFromContinuingOperations": "915000000", "comprehensiveIncomeNetOfTax": "822000000", "ebit": "1220000000", "ebitda": "1305000000", "netIncome": "903000000"}, {"fiscalDateEnding": "2021-06-30", "reportedCurrency": "USD", "grossProfit": "852000000", "totalRevenue": "2286000000", "costOfRevenue": "1434000000", "costofGoodsAndServicesSold": "2026000000", "operatingIncome": "260000000", "sellingGeneralAndAdministrative": "1805000000", "researchAndDevelopment": "None", "operatingExpenses": "497000000", "investmentIncomeNet": "None", "netInterestIncome": "-52000000", "interestIncome": "None", "interestExpense": "52000000", "nonInterestIncome": "2247000000", "otherNonOperatingIncome": "74000000", "depreciation": "72000000", "depreciationAndAmortization": "99000000", "incomeBeforeTax": "280000000", "incomeTaxExpense": "96000000", "interestAndDebtExpense": "52000000", "netIncomeFromContinuingOperations": "186000000", "comprehensiveIncomeNetOfTax": "217000000", "ebit": "332000000", "ebitda": "431000000", "netIncome": "184000000"}, {"fiscalDateEnding": "2021-03-31", "reportedCurrency": "USD", "grossProfit": "1040000000", "totalRevenue": "2590000000", "costOfRevenue": "1550000000", "costofGoodsAndServicesSold": "2138000000", "operatingIncome": "452000000", "sellingGeneralAndAdministrative": "1940000000", "researchAndDevelopment": "None", "operatingExpenses": "169000000", "investmentIncomeNet": "None", "netInterestIncome": "-59000000", "interestIncome": "None", "interestExpense": "59000000", "nonInterestIncome": "2923000000", "otherNonOperatingIncome": "439000000", "depreciation": "71000000", "depreciationAndAmortization": "103000000", "incomeBeforeTax": "829000000", "incomeTaxExpense": "96000000", "interestAndDebtExpense": "59000000", "netIncomeFromContinuingOperations": "736000000", "comprehensiveIncomeNetOfTax": "781000000", "ebit": "888000000", "ebitda": "991000000", "netIncome": "733000000"}, {"fiscalDateEnding": "2020-12-31", "reportedCurrency": "USD", "grossProfit": "1194000000", "totalRevenue": "2764000000", "costOfRevenue": "1570000000", "costofGoodsAndServicesSold": "2153000000", "operatingIncome": "587000000", "sellingGeneralAndAdministrative": "-2873000000", "researchAndDevelopment": "None", "operatingExpenses": "736000000", "investmentIncomeNet": "None", "netInterestIncome": "-60000000", "interestIncome": "None", "interestExpense": "60000000", "nonInterestIncome": "2746000000", "otherNonOperatingIncome": "75000000", "depreciation": "70000000", "depreciationAndAmortization": "114000000", "incomeBeforeTax": "595000000", "incomeTaxExpense": "119000000", "interestAndDebtExpense": "60000000", "netIncomeFromContinuingOperations": "483000000", "comprehensiveIncomeNetOfTax": "370000000", "ebit": "655000000", "ebitda": "769000000", "netIncome": "476000000"}, {"fiscalDateEnding": "2020-09-30", "reportedCurrency": "USD", "grossProfit": "645000000", "totalRevenue": "1897000000", "costOfRevenue": "1364000000", "costofGoodsAndServicesSold": "1331000000", "operatingIncome": "66000000", "sellingGeneralAndAdministrative": "1713000000", "researchAndDevelopment": "None", "operatingExpenses": "491000000", "investmentIncomeNet": "None", "netInterestIncome": "-61000000", "interestIncome": "None", "interestExpense": "61000000", "nonInterestIncome": "1997000000", "otherNonOperatingIncome": "156000000", "depreciation": "73000000", "depreciationAndAmortization": "109000000", "incomeBeforeTax": "167000000", "incomeTaxExpense": "42000000", "interestAndDebtExpense": "61000000", "netIncomeFromContinuingOperations": "118000000", "comprehensiveIncomeNetOfTax": "258000000", "ebit": "228000000", "ebitda": "337000000", "netIncome": "121000000"}, {"fiscalDateEnding": "2020-06-30", "reportedCurrency": "USD", "grossProfit": "631000000", "totalRevenue": "2113000000", "costOfRevenue": "1482000000", "costofGoodsAndServicesSold": "1363000000", "operatingIncome": "163000000", "sellingGeneralAndAdministrative": "1422000000", "researchAndDevelopment": "None", "operatingExpenses": "506000000", "investmentIncomeNet": "None", "netInterestIncome": "-62000000", "interestIncome": "None", "interestExpense": "62000000", "nonInterestIncome": "2101000000", "otherNonOperatingIncome": "76000000", "depreciation": "67000000", "depreciationAndAmortization": "119000000", "incomeBeforeTax": "169000000", "incomeTaxExpense": "75000000", "interestAndDebtExpense": "62000000", "netIncomeFromContinuingOperations": "102000000", "comprehensiveIncomeNetOfTax": "150000000", "ebit": "231000000", "ebitda": "350000000", "netIncome": "94000000"}, {"fiscalDateEnding": "2020-03-31", "reportedCurrency": "USD", "grossProfit": "950000000", "totalRevenue": "2466000000", "costOfRevenue": "1516000000", "costofGoodsAndServicesSold": "1394000000", "operatingIncome": "360000000", "sellingGeneralAndAdministrative": "1451000000", "researchAndDevelopment": "None", "operatingExpenses": "630000000", "investmentIncomeNet": "None", "netInterestIncome": "-61000000", "interestIncome": "-73000000", "interestExpense": "61000000", "nonInterestIncome": "2446000000", "otherNonOperatingIncome": "92000000", "depreciation": "98000000", "depreciationAndAmortization": "122000000", "incomeBeforeTax": "383000000", "incomeTaxExpense": "78000000", "interestAndDebtExpense": "61000000", "netIncomeFromContinuingOperations": "313000000", "comprehensiveIncomeNetOfTax": "86000000", "ebit": "444000000", "ebitda": "566000000", "netIncome": "305000000"}, {"fiscalDateEnding": "2019-12-31", "reportedCurrency": "USD", "grossProfit": "2690000000", "totalRevenue": "2690000000", "costOfRevenue": "1428000000", "costofGoodsAndServicesSold": "1340000000", "operatingIncome": "687000000", "sellingGeneralAndAdministrative": "1401000000", "researchAndDevelopment": "None", "operatingExpenses": "666000000", "investmentIncomeNet": "None", "netInterestIncome": "-62000000", "interestIncome": "-46000000", "interestExpense": "62000000", "nonInterestIncome": "2647000000", "otherNonOperatingIncome": "50000000", "depreciation": "69000000", "depreciationAndAmortization": "121000000", "incomeBeforeTax": "668000000", "incomeTaxExpense": "124000000", "interestAndDebtExpense": "62000000", "netIncomeFromContinuingOperations": "687000000", "comprehensiveIncomeNetOfTax": "430000000", "ebit": "730000000", "ebitda": "851000000", "netIncome": "544000000"}, {"fiscalDateEnding": "2019-09-30", "reportedCurrency": "USD", "grossProfit": "587000000", "totalRevenue": "1989000000", "costOfRevenue": "1402000000", "costofGoodsAndServicesSold": "1283000000", "operatingIncome": "107000000", "sellingGeneralAndAdministrative": "1342000000", "researchAndDevelopment": "None", "operatingExpenses": "536000000", "investmentIncomeNet": "None", "netInterestIncome": "-62000000", "interestIncome": "-56000000", "interestExpense": "62000000", "nonInterestIncome": "1966000000", "otherNonOperatingIncome": "55000000", "depreciation": "58000000", "depreciationAndAmortization": "119000000", "incomeBeforeTax": "95000000", "incomeTaxExpense": "20000000", "interestAndDebtExpense": "62000000", "netIncomeFromContinuingOperations": "80000000", "comprehensiveIncomeNetOfTax": "-45000000", "ebit": "157000000", "ebitda": "276000000", "netIncome": "75000000"}, {"fiscalDateEnding": "2019-06-30", "reportedCurrency": "USD", "grossProfit": "647000000", "totalRevenue": "2048000000", "costOfRevenue": "1401000000", "costofGoodsAndServicesSold": "1278000000", "operatingIncome": "176000000", "sellingGeneralAndAdministrative": "1341000000", "researchAndDevelopment": "None", "operatingExpenses": "1872000000", "investmentIncomeNet": "None", "netInterestIncome": "-56000000", "interestIncome": "-50000000", "interestExpense": "56000000", "nonInterestIncome": "2030000000", "otherNonOperatingIncome": "67000000", "depreciation": "59000000", "depreciationAndAmortization": "123000000", "incomeBeforeTax": "176000000", "incomeTaxExpense": "38000000", "interestAndDebtExpense": "56000000", "netIncomeFromContinuingOperations": "149000000", "comprehensiveIncomeNetOfTax": "119000000", "ebit": "232000000", "ebitda": "355000000", "netIncome": "138000000"}, {"fiscalDateEnding": "2019-03-31", "reportedCurrency": "USD", "grossProfit": "795000000", "totalRevenue": "2312000000", "costOfRevenue": "1517000000", "costofGoodsAndServicesSold": "1348000000", "operatingIncome": "359000000", "sellingGeneralAndAdministrative": "1409000000", "researchAndDevelopment": "None", "operatingExpenses": "1953000000", "investmentIncomeNet": "None", "netInterestIncome": "-54000000", "interestIncome": "-64000000", "interestExpense": "54000000", "nonInterestIncome": "2278000000", "otherNonOperatingIncome": "55000000", "depreciation": "54000000", "depreciationAndAmortization": "127000000", "incomeBeforeTax": "354000000", "incomeTaxExpense": "67000000", "interestAndDebtExpense": "54000000", "netIncomeFromContinuingOperations": "293000000", "comprehensiveIncomeNetOfTax": "310000000", "ebit": "408000000", "ebitda": "535000000", "netIncome": "287000000"}, {"fiscalDateEnding": "2018-12-31", "reportedCurrency": "USD", "grossProfit": "2372000000", "totalRevenue": "2372000000", "costOfRevenue": "1743000000", "costofGoodsAndServicesSold": "1170000000", "operatingIncome": "470000000", "sellingGeneralAndAdministrative": "1233000000", "researchAndDevelopment": "None", "operatingExpenses": "1902000000", "investmentIncomeNet": "None", "netInterestIncome": "-54000000", "interestIncome": "None", "interestExpense": "54000000", "nonInterestIncome": "2344000000", "otherNonOperatingIncome": "61000000", "depreciation": "55000000", "depreciationAndAmortization": "126000000", "incomeBeforeTax": "472000000", "incomeTaxExpense": "94000000", "interestAndDebtExpense": "54000000", "netIncomeFromContinuingOperations": "470000000", "comprehensiveIncomeNetOfTax": "44000000", "ebit": "526000000", "ebitda": "652000000", "netIncome": "378000000"}, {"fiscalDateEnding": "2018-09-30", "reportedCurrency": "USD", "grossProfit": "444000000", "totalRevenue": "1859000000", "costOfRevenue": "1415000000", "costofGoodsAndServicesSold": "1161000000", "operatingIncome": "17000000", "sellingGeneralAndAdministrative": "1238000000", "researchAndDevelopment": "None", "operatingExpenses": "1842000000", "investmentIncomeNet": "None", "netInterestIncome": "-51000000", "interestIncome": "None", "interestExpense": "51000000", "nonInterestIncome": "1826000000", "otherNonOperatingIncome": "70000000", "depreciation": "54000000", "depreciationAndAmortization": "127000000", "incomeBeforeTax": "34000000", "incomeTaxExpense": "-10000000", "interestAndDebtExpense": "51000000", "netIncomeFromContinuingOperations": "46000000", "comprehensiveIncomeNetOfTax": "22000000", "ebit": "85000000", "ebitda": "212000000", "netIncome": "44000000"}, {"fiscalDateEnding": "2018-06-30", "reportedCurrency": "USD", "grossProfit": "520000000", "totalRevenue": "1990000000", "costOfRevenue": "1470000000", "costofGoodsAndServicesSold": "1214000000", "operatingIncome": "63000000", "sellingGeneralAndAdministrative": "1275000000", "researchAndDevelopment": "None", "operatingExpenses": "1927000000", "investmentIncomeNet": "None", "netInterestIncome": "-52000000", "interestIncome": "None", "interestExpense": "52000000", "nonInterestIncome": "1966000000", "otherNonOperatingIncome": "63000000", "depreciation": "53000000", "depreciationAndAmortization": "140000000", "incomeBeforeTax": "67000000", "incomeTaxExpense": "9000000", "interestAndDebtExpense": "52000000", "netIncomeFromContinuingOperations": "65000000", "comprehensiveIncomeNetOfTax": "-117000000", "ebit": "119000000", "ebitda": "259000000", "netIncome": "58000000"}, {"fiscalDateEnding": "2018-03-31", "reportedCurrency": "USD", "grossProfit": "731000000", "totalRevenue": "2292000000", "costOfRevenue": "1561000000", "costofGoodsAndServicesSold": "1377000000", "operatingIncome": "259000000", "sellingGeneralAndAdministrative": "1377000000", "researchAndDevelopment": "None", "operatingExpenses": "2033000000", "investmentIncomeNet": "None", "netInterestIncome": "-51000000", "interestIncome": "None", "interestExpense": "51000000", "nonInterestIncome": "2248000000", "otherNonOperatingIncome": "56000000", "depreciation": "51000000", "depreciationAndAmortization": "141000000", "incomeBeforeTax": "258000000", "incomeTaxExpense": "43000000", "interestAndDebtExpense": "51000000", "netIncomeFromContinuingOperations": "221000000", "comprehensiveIncomeNetOfTax": "298000000", "ebit": "309000000", "ebitda": "450000000", "netIncome": "215000000"}, {"fiscalDateEnding": "2017-12-31", "reportedCurrency": "USD", "grossProfit": "2078000000", "totalRevenue": "2078000000", "costOfRevenue": "1240000000", "costofGoodsAndServicesSold": "1590000000", "operatingIncome": "80000000", "sellingGeneralAndAdministrative": "1542000000", "researchAndDevelopment": "None", "operatingExpenses": "1998000000", "investmentIncomeNet": "None", "netInterestIncome": "-49000000", "interestIncome": "None", "interestExpense": "49000000", "nonInterestIncome": "12000000", "otherNonOperatingIncome": "49000000", "depreciation": "83000000", "depreciationAndAmortization": "140000000", "incomeBeforeTax": "72000000", "incomeTaxExpense": "-173000000", "interestAndDebtExpense": "49000000", "netIncomeFromContinuingOperations": "110000000", "comprehensiveIncomeNetOfTax": "408000000", "ebit": "121000000", "ebitda": "261000000", "netIncome": "245000000"}, {"fiscalDateEnding": "2017-09-30", "reportedCurrency": "USD", "grossProfit": "414000000", "totalRevenue": "1852000000", "costOfRevenue": "1391000000", "costofGoodsAndServicesSold": "1578000000", "operatingIncome": "-26000000", "sellingGeneralAndAdministrative": "1145000000", "researchAndDevelopment": "None", "operatingExpenses": "1878000000", "investmentIncomeNet": "None", "netInterestIncome": "-47000000", "interestIncome": "None", "interestExpense": "47000000", "nonInterestIncome": "-102000000", "otherNonOperatingIncome": "38000000", "depreciation": "54000000", "depreciationAndAmortization": "141000000", "incomeBeforeTax": "-35000000", "incomeTaxExpense": "19000000", "interestAndDebtExpense": "47000000", "netIncomeFromContinuingOperations": "-54000000", "comprehensiveIncomeNetOfTax": "46000000", "ebit": "12000000", "ebitda": "153000000", "netIncome": "-54000000"}, {"fiscalDateEnding": "2017-06-30", "reportedCurrency": "USD", "grossProfit": "520000000", "totalRevenue": "1953000000", "costOfRevenue": "1387000000", "costofGoodsAndServicesSold": "1602000000", "operatingIncome": "61000000", "sellingGeneralAndAdministrative": "1148000000", "researchAndDevelopment": "None", "operatingExpenses": "1892000000", "investmentIncomeNet": "None", "netInterestIncome": "-46000000", "interestIncome": "None", "interestExpense": "46000000", "nonInterestIncome": "-6000000", "otherNonOperatingIncome": "34000000", "depreciation": "51000000", "depreciationAndAmortization": "149000000", "incomeBeforeTax": "41000000", "incomeTaxExpense": "8000000", "interestAndDebtExpense": "46000000", "netIncomeFromContinuingOperations": "40000000", "comprehensiveIncomeNetOfTax": "165000000", "ebit": "87000000", "ebitda": "236000000", "netIncome": "33000000"}, {"fiscalDateEnding": "2017-03-31", "reportedCurrency": "USD", "grossProfit": "883000000", "totalRevenue": "2319000000", "costOfRevenue": "1409000000", "costofGoodsAndServicesSold": "1654000000", "operatingIncome": "401000000", "sellingGeneralAndAdministrative": "1191000000", "researchAndDevelopment": "None", "operatingExpenses": "1918000000", "investmentIncomeNet": "None", "netInterestIncome": "-46000000", "interestIncome": "None", "interestExpense": "46000000", "nonInterestIncome": "19000000", "otherNonOperatingIncome": "43000000", "depreciation": "52000000", "depreciationAndAmortization": "151000000", "incomeBeforeTax": "390000000", "incomeTaxExpense": "46000000", "interestAndDebtExpense": "46000000", "netIncomeFromContinuingOperations": "351000000", "comprehensiveIncomeNetOfTax": "320000000", "ebit": "436000000", "ebitda": "587000000", "netIncome": "344000000"}, {"fiscalDateEnding": "2016-12-31", "reportedCurrency": "USD", "grossProfit": "1927000000", "totalRevenue": "2042000000", "costOfRevenue": "1698000000", "costofGoodsAndServicesSold": "1507000000", "operatingIncome": "88000000", "sellingGeneralAndAdministrative": "1412000000", "researchAndDevelopment": "None", "operatingExpenses": "1839000000", "investmentIncomeNet": "None", "netInterestIncome": "-46000000", "interestIncome": "None", "interestExpense": "46000000", "nonInterestIncome": "5000000", "otherNonOperatingIncome": "204000000", "depreciation": "46000000", "depreciationAndAmortization": "148000000", "incomeBeforeTax": "35000000", "incomeTaxExpense": "-107000000", "interestAndDebtExpense": "46000000", "netIncomeFromContinuingOperations": "88000000", "comprehensiveIncomeNetOfTax": "-521000000", "ebit": "81000000", "ebitda": "229000000", "netIncome": "142000000"}]}