{"symbol": "WMB", "annualReports": [{"fiscalDateEnding": "2020-12-31", "reportedCurrency": "USD", "grossProfit": "5627000000", "totalRevenue": "7719000000", "costOfRevenue": "2092000000", "costofGoodsAndServicesSold": "1545000000", "operatingIncome": "2202000000", "sellingGeneralAndAdministrative": "466000000", "researchAndDevelopment": "None", "operatingExpenses": "1792000000", "investmentIncomeNet": "None", "netInterestIncome": "-1172000000", "interestIncome": "-836000000", "interestExpense": "1172000000", "nonInterestIncome": "7653000000", "otherNonOperatingIncome": "-43000000", "depreciation": "1393000000", "depreciationAndAmortization": "328000000", "incomeBeforeTax": "290000000", "incomeTaxExpense": "79000000", "interestAndDebtExpense": "1172000000", "netIncomeFromContinuingOperations": "208000000", "comprehensiveIncomeNetOfTax": "314000000", "ebit": "1462000000", "ebitda": "1790000000", "netIncome": "211000000"}, {"fiscalDateEnding": "2019-12-31", "reportedCurrency": "USD", "grossProfit": "6796000000", "totalRevenue": "8201000000", "costOfRevenue": "1405000000", "costofGoodsAndServicesSold": "3780000000", "operatingIncome": "1921000000", "sellingGeneralAndAdministrative": "558000000", "researchAndDevelopment": "None", "operatingExpenses": "2028000000", "investmentIncomeNet": "None", "netInterestIncome": "-1186000000", "interestIncome": "-704000000", "interestExpense": "1186000000", "nonInterestIncome": "8262000000", "otherNonOperatingIncome": "33000000", "depreciation": "1390000000", "depreciationAndAmortization": "324000000", "incomeBeforeTax": "1185000000", "incomeTaxExpense": "335000000", "interestAndDebtExpense": "1186000000", "netIncomeFromContinuingOperations": "862000000", "comprehensiveIncomeNetOfTax": "921000000", "ebit": "2371000000", "ebitda": "2695000000", "netIncome": "850000000"}, {"fiscalDateEnding": "2018-12-31", "reportedCurrency": "USD", "grossProfit": "7681000000", "totalRevenue": "8686000000", "costOfRevenue": "1005000000", "costofGoodsAndServicesSold": "4569000000", "operatingIncome": "768000000", "sellingGeneralAndAdministrative": "569000000", "researchAndDevelopment": "None", "operatingExpenses": "1384000000", "investmentIncomeNet": "None", "netInterestIncome": "-1112000000", "interestIncome": "-497000000", "interestExpense": "1112000000", "nonInterestIncome": "8604000000", "otherNonOperatingIncome": "92000000", "depreciation": "1392000000", "depreciationAndAmortization": "333000000", "incomeBeforeTax": "-17000000", "incomeTaxExpense": "138000000", "interestAndDebtExpense": "1112000000", "netIncomeFromContinuingOperations": "-156000000", "comprehensiveIncomeNetOfTax": "-123000000", "ebit": "1095000000", "ebitda": "1428000000", "netIncome": "-155000000"}, {"fiscalDateEnding": "2017-12-31", "reportedCurrency": "USD", "grossProfit": "4635000000", "totalRevenue": "8031000000", "costOfRevenue": "3396000000", "costofGoodsAndServicesSold": "2300000000", "operatingIncome": "927000000", "sellingGeneralAndAdministrative": "594000000", "researchAndDevelopment": "None", "operatingExpenses": "1098000000", "investmentIncomeNet": "None", "netInterestIncome": "-1083000000", "interestIncome": "-367000000", "interestExpense": "1083000000", "nonInterestIncome": "1364000000", "otherNonOperatingIncome": "-25000000", "depreciation": "1389000000", "depreciationAndAmortization": "347000000", "incomeBeforeTax": "200000000", "incomeTaxExpense": "-1974000000", "interestAndDebtExpense": "1083000000", "netIncomeFromContinuingOperations": "2174000000", "comprehensiveIncomeNetOfTax": "2275000000", "ebit": "1283000000", "ebitda": "1630000000", "netIncome": "2174000000"}, {"fiscalDateEnding": "2016-12-31", "reportedCurrency": "USD", "grossProfit": "3323000000", "totalRevenue": "7499000000", "costOfRevenue": "4176000000", "costofGoodsAndServicesSold": "1725000000", "operatingIncome": "689000000", "sellingGeneralAndAdministrative": "722000000", "researchAndDevelopment": "None", "operatingExpenses": "2303000000", "investmentIncomeNet": "None", "netInterestIncome": "-1179000000", "interestIncome": "-719000000", "interestExpense": "1179000000", "nonInterestIncome": "27000000", "otherNonOperatingIncome": "85000000", "depreciation": "1407000000", "depreciationAndAmortization": "356000000", "incomeBeforeTax": "-449000000", "incomeTaxExpense": "-25000000", "interestAndDebtExpense": "1179000000", "netIncomeFromContinuingOperations": "-424000000", "comprehensiveIncomeNetOfTax": "-321000000", "ebit": "730000000", "ebitda": "1086000000", "netIncome": "-424000000"}], "quarterlyReports": [{"fiscalDateEnding": "2021-09-30", "reportedCurrency": "USD", "grossProfit": "2323000000", "totalRevenue": "2475000000", "costOfRevenue": "152000000", "costofGoodsAndServicesSold": "1558000000", "operatingIncome": "355000000", "sellingGeneralAndAdministrative": "152000000", "researchAndDevelopment": "None", "operatingExpenses": "561000000", "investmentIncomeNet": "None", "netInterestIncome": "-292000000", "interestIncome": "-133000000", "interestExpense": "292000000", "nonInterestIncome": "3748000000", "otherNonOperatingIncome": "4000000", "depreciation": "None", "depreciationAndAmortization": "487000000", "incomeBeforeTax": "218000000", "incomeTaxExpense": "53000000", "interestAndDebtExpense": "292000000", "netIncomeFromContinuingOperations": "173000000", "comprehensiveIncomeNetOfTax": "166000000", "ebit": "510000000", "ebitda": "997000000", "netIncome": "165000000"}, {"fiscalDateEnding": "2021-06-30", "reportedCurrency": "USD", "grossProfit": "2169000000", "totalRevenue": "2283000000", "costOfRevenue": "114000000", "costofGoodsAndServicesSold": "1178000000", "operatingIncome": "600000000", "sellingGeneralAndAdministrative": "114000000", "researchAndDevelopment": "None", "operatingExpenses": "493000000", "investmentIncomeNet": "None", "netInterestIncome": "-298000000", "interestIncome": "-161000000", "interestExpense": "298000000", "nonInterestIncome": "2270000000", "otherNonOperatingIncome": "2000000", "depreciation": "None", "depreciationAndAmortization": "463000000", "incomeBeforeTax": "423000000", "incomeTaxExpense": "119000000", "interestAndDebtExpense": "298000000", "netIncomeFromContinuingOperations": "322000000", "comprehensiveIncomeNetOfTax": "294000000", "ebit": "721000000", "ebitda": "1184000000", "netIncome": "304000000"}, {"fiscalDateEnding": "2021-03-31", "reportedCurrency": "USD", "grossProfit": "2489000000", "totalRevenue": "2612000000", "costOfRevenue": "123000000", "costofGoodsAndServicesSold": "1391000000", "operatingIncome": "739000000", "sellingGeneralAndAdministrative": "123000000", "researchAndDevelopment": "None", "operatingExpenses": "483000000", "investmentIncomeNet": "None", "netInterestIncome": "-294000000", "interestIncome": "-161000000", "interestExpense": "294000000", "nonInterestIncome": "2629000000", "otherNonOperatingIncome": "-2000000", "depreciation": "None", "depreciationAndAmortization": "438000000", "incomeBeforeTax": "567000000", "incomeTaxExpense": "141000000", "interestAndDebtExpense": "294000000", "netIncomeFromContinuingOperations": "435000000", "comprehensiveIncomeNetOfTax": "422000000", "ebit": "861000000", "ebitda": "1299000000", "netIncome": "426000000"}, {"fiscalDateEnding": "2020-12-31", "reportedCurrency": "USD", "grossProfit": "1479000000", "totalRevenue": "2092000000", "costOfRevenue": "613000000", "costofGoodsAndServicesSold": "836000000", "operatingIncome": "518000000", "sellingGeneralAndAdministrative": "112000000", "researchAndDevelopment": "None", "operatingExpenses": "445000000", "investmentIncomeNet": "None", "netInterestIncome": "-290000000", "interestIncome": "-196000000", "interestExpense": "290000000", "nonInterestIncome": "2071000000", "otherNonOperatingIncome": "-29000000", "depreciation": "None", "depreciationAndAmortization": "1721000", "incomeBeforeTax": "171000000", "incomeTaxExpense": "55000000", "interestAndDebtExpense": "290000000", "netIncomeFromContinuingOperations": "140000000", "comprehensiveIncomeNetOfTax": "180000000", "ebit": "461000000", "ebitda": "449721000", "netIncome": "116000000"}, {"fiscalDateEnding": "2020-09-30", "reportedCurrency": "USD", "grossProfit": "1819000000", "totalRevenue": "1933000000", "costOfRevenue": "114000000", "costofGoodsAndServicesSold": "827000000", "operatingIncome": "641000000", "sellingGeneralAndAdministrative": "114000000", "researchAndDevelopment": "None", "operatingExpenses": "450000000", "investmentIncomeNet": "None", "netInterestIncome": "-292000000", "interestIncome": "-184000000", "interestExpense": "292000000", "nonInterestIncome": "1918000000", "otherNonOperatingIncome": "-23000000", "depreciation": "None", "depreciationAndAmortization": "1285000", "incomeBeforeTax": "420000000", "incomeTaxExpense": "111000000", "interestAndDebtExpense": "292000000", "netIncomeFromContinuingOperations": "323000000", "comprehensiveIncomeNetOfTax": "325000000", "ebit": "712000000", "ebitda": "712000000", "netIncome": "309000000"}, {"fiscalDateEnding": "2020-06-30", "reportedCurrency": "USD", "grossProfit": "1654000000", "totalRevenue": "1781000000", "costOfRevenue": "127000000", "costofGoodsAndServicesSold": "716000000", "operatingIncome": "612000000", "sellingGeneralAndAdministrative": "127000000", "researchAndDevelopment": "None", "operatingExpenses": "447000000", "investmentIncomeNet": "None", "netInterestIncome": "-294000000", "interestIncome": "-185000000", "interestExpense": "294000000", "nonInterestIncome": "1766000000", "otherNonOperatingIncome": "5000000", "depreciation": "None", "depreciationAndAmortization": "None", "incomeBeforeTax": "420000000", "incomeTaxExpense": "117000000", "interestAndDebtExpense": "294000000", "netIncomeFromContinuingOperations": "315000000", "comprehensiveIncomeNetOfTax": "332000000", "ebit": "714000000", "ebitda": "714000000", "netIncome": "303000000"}, {"fiscalDateEnding": "2020-03-31", "reportedCurrency": "USD", "grossProfit": "675000000", "totalRevenue": "1913000000", "costOfRevenue": "1238000000", "costofGoodsAndServicesSold": "838000000", "operatingIncome": "431000000", "sellingGeneralAndAdministrative": "113000000", "researchAndDevelopment": "None", "operatingExpenses": "450000000", "investmentIncomeNet": "None", "netInterestIncome": "-296000000", "interestIncome": "-271000000", "interestExpense": "296000000", "nonInterestIncome": "1898000000", "otherNonOperatingIncome": "4000000", "depreciation": "None", "depreciationAndAmortization": "None", "incomeBeforeTax": "-721000000", "incomeTaxExpense": "-204000000", "interestAndDebtExpense": "296000000", "netIncomeFromContinuingOperations": "-570000000", "comprehensiveIncomeNetOfTax": "-523000000", "ebit": "-425000000", "ebitda": "-425000000", "netIncome": "-517000000"}, {"fiscalDateEnding": "2019-12-31", "reportedCurrency": "USD", "grossProfit": "1241000000", "totalRevenue": "2107000000", "costOfRevenue": "866000000", "costofGoodsAndServicesSold": "980000000", "operatingIncome": "234000000", "sellingGeneralAndAdministrative": "148000000", "researchAndDevelopment": "None", "operatingExpenses": "527000000", "investmentIncomeNet": "None", "netInterestIncome": "-298000000", "interestIncome": "-208000000", "interestExpense": "298000000", "nonInterestIncome": "2100000000", "otherNonOperatingIncome": "14000000", "depreciation": "None", "depreciationAndAmortization": "None", "incomeBeforeTax": "215000000", "incomeTaxExpense": "91000000", "interestAndDebtExpense": "298000000", "netIncomeFromContinuingOperations": "82000000", "comprehensiveIncomeNetOfTax": "191000000", "ebit": "513000000", "ebitda": "513000000", "netIncome": "124000000"}, {"fiscalDateEnding": "2019-09-30", "reportedCurrency": "USD", "grossProfit": "1859000000", "totalRevenue": "1999000000", "costOfRevenue": "140000000", "costofGoodsAndServicesSold": "888000000", "operatingIncome": "628000000", "sellingGeneralAndAdministrative": "130000000", "researchAndDevelopment": "None", "operatingExpenses": "494000000", "investmentIncomeNet": "None", "netInterestIncome": "-296000000", "interestIncome": "-196000000", "interestExpense": "296000000", "nonInterestIncome": "1985000000", "otherNonOperatingIncome": "1000000", "depreciation": "None", "depreciationAndAmortization": "None", "incomeBeforeTax": "298000000", "incomeTaxExpense": "77000000", "interestAndDebtExpense": "296000000", "netIncomeFromContinuingOperations": "242000000", "comprehensiveIncomeNetOfTax": "220000000", "ebit": "594000000", "ebitda": "594000000", "netIncome": "221000000"}, {"fiscalDateEnding": "2019-06-30", "reportedCurrency": "USD", "grossProfit": "1782000000", "totalRevenue": "2041000000", "costOfRevenue": "259000000", "costofGoodsAndServicesSold": "931000000", "operatingIncome": "498000000", "sellingGeneralAndAdministrative": "152000000", "researchAndDevelopment": "None", "operatingExpenses": "539000000", "investmentIncomeNet": "None", "netInterestIncome": "-296000000", "interestIncome": "-85000000", "interestExpense": "296000000", "nonInterestIncome": "2143000000", "otherNonOperatingIncome": "7000000", "depreciation": "None", "depreciationAndAmortization": "None", "incomeBeforeTax": "408000000", "incomeTaxExpense": "98000000", "interestAndDebtExpense": "296000000", "netIncomeFromContinuingOperations": "324000000", "comprehensiveIncomeNetOfTax": "312000000", "ebit": "704000000", "ebitda": "704000000", "netIncome": "310000000"}, {"fiscalDateEnding": "2019-03-31", "reportedCurrency": "USD", "grossProfit": "1852000000", "totalRevenue": "2054000000", "costOfRevenue": "202000000", "costofGoodsAndServicesSold": "981000000", "operatingIncome": "561000000", "sellingGeneralAndAdministrative": "128000000", "researchAndDevelopment": "None", "operatingExpenses": "468000000", "investmentIncomeNet": "None", "netInterestIncome": "-296000000", "interestIncome": "-215000000", "interestExpense": "296000000", "nonInterestIncome": "2034000000", "otherNonOperatingIncome": "11000000", "depreciation": "None", "depreciationAndAmortization": "None", "incomeBeforeTax": "264000000", "incomeTaxExpense": "69000000", "interestAndDebtExpense": "296000000", "netIncomeFromContinuingOperations": "214000000", "comprehensiveIncomeNetOfTax": "198000000", "ebit": "560000000", "ebitda": "560000000", "netIncome": "195000000"}, {"fiscalDateEnding": "2018-12-31", "reportedCurrency": "USD", "grossProfit": "1701000000", "totalRevenue": "2204000000", "costOfRevenue": "503000000", "costofGoodsAndServicesSold": "1149000000", "operatingIncome": "-634000000", "sellingGeneralAndAdministrative": "133000000", "researchAndDevelopment": "None", "operatingExpenses": "-186000000", "investmentIncomeNet": "None", "netInterestIncome": "-294000000", "interestIncome": "None", "interestExpense": "294000000", "nonInterestIncome": "2181000000", "otherNonOperatingIncome": "-7000000", "depreciation": "None", "depreciationAndAmortization": "None", "incomeBeforeTax": "-730000000", "incomeTaxExpense": "-159000000", "interestAndDebtExpense": "294000000", "netIncomeFromContinuingOperations": "-895000000", "comprehensiveIncomeNetOfTax": "-550000000", "ebit": "-436000000", "ebitda": "-436000000", "netIncome": "-571000000"}, {"fiscalDateEnding": "2018-09-30", "reportedCurrency": "USD", "grossProfit": "2129000000", "totalRevenue": "2303000000", "costOfRevenue": "174000000", "costofGoodsAndServicesSold": "1245000000", "operatingIncome": "501000000", "sellingGeneralAndAdministrative": "174000000", "researchAndDevelopment": "None", "operatingExpenses": "563000000", "investmentIncomeNet": "None", "netInterestIncome": "-270000000", "interestIncome": "None", "interestExpense": "270000000", "nonInterestIncome": "2280000000", "otherNonOperatingIncome": "52000000", "depreciation": "None", "depreciationAndAmortization": "None", "incomeBeforeTax": "319000000", "incomeTaxExpense": "190000000", "interestAndDebtExpense": "270000000", "netIncomeFromContinuingOperations": "200000000", "comprehensiveIncomeNetOfTax": "134000000", "ebit": "589000000", "ebitda": "589000000", "netIncome": "129000000"}, {"fiscalDateEnding": "2018-06-30", "reportedCurrency": "USD", "grossProfit": "1259000000", "totalRevenue": "2091000000", "costOfRevenue": "832000000", "costofGoodsAndServicesSold": "636000000", "operatingIncome": "410000000", "sellingGeneralAndAdministrative": "130000000", "researchAndDevelopment": "None", "operatingExpenses": "518000000", "investmentIncomeNet": "None", "netInterestIncome": "-275000000", "interestIncome": "None", "interestExpense": "275000000", "nonInterestIncome": "2075000000", "otherNonOperatingIncome": "26000000", "depreciation": "None", "depreciationAndAmortization": "None", "incomeBeforeTax": "187000000", "incomeTaxExpense": "52000000", "interestAndDebtExpense": "275000000", "netIncomeFromContinuingOperations": "269000000", "comprehensiveIncomeNetOfTax": "136000000", "ebit": "462000000", "ebitda": "462000000", "netIncome": "135000000"}, {"fiscalDateEnding": "2018-03-31", "reportedCurrency": "USD", "grossProfit": "1343000000", "totalRevenue": "2088000000", "costOfRevenue": "745000000", "costofGoodsAndServicesSold": "613000000", "operatingIncome": "491000000", "sellingGeneralAndAdministrative": "132000000", "researchAndDevelopment": "None", "operatingExpenses": "489000000", "investmentIncomeNet": "None", "netInterestIncome": "-273000000", "interestIncome": "None", "interestExpense": "273000000", "nonInterestIncome": "2073000000", "otherNonOperatingIncome": "21000000", "depreciation": "None", "depreciationAndAmortization": "None", "incomeBeforeTax": "207000000", "incomeTaxExpense": "55000000", "interestAndDebtExpense": "273000000", "netIncomeFromContinuingOperations": "270000000", "comprehensiveIncomeNetOfTax": "157000000", "ebit": "480000000", "ebitda": "480000000", "netIncome": "152000000"}, {"fiscalDateEnding": "2017-12-31", "reportedCurrency": "USD", "grossProfit": "2140000000", "totalRevenue": "2228000000", "costOfRevenue": "88000000", "costofGoodsAndServicesSold": "680000000", "operatingIncome": "-155000000", "sellingGeneralAndAdministrative": "142000000", "researchAndDevelopment": "None", "operatingExpenses": "584000000", "investmentIncomeNet": "None", "netInterestIncome": "-265000000", "interestIncome": "None", "interestExpense": "265000000", "nonInterestIncome": "1095000000", "otherNonOperatingIncome": "-149000000", "depreciation": "None", "depreciationAndAmortization": "None", "incomeBeforeTax": "-413000000", "incomeTaxExpense": "-2100000000", "interestAndDebtExpense": "265000000", "netIncomeFromContinuingOperations": "1287000000", "comprehensiveIncomeNetOfTax": "1780000000", "ebit": "-148000000", "ebitda": "-148000000", "netIncome": "1687000000"}, {"fiscalDateEnding": "2017-09-30", "reportedCurrency": "USD", "grossProfit": "39000000", "totalRevenue": "1891000000", "costOfRevenue": "1852000000", "costofGoodsAndServicesSold": "504000000", "operatingIncome": "274000000", "sellingGeneralAndAdministrative": "138000000", "researchAndDevelopment": "None", "operatingExpenses": "-557000000", "investmentIncomeNet": "None", "netInterestIncome": "-267000000", "interestIncome": "None", "interestExpense": "267000000", "nonInterestIncome": "0", "otherNonOperatingIncome": "23000000", "depreciation": "None", "depreciationAndAmortization": "None", "incomeBeforeTax": "57000000", "incomeTaxExpense": "24000000", "interestAndDebtExpense": "267000000", "netIncomeFromContinuingOperations": "125000000", "comprehensiveIncomeNetOfTax": "33000000", "ebit": "324000000", "ebitda": "324000000", "netIncome": "33000000"}, {"fiscalDateEnding": "2017-06-30", "reportedCurrency": "USD", "grossProfit": "1209000000", "totalRevenue": "1924000000", "costOfRevenue": "715000000", "costofGoodsAndServicesSold": "537000000", "operatingIncome": "378000000", "sellingGeneralAndAdministrative": "153000000", "researchAndDevelopment": "None", "operatingExpenses": "542000000", "investmentIncomeNet": "None", "netInterestIncome": "-271000000", "interestIncome": "None", "interestExpense": "271000000", "nonInterestIncome": "0", "otherNonOperatingIncome": "24000000", "depreciation": "None", "depreciationAndAmortization": "None", "incomeBeforeTax": "146000000", "incomeTaxExpense": "65000000", "interestAndDebtExpense": "271000000", "netIncomeFromContinuingOperations": "193000000", "comprehensiveIncomeNetOfTax": "84000000", "ebit": "417000000", "ebitda": "417000000", "netIncome": "81000000"}, {"fiscalDateEnding": "2017-03-31", "reportedCurrency": "USD", "grossProfit": "1248000000", "totalRevenue": "1988000000", "costOfRevenue": "740000000", "costofGoodsAndServicesSold": "579000000", "operatingIncome": "430000000", "sellingGeneralAndAdministrative": "161000000", "researchAndDevelopment": "None", "operatingExpenses": "529000000", "investmentIncomeNet": "None", "netInterestIncome": "-280000000", "interestIncome": "None", "interestExpense": "280000000", "nonInterestIncome": "269000000", "otherNonOperatingIncome": "77000000", "depreciation": "None", "depreciationAndAmortization": "None", "incomeBeforeTax": "410000000", "incomeTaxExpense": "37000000", "interestAndDebtExpense": "280000000", "netIncomeFromContinuingOperations": "569000000", "comprehensiveIncomeNetOfTax": "378000000", "ebit": "690000000", "ebitda": "690000000", "netIncome": "373000000"}, {"fiscalDateEnding": "2016-12-31", "reportedCurrency": "USD", "grossProfit": "569000000", "totalRevenue": "2198000000", "costOfRevenue": "1629000000", "costofGoodsAndServicesSold": "545000000", "operatingIncome": "570000000", "sellingGeneralAndAdministrative": "166000000", "researchAndDevelopment": "None", "operatingExpenses": "568000000", "investmentIncomeNet": "None", "netInterestIncome": "-293000000", "interestIncome": "None", "interestExpense": "293000000", "nonInterestIncome": "None", "otherNonOperatingIncome": "33000000", "depreciation": "None", "depreciationAndAmortization": "None", "incomeBeforeTax": "34000000", "incomeTaxExpense": "49000000", "interestAndDebtExpense": "293000000", "netIncomeFromContinuingOperations": "-37000000", "comprehensiveIncomeNetOfTax": "-23000000", "ebit": "327000000", "ebitda": "327000000", "netIncome": "-15000000"}]}