{"symbol": "WMT", "annualReports": [{"fiscalDateEnding": "2021-01-31", "reportedCurrency": "USD", "grossProfit": "138836000000", "totalRevenue": "559151000000", "costOfRevenue": "420315000000", "costofGoodsAndServicesSold": "420315000000", "operatingIncome": "22548000000", "sellingGeneralAndAdministrative": "116288000000", "researchAndDevelopment": "None", "operatingExpenses": "125272000000", "investmentIncomeNet": "121000000", "netInterestIncome": "-2194000000", "interestIncome": "80000000", "interestExpense": "2274000000", "nonInterestIncome": "546832000000", "otherNonOperatingIncome": "210000000", "depreciation": "None", "depreciationAndAmortization": "583000000", "incomeBeforeTax": "20368000000", "incomeTaxExpense": "6858000000", "interestAndDebtExpense": "2274000000", "netIncomeFromContinuingOperations": "13706000000", "comprehensiveIncomeNetOfTax": "14549000000", "ebit": "22548000000", "ebitda": "23225000000", "netIncome": "13510000000"}, {"fiscalDateEnding": "2020-01-31", "reportedCurrency": "USD", "grossProfit": "129359000000", "totalRevenue": "523964000000", "costOfRevenue": "394605000000", "costofGoodsAndServicesSold": "394605000000", "operatingIncome": "20568000000", "sellingGeneralAndAdministrative": "108791000000", "researchAndDevelopment": "None", "operatingExpenses": "109986000000", "investmentIncomeNet": "189000000", "netInterestIncome": "-2410000000", "interestIncome": "158000000", "interestExpense": "2568000000", "nonInterestIncome": "519911000000", "otherNonOperatingIncome": "1958000000", "depreciation": "None", "depreciationAndAmortization": "480000000", "incomeBeforeTax": "19796000000", "incomeTaxExpense": "4915000000", "interestAndDebtExpense": "2568000000", "netIncomeFromContinuingOperations": "15201000000", "comprehensiveIncomeNetOfTax": "13618000000", "ebit": "20568000000", "ebitda": "22844000000", "netIncome": "14881000000"}, {"fiscalDateEnding": "2019-01-31", "reportedCurrency": "USD", "grossProfit": "129104000000", "totalRevenue": "514405000000", "costOfRevenue": "385301000000", "costofGoodsAndServicesSold": "385301000000", "operatingIncome": "21957000000", "sellingGeneralAndAdministrative": "107147000000", "researchAndDevelopment": "None", "operatingExpenses": "122675000000", "investmentIncomeNet": "217000000", "netInterestIncome": "-2129000000", "interestIncome": "217000000", "interestExpense": "2346000000", "nonInterestIncome": "505479000000", "otherNonOperatingIncome": "-8368000000", "depreciation": "None", "depreciationAndAmortization": "10678000000", "incomeBeforeTax": "10951000000", "incomeTaxExpense": "4281000000", "interestAndDebtExpense": "2346000000", "netIncomeFromContinuingOperations": "6670000000", "comprehensiveIncomeNetOfTax": "6745000000", "ebit": "21957000000", "ebitda": "23975000000", "netIncome": "6670000000"}, {"fiscalDateEnding": "2018-01-31", "reportedCurrency": "USD", "grossProfit": "126947000000", "totalRevenue": "500343000000", "costOfRevenue": "373396000000", "costofGoodsAndServicesSold": "373396000000", "operatingIncome": "20437000000", "sellingGeneralAndAdministrative": "106510000000", "researchAndDevelopment": "None", "operatingExpenses": "119746000000", "investmentIncomeNet": "152000000", "netInterestIncome": "-2178000000", "interestIncome": "152000000", "interestExpense": "2330000000", "nonInterestIncome": "-3136000000", "otherNonOperatingIncome": "-3136000000", "depreciation": "None", "depreciationAndAmortization": "10529000000", "incomeBeforeTax": "14462000000", "incomeTaxExpense": "4600000000", "interestAndDebtExpense": "5466000000", "netIncomeFromContinuingOperations": "9862000000", "comprehensiveIncomeNetOfTax": "13913000000", "ebit": "20437000000", "ebitda": "27321000000", "netIncome": "9862000000"}, {"fiscalDateEnding": "2017-01-31", "reportedCurrency": "USD", "grossProfit": "124617000000", "totalRevenue": "485873000000", "costOfRevenue": "361256000000", "costofGoodsAndServicesSold": "361256000000", "operatingIncome": "22764000000", "sellingGeneralAndAdministrative": "101853000000", "researchAndDevelopment": "None", "operatingExpenses": "112064000000", "investmentIncomeNet": "100000000", "netInterestIncome": "-2267000000", "interestIncome": "100000000", "interestExpense": "2367000000", "nonInterestIncome": "0", "otherNonOperatingIncome": "None", "depreciation": "None", "depreciationAndAmortization": "10080000000", "incomeBeforeTax": "19847000000", "incomeTaxExpense": "6204000000", "interestAndDebtExpense": "2367000000", "netIncomeFromContinuingOperations": "13643000000", "comprehensiveIncomeNetOfTax": "11008000000", "ebit": "22764000000", "ebitda": "32294000000", "netIncome": "13643000000"}], "quarterlyReports": [{"fiscalDateEnding": "2021-07-31", "reportedCurrency": "USD", "grossProfit": "35865000000", "totalRevenue": "141048000000", "costOfRevenue": "105183000000", "costofGoodsAndServicesSold": "105183000000", "operatingIncome": "7354000000", "sellingGeneralAndAdministrative": "28511000000", "researchAndDevelopment": "None", "operatingExpenses": "28511000000", "investmentIncomeNet": "37000000", "netInterestIncome": "-478000000", "interestIncome": "37000000", "interestExpense": "515000000", "nonInterestIncome": "139871000000", "otherNonOperatingIncome": "-953000000", "depreciation": "None", "depreciationAndAmortization": "2641000000", "incomeBeforeTax": "5835000000", "incomeTaxExpense": "1559000000", "interestAndDebtExpense": "515000000", "netIncomeFromContinuingOperations": "4364000000", "comprehensiveIncomeNetOfTax": "4246000000", "ebit": "7354000000", "ebitda": "8991000000", "netIncome": "4276000000"}, {"fiscalDateEnding": "2021-04-30", "reportedCurrency": "USD", "grossProfit": "35038000000", "totalRevenue": "138310000000", "costOfRevenue": "103272000000", "costofGoodsAndServicesSold": "103272000000", "operatingIncome": "6909000000", "sellingGeneralAndAdministrative": "28129000000", "researchAndDevelopment": "None", "operatingExpenses": "28962000000", "investmentIncomeNet": "30000000", "netInterestIncome": "-536000000", "interestIncome": "30000000", "interestExpense": "566000000", "nonInterestIncome": "136726000000", "otherNonOperatingIncome": "-2529000000", "depreciation": "None", "depreciationAndAmortization": "2661000000", "incomeBeforeTax": "3763000000", "incomeTaxExpense": "1033000000", "interestAndDebtExpense": "566000000", "netIncomeFromContinuingOperations": "2811000000", "comprehensiveIncomeNetOfTax": "6550000000", "ebit": "6909000000", "ebitda": "6990000000", "netIncome": "2730000000"}, {"fiscalDateEnding": "2021-01-31", "reportedCurrency": "USD", "grossProfit": "36818000000", "totalRevenue": "152079000000", "costOfRevenue": "115261000000", "costofGoodsAndServicesSold": "115261000000", "operatingIncome": "5487000000", "sellingGeneralAndAdministrative": "31331000000", "researchAndDevelopment": "None", "operatingExpenses": "39287000000", "investmentIncomeNet": "30000000", "netInterestIncome": "-494000000", "interestIncome": "-11000000", "interestExpense": "483000000", "nonInterestIncome": "143612000000", "otherNonOperatingIncome": "None", "depreciation": "None", "depreciationAndAmortization": "2819000000", "incomeBeforeTax": "-676000000", "incomeTaxExpense": "1415000000", "interestAndDebtExpense": "483000000", "netIncomeFromContinuingOperations": "-2008000000", "comprehensiveIncomeNetOfTax": "759000000", "ebit": "5487000000", "ebitda": "2667000000", "netIncome": "-2091000000"}, {"fiscalDateEnding": "2020-10-31", "reportedCurrency": "USD", "grossProfit": "34369000000", "totalRevenue": "134708000000", "costOfRevenue": "100339000000", "costofGoodsAndServicesSold": "100339000000", "operatingIncome": "5778000000", "sellingGeneralAndAdministrative": "28591000000", "researchAndDevelopment": "None", "operatingExpenses": "28591000000", "investmentIncomeNet": "25000000", "netInterestIncome": "-516000000", "interestIncome": "25000000", "interestExpense": "541000000", "nonInterestIncome": "133752000000", "otherNonOperatingIncome": "1853000000", "depreciation": "None", "depreciationAndAmortization": "2771000000", "incomeBeforeTax": "7049000000", "incomeTaxExpense": "1914000000", "interestAndDebtExpense": "541000000", "netIncomeFromContinuingOperations": "5201000000", "comprehensiveIncomeNetOfTax": "6303000000", "ebit": "5778000000", "ebitda": "10361000000", "netIncome": "5135000000"}, {"fiscalDateEnding": "2020-07-31", "reportedCurrency": "USD", "grossProfit": "35053000000", "totalRevenue": "137742000000", "costOfRevenue": "102689000000", "costofGoodsAndServicesSold": "102689000000", "operatingIncome": "6059000000", "sellingGeneralAndAdministrative": "28994000000", "researchAndDevelopment": "None", "operatingExpenses": "28994000000", "investmentIncomeNet": "23000000", "netInterestIncome": "-635000000", "interestIncome": "23000000", "interestExpense": "658000000", "nonInterestIncome": "136824000000", "otherNonOperatingIncome": "3222000000", "depreciation": "None", "depreciationAndAmortization": "2771000000", "incomeBeforeTax": "8683000000", "incomeTaxExpense": "2207000000", "interestAndDebtExpense": "658000000", "netIncomeFromContinuingOperations": "6439000000", "comprehensiveIncomeNetOfTax": "6860000000", "ebit": "6059000000", "ebitda": "12112000000", "netIncome": "6476000000"}, {"fiscalDateEnding": "2020-04-30", "reportedCurrency": "USD", "grossProfit": "32596000000", "totalRevenue": "134622000000", "costOfRevenue": "102026000000", "costofGoodsAndServicesSold": "102026000000", "operatingIncome": "5224000000", "sellingGeneralAndAdministrative": "27372000000", "researchAndDevelopment": "None", "operatingExpenses": "27372000000", "investmentIncomeNet": "43000000", "netInterestIncome": "-549000000", "interestIncome": "43000000", "interestExpense": "592000000", "nonInterestIncome": "133672000000", "otherNonOperatingIncome": "721000000", "depreciation": "None", "depreciationAndAmortization": "2791000000", "incomeBeforeTax": "5312000000", "incomeTaxExpense": "1322000000", "interestAndDebtExpense": "592000000", "netIncomeFromContinuingOperations": "4074000000", "comprehensiveIncomeNetOfTax": "627000000", "ebit": "5224000000", "ebitda": "8695000000", "netIncome": "3990000000"}, {"fiscalDateEnding": "2020-01-31", "reportedCurrency": "USD", "grossProfit": "33923000000", "totalRevenue": "141671000000", "costOfRevenue": "107748000000", "costofGoodsAndServicesSold": "107748000000", "operatingIncome": "5322000000", "sellingGeneralAndAdministrative": "28601000000", "researchAndDevelopment": "None", "operatingExpenses": "21638000000", "investmentIncomeNet": "41000000", "netInterestIncome": "-611000000", "interestIncome": "264000000", "interestExpense": "875000000", "nonInterestIncome": "140608000000", "otherNonOperatingIncome": "962000000", "depreciation": "None", "depreciationAndAmortization": "-7679000000", "incomeBeforeTax": "5520000000", "incomeTaxExpense": "1379000000", "interestAndDebtExpense": "875000000", "netIncomeFromContinuingOperations": "33923000000", "comprehensiveIncomeNetOfTax": "3718000000", "ebit": "5322000000", "ebitda": "-1284000000", "netIncome": "4141000000"}, {"fiscalDateEnding": "2019-10-31", "reportedCurrency": "USD", "grossProfit": "32091000000", "totalRevenue": "127991000000", "costOfRevenue": "95900000000", "costofGoodsAndServicesSold": "95900000000", "operatingIncome": "4718000000", "sellingGeneralAndAdministrative": "27373000000", "researchAndDevelopment": "None", "operatingExpenses": "27500000000", "investmentIncomeNet": "44000000", "netInterestIncome": "-589000000", "interestIncome": "36000000", "interestExpense": "625000000", "nonInterestIncome": "126981000000", "otherNonOperatingIncome": "244000000", "depreciation": "None", "depreciationAndAmortization": "2723000000", "incomeBeforeTax": "4340000000", "incomeTaxExpense": "1052000000", "interestAndDebtExpense": "625000000", "netIncomeFromContinuingOperations": "3288000000", "comprehensiveIncomeNetOfTax": "2176000000", "ebit": "4718000000", "ebitda": "7688000000", "netIncome": "3288000000"}, {"fiscalDateEnding": "2019-07-31", "reportedCurrency": "USD", "grossProfit": "32454000000", "totalRevenue": "130377000000", "costOfRevenue": "97923000000", "costofGoodsAndServicesSold": "97923000000", "operatingIncome": "5583000000", "sellingGeneralAndAdministrative": "26871000000", "researchAndDevelopment": "None", "operatingExpenses": "26987000000", "investmentIncomeNet": "56000000", "netInterestIncome": "-585000000", "interestIncome": "48000000", "interestExpense": "633000000", "nonInterestIncome": "129388000000", "otherNonOperatingIncome": "-85000000", "depreciation": "None", "depreciationAndAmortization": "2722000000", "incomeBeforeTax": "4843000000", "incomeTaxExpense": "1233000000", "interestAndDebtExpense": "633000000", "netIncomeFromContinuingOperations": "3610000000", "comprehensiveIncomeNetOfTax": "3431000000", "ebit": "5583000000", "ebitda": "8198000000", "netIncome": "3610000000"}, {"fiscalDateEnding": "2019-04-30", "reportedCurrency": "USD", "grossProfit": "30891000000", "totalRevenue": "123925000000", "costOfRevenue": "93034000000", "costofGoodsAndServicesSold": "93034000000", "operatingIncome": "4945000000", "sellingGeneralAndAdministrative": "25946000000", "researchAndDevelopment": "None", "operatingExpenses": "28660000000", "investmentIncomeNet": "48000000", "netInterestIncome": "-625000000", "interestIncome": "48000000", "interestExpense": "673000000", "nonInterestIncome": "122949000000", "otherNonOperatingIncome": "837000000", "depreciation": "None", "depreciationAndAmortization": "2714000000", "incomeBeforeTax": "5093000000", "incomeTaxExpense": "1251000000", "interestAndDebtExpense": "673000000", "netIncomeFromContinuingOperations": "3842000000", "comprehensiveIncomeNetOfTax": "4293000000", "ebit": "4945000000", "ebitda": "8480000000", "netIncome": "3842000000"}, {"fiscalDateEnding": "2019-01-31", "reportedCurrency": "USD", "grossProfit": "33886000000", "totalRevenue": "138793000000", "costOfRevenue": "104907000000", "costofGoodsAndServicesSold": "104907000000", "operatingIncome": "6067000000", "sellingGeneralAndAdministrative": "27819000000", "researchAndDevelopment": "None", "operatingExpenses": "30554000000", "investmentIncomeNet": "64000000", "netInterestIncome": "-605000000", "interestIncome": "64000000", "interestExpense": "669000000", "nonInterestIncome": "137743000000", "otherNonOperatingIncome": "202000000", "depreciation": "None", "depreciationAndAmortization": "2731000000", "incomeBeforeTax": "5538000000", "incomeTaxExpense": "1851000000", "interestAndDebtExpense": "669000000", "netIncomeFromContinuingOperations": "3687000000", "comprehensiveIncomeNetOfTax": "3614000000", "ebit": "6067000000", "ebitda": "8938000000", "netIncome": "3687000000"}, {"fiscalDateEnding": "2018-10-31", "reportedCurrency": "USD", "grossProfit": "31778000000", "totalRevenue": "124894000000", "costOfRevenue": "93116000000", "costofGoodsAndServicesSold": "93116000000", "operatingIncome": "4986000000", "sellingGeneralAndAdministrative": "26792000000", "researchAndDevelopment": "None", "operatingExpenses": "26792000000", "investmentIncomeNet": "59000000", "netInterestIncome": "-534000000", "interestIncome": "59000000", "interestExpense": "593000000", "nonInterestIncome": "123897000000", "otherNonOperatingIncome": "-1876000000", "depreciation": "None", "depreciationAndAmortization": "2615000000", "incomeBeforeTax": "2469000000", "incomeTaxExpense": "759000000", "interestAndDebtExpense": "593000000", "netIncomeFromContinuingOperations": "1710000000", "comprehensiveIncomeNetOfTax": "2870000000", "ebit": "4986000000", "ebitda": "5677000000", "netIncome": "1710000000"}, {"fiscalDateEnding": "2018-07-31", "reportedCurrency": "USD", "grossProfit": "32457000000", "totalRevenue": "128028000000", "costOfRevenue": "95571000000", "costofGoodsAndServicesSold": "95571000000", "operatingIncome": "5750000000", "sellingGeneralAndAdministrative": "26707000000", "researchAndDevelopment": "None", "operatingExpenses": "26707000000", "investmentIncomeNet": "51000000", "netInterestIncome": "-503000000", "interestIncome": "51000000", "interestExpense": "554000000", "nonInterestIncome": "0", "otherNonOperatingIncome": "-4849000000", "depreciation": "None", "depreciationAndAmortization": "2654000000", "incomeBeforeTax": "264000000", "incomeTaxExpense": "1125000000", "interestAndDebtExpense": "554000000", "netIncomeFromContinuingOperations": "-861000000", "comprehensiveIncomeNetOfTax": "-3209000000", "ebit": "5750000000", "ebitda": "3472000000", "netIncome": "-861000000"}, {"fiscalDateEnding": "2018-04-30", "reportedCurrency": "USD", "grossProfit": "30983000000", "totalRevenue": "122690000000", "costOfRevenue": "91707000000", "costofGoodsAndServicesSold": "91707000000", "operatingIncome": "5154000000", "sellingGeneralAndAdministrative": "25829000000", "researchAndDevelopment": "None", "operatingExpenses": "28507000000", "investmentIncomeNet": "43000000", "netInterestIncome": "-487000000", "interestIncome": "43000000", "interestExpense": "530000000", "nonInterestIncome": "121630000000", "otherNonOperatingIncome": "-1845000000", "depreciation": "None", "depreciationAndAmortization": "2678000000", "incomeBeforeTax": "2680000000", "incomeTaxExpense": "546000000", "interestAndDebtExpense": "530000000", "netIncomeFromContinuingOperations": "2134000000", "comprehensiveIncomeNetOfTax": "3470000000", "ebit": "5154000000", "ebitda": "5888000000", "netIncome": "2134000000"}, {"fiscalDateEnding": "2018-01-31", "reportedCurrency": "USD", "grossProfit": "33627000000", "totalRevenue": "136267000000", "costOfRevenue": "102640000000", "costofGoodsAndServicesSold": "102640000000", "operatingIncome": "4467000000", "sellingGeneralAndAdministrative": "29160000000", "researchAndDevelopment": "None", "operatingExpenses": "34569000000", "investmentIncomeNet": "37000000", "netInterestIncome": "-499000000", "interestIncome": "37000000", "interestExpense": "536000000", "nonInterestIncome": "135150000000", "otherNonOperatingIncome": "-1004000000", "depreciation": "None", "depreciationAndAmortization": "2702000000", "incomeBeforeTax": "2776000000", "incomeTaxExpense": "601000000", "interestAndDebtExpense": "1540000000", "netIncomeFromContinuingOperations": "2175000000", "comprehensiveIncomeNetOfTax": "3127000000", "ebit": "4467000000", "ebitda": "6014000000", "netIncome": "2175000000"}, {"fiscalDateEnding": "2017-10-31", "reportedCurrency": "USD", "grossProfit": "31632000000", "totalRevenue": "123179000000", "costOfRevenue": "91547000000", "costofGoodsAndServicesSold": "91547000000", "operatingIncome": "4764000000", "sellingGeneralAndAdministrative": "26868000000", "researchAndDevelopment": "None", "operatingExpenses": "26868000000", "investmentIncomeNet": "42000000", "netInterestIncome": "-541000000", "interestIncome": "42000000", "interestExpense": "583000000", "nonInterestIncome": "-1344000000", "otherNonOperatingIncome": "-1344000000", "depreciation": "None", "depreciationAndAmortization": "2658000000", "incomeBeforeTax": "2724000000", "incomeTaxExpense": "975000000", "interestAndDebtExpense": "1927000000", "netIncomeFromContinuingOperations": "1749000000", "comprehensiveIncomeNetOfTax": "1716000000", "ebit": "4764000000", "ebitda": "5965000000", "netIncome": "1749000000"}, {"fiscalDateEnding": "2017-07-31", "reportedCurrency": "USD", "grossProfit": "31834000000", "totalRevenue": "123355000000", "costOfRevenue": "91521000000", "costofGoodsAndServicesSold": "91521000000", "operatingIncome": "5969000000", "sellingGeneralAndAdministrative": "25865000000", "researchAndDevelopment": "None", "operatingExpenses": "25865000000", "investmentIncomeNet": "38000000", "netInterestIncome": "-575000000", "interestIncome": "38000000", "interestExpense": "613000000", "nonInterestIncome": "-788000000", "otherNonOperatingIncome": "-788000000", "depreciation": "None", "depreciationAndAmortization": "2618000000", "incomeBeforeTax": "4401000000", "incomeTaxExpense": "1502000000", "interestAndDebtExpense": "1401000000", "netIncomeFromContinuingOperations": "2899000000", "comprehensiveIncomeNetOfTax": "4753000000", "ebit": "5969000000", "ebitda": "7632000000", "netIncome": "2899000000"}, {"fiscalDateEnding": "2017-04-30", "reportedCurrency": "USD", "grossProfit": "29854000000", "totalRevenue": "117542000000", "costOfRevenue": "87688000000", "costofGoodsAndServicesSold": "87688000000", "operatingIncome": "5237000000", "sellingGeneralAndAdministrative": "24617000000", "researchAndDevelopment": "None", "operatingExpenses": "27168000000", "investmentIncomeNet": "35000000", "netInterestIncome": "-563000000", "interestIncome": "35000000", "interestExpense": "598000000", "nonInterestIncome": "116526000000", "otherNonOperatingIncome": "None", "depreciation": "None", "depreciationAndAmortization": "2551000000", "incomeBeforeTax": "4561000000", "incomeTaxExpense": "1522000000", "interestAndDebtExpense": "598000000", "netIncomeFromContinuingOperations": "3039000000", "comprehensiveIncomeNetOfTax": "4317000000", "ebit": "5237000000", "ebitda": "7710000000", "netIncome": "3039000000"}, {"fiscalDateEnding": "2017-01-31", "reportedCurrency": "USD", "grossProfit": "33193000000", "totalRevenue": "130936000000", "costOfRevenue": "97743000000", "costofGoodsAndServicesSold": "97743000000", "operatingIncome": "6205000000", "sellingGeneralAndAdministrative": "26988000000", "researchAndDevelopment": "None", "operatingExpenses": "29825000000", "investmentIncomeNet": "30000000", "netInterestIncome": "-555000000", "interestIncome": "30000000", "interestExpense": "585000000", "nonInterestIncome": "0", "otherNonOperatingIncome": "None", "depreciation": "None", "depreciationAndAmortization": "2706000000", "incomeBeforeTax": "5421000000", "incomeTaxExpense": "1664000000", "interestAndDebtExpense": "585000000", "netIncomeFromContinuingOperations": "3757000000", "comprehensiveIncomeNetOfTax": "1860000000", "ebit": "6205000000", "ebitda": "8712000000", "netIncome": "3757000000"}, {"fiscalDateEnding": "2016-10-31", "reportedCurrency": "USD", "grossProfit": "30695000000", "totalRevenue": "118179000000", "costOfRevenue": "87484000000", "costofGoodsAndServicesSold": "87484000000", "operatingIncome": "5119000000", "sellingGeneralAndAdministrative": "25576000000", "researchAndDevelopment": "None", "operatingExpenses": "25576000000", "investmentIncomeNet": "24000000", "netInterestIncome": "-585000000", "interestIncome": "24000000", "interestExpense": "609000000", "nonInterestIncome": "0", "otherNonOperatingIncome": "None", "depreciation": "None", "depreciationAndAmortization": "2469000000", "incomeBeforeTax": "4366000000", "incomeTaxExpense": "1332000000", "interestAndDebtExpense": "609000000", "netIncomeFromContinuingOperations": "3034000000", "comprehensiveIncomeNetOfTax": "2371000000", "ebit": "5119000000", "ebitda": "7444000000", "netIncome": "3034000000"}]}