{"symbol": "WRB", "annualReports": [{"fiscalDateEnding": "2020-12-31", "reportedCurrency": "USD", "grossProfit": "-1895619000", "totalRevenue": "8098925000", "costOfRevenue": "9994544000", "costofGoodsAndServicesSold": "-7394123000", "operatingIncome": "-10495800000", "sellingGeneralAndAdministrative": "130015000", "researchAndDevelopment": "None", "operatingExpenses": "8600181000", "investmentIncomeNet": "583821000", "netInterestIncome": "-150537000", "interestIncome": "-150537000", "interestExpense": "150537000", "nonInterestIncome": "7311774000", "otherNonOperatingIncome": "None", "depreciation": "53000000", "depreciationAndAmortization": "135065000", "incomeBeforeTax": "702487000", "incomeTaxExpense": "171817000", "interestAndDebtExpense": "158977000", "netIncomeFromContinuingOperations": "532985000", "comprehensiveIncomeNetOfTax": "700849000", "ebit": "853024000", "ebitda": "988089000", "netIncome": "530670000"}, {"fiscalDateEnding": "2019-12-31", "reportedCurrency": "USD", "grossProfit": "-1491153000", "totalRevenue": "7902196000", "costOfRevenue": "9393349000", "costofGoodsAndServicesSold": "7049276000", "operatingIncome": "-9629119000", "sellingGeneralAndAdministrative": "145424000", "researchAndDevelopment": "None", "operatingExpenses": "8137966000", "investmentIncomeNet": "645614000", "netInterestIncome": "-153409000", "interestIncome": "-122694000", "interestExpense": "153409000", "nonInterestIncome": "6975369000", "otherNonOperatingIncome": "None", "depreciation": "54000000", "depreciationAndAmortization": "113387000", "incomeBeforeTax": "850879000", "incomeTaxExpense": "168935000", "interestAndDebtExpense": "153409000", "netIncomeFromContinuingOperations": "683985000", "comprehensiveIncomeNetOfTax": "934909000", "ebit": "1004288000", "ebitda": "1117675000", "netIncome": "681944000"}, {"fiscalDateEnding": "2018-12-31", "reportedCurrency": "USD", "grossProfit": "-1371323000", "totalRevenue": "7691651000", "costOfRevenue": "9062974000", "costofGoodsAndServicesSold": "6879557000", "operatingIncome": "-9501731000", "sellingGeneralAndAdministrative": "67216000", "researchAndDevelopment": "None", "operatingExpenses": "8130408000", "investmentIncomeNet": "674235000", "netInterestIncome": "-157185000", "interestIncome": "-130118000", "interestExpense": "157185000", "nonInterestIncome": "6784154000", "otherNonOperatingIncome": "None", "depreciation": "54000000", "depreciationAndAmortization": "131108000", "incomeBeforeTax": "803777000", "incomeTaxExpense": "163028000", "interestAndDebtExpense": "157185000", "netIncomeFromContinuingOperations": "649066000", "comprehensiveIncomeNetOfTax": "276369000", "ebit": "960962000", "ebitda": "1092070000", "netIncome": "640749000"}, {"fiscalDateEnding": "2017-12-31", "reportedCurrency": "USD", "grossProfit": "-1618566000", "totalRevenue": "7684764000", "costOfRevenue": "9303330000", "costofGoodsAndServicesSold": "-6911994000", "operatingIncome": "-9594284000", "sellingGeneralAndAdministrative": "74189000", "researchAndDevelopment": "None", "operatingExpenses": "7975718000", "investmentIncomeNet": "575788000", "netInterestIncome": "-147297000", "interestIncome": "-162564000", "interestExpense": "147297000", "nonInterestIncome": "6798287000", "otherNonOperatingIncome": "None", "depreciation": "50000000", "depreciationAndAmortization": "112956000", "incomeBeforeTax": "768527000", "incomeTaxExpense": "219433000", "interestAndDebtExpense": "147297000", "netIncomeFromContinuingOperations": "553337000", "comprehensiveIncomeNetOfTax": "562029000", "ebit": "915824000", "ebitda": "1028780000", "netIncome": "549094000"}, {"fiscalDateEnding": "2016-12-31", "reportedCurrency": "USD", "grossProfit": "-1347287000", "totalRevenue": "7654184000", "costOfRevenue": "9001471000", "costofGoodsAndServicesSold": "-6757746000", "operatingIncome": "-9106148000", "sellingGeneralAndAdministrative": "67866000", "researchAndDevelopment": "None", "operatingExpenses": "7758861000", "investmentIncomeNet": "564163000", "netInterestIncome": "-140896000", "interestIncome": "-128992000", "interestExpense": "140896000", "nonInterestIncome": "6705014000", "otherNonOperatingIncome": "None", "depreciation": "47000000", "depreciationAndAmortization": "86051000", "incomeBeforeTax": "894869000", "incomeTaxExpense": "292953000", "interestAndDebtExpense": "140896000", "netIncomeFromContinuingOperations": "603485000", "comprehensiveIncomeNetOfTax": "724300000", "ebit": "1035765000", "ebitda": "1121816000", "netIncome": "601916000"}], "quarterlyReports": [{"fiscalDateEnding": "2021-09-30", "reportedCurrency": "USD", "grossProfit": "-172268000", "totalRevenue": "2424283000", "costOfRevenue": "2596551000", "costofGoodsAndServicesSold": "-2092002000", "operatingIncome": "-2264270000", "sellingGeneralAndAdministrative": "32984000", "researchAndDevelopment": "None", "operatingExpenses": "2092002000", "investmentIncomeNet": "179851000", "netInterestIncome": "-35100000", "interestIncome": "-35100000", "interestExpense": "35100000", "nonInterestIncome": "2197067000", "otherNonOperatingIncome": "None", "depreciation": "None", "depreciationAndAmortization": "30733000", "incomeBeforeTax": "326260000", "incomeTaxExpense": "64963000", "interestAndDebtExpense": "35100000", "netIncomeFromContinuingOperations": "267318000", "comprehensiveIncomeNetOfTax": "192879000", "ebit": "361360000", "ebitda": "392093000", "netIncome": "261297000"}, {"fiscalDateEnding": "2021-06-30", "reportedCurrency": "USD", "grossProfit": "-108980000", "totalRevenue": "2296086000", "costOfRevenue": "2405066000", "costofGoodsAndServicesSold": "-1996146000", "operatingIncome": "-2105126000", "sellingGeneralAndAdministrative": "33218000", "researchAndDevelopment": "None", "operatingExpenses": "1996146000", "investmentIncomeNet": "168187000", "netInterestIncome": "-38096000", "interestIncome": "-38096000", "interestExpense": "38096000", "nonInterestIncome": "2077277000", "otherNonOperatingIncome": "None", "depreciation": "None", "depreciationAndAmortization": "37054000", "incomeBeforeTax": "299500000", "incomeTaxExpense": "62262000", "interestAndDebtExpense": "38096000", "netIncomeFromContinuingOperations": "237678000", "comprehensiveIncomeNetOfTax": "263048000", "ebit": "337596000", "ebitda": "374650000", "netIncome": "237238000"}, {"fiscalDateEnding": "2021-03-31", "reportedCurrency": "USD", "grossProfit": "-118619000", "totalRevenue": "2156869000", "costOfRevenue": "2275488000", "costofGoodsAndServicesSold": "-1860801000", "operatingIncome": "-1979420000", "sellingGeneralAndAdministrative": "32050000", "researchAndDevelopment": "None", "operatingExpenses": "1860801000", "investmentIncomeNet": "158577000", "netInterestIncome": "-36651000", "interestIncome": "-36651000", "interestExpense": "36651000", "nonInterestIncome": "1999307000", "otherNonOperatingIncome": "None", "depreciation": "None", "depreciationAndAmortization": "33543000", "incomeBeforeTax": "293877000", "incomeTaxExpense": "64352000", "interestAndDebtExpense": "36651000", "netIncomeFromContinuingOperations": "231716000", "comprehensiveIncomeNetOfTax": "143445000", "ebit": "330528000", "ebitda": "364071000", "netIncome": "229525000"}, {"fiscalDateEnding": "2020-12-31", "reportedCurrency": "USD", "grossProfit": "-867802000", "totalRevenue": "2312471000", "costOfRevenue": "3180273000", "costofGoodsAndServicesSold": "-1913063000", "operatingIncome": "-3986924000", "sellingGeneralAndAdministrative": "32856000", "researchAndDevelopment": "None", "operatingExpenses": "3119122000", "investmentIncomeNet": "180977000", "netInterestIncome": "-35663000", "interestIncome": "-35663000", "interestExpense": "35663000", "nonInterestIncome": "1907480000", "otherNonOperatingIncome": "None", "depreciation": "None", "depreciationAndAmortization": "38870000", "incomeBeforeTax": "399067000", "incomeTaxExpense": "86917000", "interestAndDebtExpense": "44103000", "netIncomeFromContinuingOperations": "312490000", "comprehensiveIncomeNetOfTax": "420864000", "ebit": "434730000", "ebitda": "473600000", "netIncome": "312150000"}, {"fiscalDateEnding": "2020-09-30", "reportedCurrency": "USD", "grossProfit": "-186569000", "totalRevenue": "2039819000", "costOfRevenue": "2226388000", "costofGoodsAndServicesSold": "-1833405000", "operatingIncome": "-2019974000", "sellingGeneralAndAdministrative": "32050000", "researchAndDevelopment": "None", "operatingExpenses": "1833405000", "investmentIncomeNet": "142650000", "netInterestIncome": "-39768000", "interestIncome": "-44846000", "interestExpense": "39768000", "nonInterestIncome": "1838228000", "otherNonOperatingIncome": "None", "depreciation": "None", "depreciationAndAmortization": "32130000", "incomeBeforeTax": "205726000", "incomeTaxExpense": "54048000", "interestAndDebtExpense": "39768000", "netIncomeFromContinuingOperations": "152366000", "comprehensiveIncomeNetOfTax": "230148000", "ebit": "245494000", "ebitda": "277624000", "netIncome": "151678000"}, {"fiscalDateEnding": "2020-06-30", "reportedCurrency": "USD", "grossProfit": "-339017000", "totalRevenue": "1936026000", "costOfRevenue": "2275043000", "costofGoodsAndServicesSold": "-1830577000", "operatingIncome": "-2169594000", "sellingGeneralAndAdministrative": "31301000", "researchAndDevelopment": "None", "operatingExpenses": "1830577000", "investmentIncomeNet": "85431000", "netInterestIncome": "-38373000", "interestIncome": "-38373000", "interestExpense": "38373000", "nonInterestIncome": "1763421000", "otherNonOperatingIncome": "None", "depreciation": "None", "depreciationAndAmortization": "39002000", "incomeBeforeTax": "105053000", "incomeTaxExpense": "33793000", "interestAndDebtExpense": "38373000", "netIncomeFromContinuingOperations": "71656000", "comprehensiveIncomeNetOfTax": "411433000", "ebit": "143426000", "ebitda": "182428000", "netIncome": "71260000"}, {"fiscalDateEnding": "2020-03-31", "reportedCurrency": "USD", "grossProfit": "-431098000", "totalRevenue": "1810610000", "costOfRevenue": "2241708000", "costofGoodsAndServicesSold": "-1817078000", "operatingIncome": "-2248176000", "sellingGeneralAndAdministrative": "33809000", "researchAndDevelopment": "None", "operatingExpenses": "1817078000", "investmentIncomeNet": "174763000", "netInterestIncome": "-36734000", "interestIncome": "-15193000", "interestExpense": "36734000", "nonInterestIncome": "1802646000", "otherNonOperatingIncome": "None", "depreciation": "None", "depreciationAndAmortization": "25063000", "incomeBeforeTax": "-7360000", "incomeTaxExpense": "-2942000", "interestAndDebtExpense": "36734000", "netIncomeFromContinuingOperations": "-3526000", "comprehensiveIncomeNetOfTax": "-361594000", "ebit": "29374000", "ebitda": "54437000", "netIncome": "-4418000"}, {"fiscalDateEnding": "2019-12-31", "reportedCurrency": "USD", "grossProfit": "1976074000", "totalRevenue": "1976074000", "costOfRevenue": "3233442000", "costofGoodsAndServicesSold": "12269241000", "operatingIncome": "1976074000", "sellingGeneralAndAdministrative": "34942000", "researchAndDevelopment": "None", "operatingExpenses": "2918001000", "investmentIncomeNet": "137335000", "netInterestIncome": "-33496000", "interestIncome": "-31865000", "interestExpense": "33496000", "nonInterestIncome": "1840120000", "otherNonOperatingIncome": "None", "depreciation": "None", "depreciationAndAmortization": "71380000", "incomeBeforeTax": "146276000", "incomeTaxExpense": "26970000", "interestAndDebtExpense": "33496000", "netIncomeFromContinuingOperations": "1976074000", "comprehensiveIncomeNetOfTax": "184111000", "ebit": "179772000", "ebitda": "251152000", "netIncome": "119306000"}, {"fiscalDateEnding": "2019-09-30", "reportedCurrency": "USD", "grossProfit": "-117226000", "totalRevenue": "1965716000", "costOfRevenue": "2082942000", "costofGoodsAndServicesSold": "-1762734000", "operatingIncome": "-1879960000", "sellingGeneralAndAdministrative": "36905000", "researchAndDevelopment": "None", "operatingExpenses": "1762734000", "investmentIncomeNet": "161692000", "netInterestIncome": "-38475000", "interestIncome": "-15885000", "interestExpense": "38475000", "nonInterestIncome": "1752355000", "otherNonOperatingIncome": "None", "depreciation": "None", "depreciationAndAmortization": "-9282000", "incomeBeforeTax": "203039000", "incomeTaxExpense": "37831000", "interestAndDebtExpense": "38475000", "netIncomeFromContinuingOperations": "165151000", "comprehensiveIncomeNetOfTax": "103658000", "ebit": "241514000", "ebitda": "232232000", "netIncome": "165208000"}, {"fiscalDateEnding": "2019-06-30", "reportedCurrency": "USD", "grossProfit": "-34276000", "totalRevenue": "2023384000", "costOfRevenue": "2057660000", "costofGoodsAndServicesSold": "-1749648000", "operatingIncome": "-1783924000", "sellingGeneralAndAdministrative": "36066000", "researchAndDevelopment": "None", "operatingExpenses": "1749648000", "investmentIncomeNet": "188333000", "netInterestIncome": "-40718000", "interestIncome": "-41188000", "interestExpense": "40718000", "nonInterestIncome": "1719974000", "otherNonOperatingIncome": "None", "depreciation": "None", "depreciationAndAmortization": "23865000", "incomeBeforeTax": "273018000", "incomeTaxExpense": "56309000", "interestAndDebtExpense": "40718000", "netIncomeFromContinuingOperations": "217427000", "comprehensiveIncomeNetOfTax": "320836000", "ebit": "313736000", "ebitda": "337601000", "netIncome": "216709000"}, {"fiscalDateEnding": "2019-03-31", "reportedCurrency": "USD", "grossProfit": "-67702000", "totalRevenue": "1937022000", "costOfRevenue": "2004724000", "costofGoodsAndServicesSold": "-1707583000", "operatingIncome": "-1775285000", "sellingGeneralAndAdministrative": "11555000", "researchAndDevelopment": "None", "operatingExpenses": "1707583000", "investmentIncomeNet": "158254000", "netInterestIncome": "-40721000", "interestIncome": "None", "interestExpense": "40721000", "nonInterestIncome": "1662920000", "otherNonOperatingIncome": "None", "depreciation": "None", "depreciationAndAmortization": "27424000", "incomeBeforeTax": "228547000", "incomeTaxExpense": "47825000", "interestAndDebtExpense": "40721000", "netIncomeFromContinuingOperations": "181614000", "comprehensiveIncomeNetOfTax": "326303000", "ebit": "269268000", "ebitda": "296692000", "netIncome": "180722000"}, {"fiscalDateEnding": "2018-12-31", "reportedCurrency": "USD", "grossProfit": "1951586000", "totalRevenue": "1951586000", "costOfRevenue": "3077283000", "costofGoodsAndServicesSold": "11970167000", "operatingIncome": "1951586000", "sellingGeneralAndAdministrative": "11555000", "researchAndDevelopment": "None", "operatingExpenses": "3039797000", "investmentIncomeNet": "159816000", "netInterestIncome": "-40577000", "interestIncome": "None", "interestExpense": "40577000", "nonInterestIncome": "1737572000", "otherNonOperatingIncome": "None", "depreciation": "None", "depreciationAndAmortization": "54567000", "incomeBeforeTax": "158724000", "incomeTaxExpense": "26367000", "interestAndDebtExpense": "40577000", "netIncomeFromContinuingOperations": "1951586000", "comprehensiveIncomeNetOfTax": "96917000", "ebit": "199301000", "ebitda": "253868000", "netIncome": "132357000"}, {"fiscalDateEnding": "2018-09-30", "reportedCurrency": "USD", "grossProfit": "-97538000", "totalRevenue": "1937902000", "costOfRevenue": "2035440000", "costofGoodsAndServicesSold": "-1728679000", "operatingIncome": "-1826217000", "sellingGeneralAndAdministrative": "11555000", "researchAndDevelopment": "None", "operatingExpenses": "1728679000", "investmentIncomeNet": "186124000", "netInterestIncome": "-39848000", "interestIncome": "None", "interestExpense": "39848000", "nonInterestIncome": "1703624000", "otherNonOperatingIncome": "None", "depreciation": "None", "depreciationAndAmortization": "20169000", "incomeBeforeTax": "206700000", "incomeTaxExpense": "44780000", "interestAndDebtExpense": "39848000", "netIncomeFromContinuingOperations": "164443000", "comprehensiveIncomeNetOfTax": "82824000", "ebit": "246548000", "ebitda": "266717000", "netIncome": "161920000"}, {"fiscalDateEnding": "2018-06-30", "reportedCurrency": "USD", "grossProfit": "-36356000", "totalRevenue": "1910916000", "costOfRevenue": "1947272000", "costofGoodsAndServicesSold": "-1681674000", "operatingIncome": "-1718030000", "sellingGeneralAndAdministrative": "None", "researchAndDevelopment": "None", "operatingExpenses": "1681674000", "investmentIncomeNet": "153777000", "netInterestIncome": "-39705000", "interestIncome": "None", "interestExpense": "39705000", "nonInterestIncome": "1676342000", "otherNonOperatingIncome": "None", "depreciation": "None", "depreciationAndAmortization": "27345000", "incomeBeforeTax": "228539000", "incomeTaxExpense": "48464000", "interestAndDebtExpense": "39705000", "netIncomeFromContinuingOperations": "180778000", "comprehensiveIncomeNetOfTax": "43215000", "ebit": "268244000", "ebitda": "295589000", "netIncome": "180075000"}, {"fiscalDateEnding": "2018-03-31", "reportedCurrency": "USD", "grossProfit": "-64218000", "totalRevenue": "1891247000", "costOfRevenue": "1955465000", "costofGoodsAndServicesSold": "-1680257000", "operatingIncome": "-1744475000", "sellingGeneralAndAdministrative": "None", "researchAndDevelopment": "None", "operatingExpenses": "1680257000", "investmentIncomeNet": "174518000", "netInterestIncome": "-37056000", "interestIncome": "None", "interestExpense": "37056000", "nonInterestIncome": "1666616000", "otherNonOperatingIncome": "None", "depreciation": "None", "depreciationAndAmortization": "29027000", "incomeBeforeTax": "209814000", "incomeTaxExpense": "43417000", "interestAndDebtExpense": "37056000", "netIncomeFromContinuingOperations": "167573000", "comprehensiveIncomeNetOfTax": "53412000", "ebit": "246870000", "ebitda": "275897000", "netIncome": "166397000"}, {"fiscalDateEnding": "2017-12-31", "reportedCurrency": "USD", "grossProfit": "1934956000", "totalRevenue": "1934956000", "costOfRevenue": "3174243000", "costofGoodsAndServicesSold": "-1733556000", "operatingIncome": "1934956000", "sellingGeneralAndAdministrative": "None", "researchAndDevelopment": "None", "operatingExpenses": "2797280000", "investmentIncomeNet": "149187000", "netInterestIncome": "-36878000", "interestIncome": "None", "interestExpense": "36878000", "nonInterestIncome": "1674661000", "otherNonOperatingIncome": "None", "depreciation": "None", "depreciationAndAmortization": "34819000", "incomeBeforeTax": "199717000", "incomeTaxExpense": "45128000", "interestAndDebtExpense": "36878000", "netIncomeFromContinuingOperations": "1934956000", "comprehensiveIncomeNetOfTax": "69333000", "ebit": "236595000", "ebitda": "271414000", "netIncome": "154589000"}, {"fiscalDateEnding": "2017-09-30", "reportedCurrency": "USD", "grossProfit": "-131006000", "totalRevenue": "2031342000", "costOfRevenue": "2162348000", "costofGoodsAndServicesSold": "-1805229000", "operatingIncome": "-1936235000", "sellingGeneralAndAdministrative": "None", "researchAndDevelopment": "None", "operatingExpenses": "1805229000", "investmentIncomeNet": "142479000", "netInterestIncome": "-36821000", "interestIncome": "None", "interestExpense": "36821000", "nonInterestIncome": "1802562000", "otherNonOperatingIncome": "None", "depreciation": "None", "depreciationAndAmortization": "33458000", "incomeBeforeTax": "225349000", "incomeTaxExpense": "63295000", "interestAndDebtExpense": "36821000", "netIncomeFromContinuingOperations": "162818000", "comprehensiveIncomeNetOfTax": "182511000", "ebit": "262170000", "ebitda": "295628000", "netIncome": "162054000"}, {"fiscalDateEnding": "2017-06-30", "reportedCurrency": "USD", "grossProfit": "-81347000", "totalRevenue": "1848049000", "costOfRevenue": "1929396000", "costofGoodsAndServicesSold": "-1687088000", "operatingIncome": "-1768435000", "sellingGeneralAndAdministrative": "None", "researchAndDevelopment": "None", "operatingExpenses": "1687088000", "investmentIncomeNet": "135264000", "netInterestIncome": "-36799000", "interestIncome": "None", "interestExpense": "36799000", "nonInterestIncome": "1659927000", "otherNonOperatingIncome": "None", "depreciation": "None", "depreciationAndAmortization": "26546000", "incomeBeforeTax": "160392000", "incomeTaxExpense": "51388000", "interestAndDebtExpense": "36799000", "netIncomeFromContinuingOperations": "109573000", "comprehensiveIncomeNetOfTax": "172815000", "ebit": "197191000", "ebitda": "223737000", "netIncome": "109004000"}, {"fiscalDateEnding": "2017-03-31", "reportedCurrency": "USD", "grossProfit": "-106921000", "totalRevenue": "1870418000", "costOfRevenue": "1977339000", "costofGoodsAndServicesSold": "-1686121000", "operatingIncome": "-1793042000", "sellingGeneralAndAdministrative": "None", "researchAndDevelopment": "None", "operatingExpenses": "1686121000", "investmentIncomeNet": "148858000", "netInterestIncome": "-36799000", "interestIncome": "None", "interestExpense": "36799000", "nonInterestIncome": "1661139000", "otherNonOperatingIncome": "None", "depreciation": "None", "depreciationAndAmortization": "18133000", "incomeBeforeTax": "183070000", "incomeTaxExpense": "59623000", "interestAndDebtExpense": "36799000", "netIncomeFromContinuingOperations": "124674000", "comprehensiveIncomeNetOfTax": "137370000", "ebit": "219869000", "ebitda": "238002000", "netIncome": "123447000"}, {"fiscalDateEnding": "2016-12-31", "reportedCurrency": "USD", "grossProfit": "1971333000", "totalRevenue": "1971333000", "costOfRevenue": "3227640000", "costofGoodsAndServicesSold": "-1739499000", "operatingIncome": "1971333000", "sellingGeneralAndAdministrative": "None", "researchAndDevelopment": "None", "operatingExpenses": "2740926000", "investmentIncomeNet": "159313000", "netInterestIncome": "-36877000", "interestIncome": "None", "interestExpense": "36877000", "nonInterestIncome": "1787737000", "otherNonOperatingIncome": "None", "depreciation": "None", "depreciationAndAmortization": "16898000", "incomeBeforeTax": "-149803000", "incomeTaxExpense": "-302593000", "interestAndDebtExpense": "36877000", "netIncomeFromContinuingOperations": "2273926000", "comprehensiveIncomeNetOfTax": "218283000", "ebit": "-112926000", "ebitda": "-96028000", "netIncome": "152790000"}]}