{"symbol": "WST", "annualReports": [{"fiscalDateEnding": "2020-12-31", "reportedCurrency": "USD", "grossProfit": "767800000", "totalRevenue": "2146900000", "costOfRevenue": "1379100000", "costofGoodsAndServicesSold": "1379100000", "operatingIncome": "406900000", "sellingGeneralAndAdministrative": "302000000", "researchAndDevelopment": "46900000", "operatingExpenses": "365600000", "investmentIncomeNet": "1400000", "netInterestIncome": "-8200000", "interestIncome": "-6800000", "interestExpense": "8200000", "nonInterestIncome": "2140700000", "otherNonOperatingIncome": "1200000", "depreciation": "104700000", "depreciationAndAmortization": "4400000", "incomeBeforeTax": "418700000", "incomeTaxExpense": "72500000", "interestAndDebtExpense": "8200000", "netIncomeFromContinuingOperations": "346200000", "comprehensiveIncomeNetOfTax": "385200000", "ebit": "426900000", "ebitda": "431300000", "netIncome": "346200000"}, {"fiscalDateEnding": "2019-12-31", "reportedCurrency": "USD", "grossProfit": "605700000", "totalRevenue": "1839900000", "costOfRevenue": "1234200000", "costofGoodsAndServicesSold": "1234200000", "operatingIncome": "296600000", "sellingGeneralAndAdministrative": "272700000", "researchAndDevelopment": "38900000", "operatingExpenses": "318000000", "investmentIncomeNet": "3800000", "netInterestIncome": "-8500000", "interestIncome": "3800000", "interestExpense": "8500000", "nonInterestIncome": "3800000", "otherNonOperatingIncome": "-100000", "depreciation": "100000000", "depreciationAndAmortization": "3400000", "incomeBeforeTax": "300700000", "incomeTaxExpense": "59000000", "interestAndDebtExpense": "8500000", "netIncomeFromContinuingOperations": "241700000", "comprehensiveIncomeNetOfTax": "246300000", "ebit": "309200000", "ebitda": "312600000", "netIncome": "241700000"}, {"fiscalDateEnding": "2018-12-31", "reportedCurrency": "USD", "grossProfit": "545400000", "totalRevenue": "1717400000", "costOfRevenue": "1172000000", "costofGoodsAndServicesSold": "1172000000", "operatingIncome": "240300000", "sellingGeneralAndAdministrative": "262900000", "researchAndDevelopment": "40300000", "operatingExpenses": "316800000", "investmentIncomeNet": "2100000", "netInterestIncome": "-8400000", "interestIncome": "2100000", "interestExpense": "8400000", "nonInterestIncome": "-1800000", "otherNonOperatingIncome": "6700000", "depreciation": "101700000", "depreciationAndAmortization": "2700000", "incomeBeforeTax": "248300000", "incomeTaxExpense": "41400000", "interestAndDebtExpense": "8400000", "netIncomeFromContinuingOperations": "206900000", "comprehensiveIncomeNetOfTax": "170000000", "ebit": "256700000", "ebitda": "259400000", "netIncome": "206900000"}, {"fiscalDateEnding": "2017-12-31", "reportedCurrency": "USD", "grossProfit": "512900000", "totalRevenue": "1599100000", "costOfRevenue": "1086200000", "costofGoodsAndServicesSold": "1086200000", "operatingIncome": "225800000", "sellingGeneralAndAdministrative": "246000000", "researchAndDevelopment": "39100000", "operatingExpenses": "285700000", "investmentIncomeNet": "1300000", "netInterestIncome": "-7800000", "interestIncome": "1300000", "interestExpense": "7800000", "nonInterestIncome": "-1600000", "otherNonOperatingIncome": "3100000", "depreciation": "94300000", "depreciationAndAmortization": "2400000", "incomeBeforeTax": "231600000", "incomeTaxExpense": "80900000", "interestAndDebtExpense": "7800000", "netIncomeFromContinuingOperations": "150700000", "comprehensiveIncomeNetOfTax": "220200000", "ebit": "225800000", "ebitda": "241800000", "netIncome": "150700000"}, {"fiscalDateEnding": "2016-12-31", "reportedCurrency": "USD", "grossProfit": "501400000", "totalRevenue": "1509100000", "costOfRevenue": "1007700000", "costofGoodsAndServicesSold": "1007700000", "operatingIncome": "195200000", "sellingGeneralAndAdministrative": "239600000", "researchAndDevelopment": "36800000", "operatingExpenses": "306300000", "investmentIncomeNet": "1100000", "netInterestIncome": "-8100000", "interestIncome": "1100000", "interestExpense": "8100000", "nonInterestIncome": "-3400000", "otherNonOperatingIncome": "1600000", "depreciation": "88100000", "depreciationAndAmortization": "2600000", "incomeBeforeTax": "198000000", "incomeTaxExpense": "54400000", "interestAndDebtExpense": "8100000", "netIncomeFromContinuingOperations": "143600000", "comprehensiveIncomeNetOfTax": "119400000", "ebit": "195200000", "ebitda": "208700000", "netIncome": "143600000"}], "quarterlyReports": [{"fiscalDateEnding": "2021-09-30", "reportedCurrency": "USD", "grossProfit": "288200000", "totalRevenue": "704300000", "costOfRevenue": "510200000", "costofGoodsAndServicesSold": "418300000", "operatingIncome": "181400000", "sellingGeneralAndAdministrative": "91900000", "researchAndDevelopment": "13100000", "operatingExpenses": "105000000", "investmentIncomeNet": "400000", "netInterestIncome": "-1800000", "interestIncome": "-1400000", "interestExpense": "1800000", "nonInterestIncome": "706100000", "otherNonOperatingIncome": "1100000", "depreciation": "28900000", "depreciationAndAmortization": "30000000", "incomeBeforeTax": "187600000", "incomeTaxExpense": "12000000", "interestAndDebtExpense": "1800000", "netIncomeFromContinuingOperations": "175600000", "comprehensiveIncomeNetOfTax": "153100000", "ebit": "189400000", "ebitda": "219400000", "netIncome": "175600000"}, {"fiscalDateEnding": "2021-06-30", "reportedCurrency": "USD", "grossProfit": "315100000", "totalRevenue": "724300000", "costOfRevenue": "501300000", "costofGoodsAndServicesSold": "408500000", "operatingIncome": "211300000", "sellingGeneralAndAdministrative": "92700000", "researchAndDevelopment": "13800000", "operatingExpenses": "106600000", "investmentIncomeNet": "200000", "netInterestIncome": "-1900000", "interestIncome": "-1700000", "interestExpense": "1900000", "nonInterestIncome": "726200000", "otherNonOperatingIncome": "1400000", "depreciation": "27700000", "depreciationAndAmortization": "28800000", "incomeBeforeTax": "219600000", "incomeTaxExpense": "32300000", "interestAndDebtExpense": "1900000", "netIncomeFromContinuingOperations": "187300000", "comprehensiveIncomeNetOfTax": "194300000", "ebit": "221500000", "ebitda": "250300000", "netIncome": "187300000"}, {"fiscalDateEnding": "2021-03-31", "reportedCurrency": "USD", "grossProfit": "271900000", "totalRevenue": "670700000", "costOfRevenue": "398800000", "costofGoodsAndServicesSold": "398800000", "operatingIncome": "175600000", "sellingGeneralAndAdministrative": "80200000", "researchAndDevelopment": "12200000", "operatingExpenses": "93000000", "investmentIncomeNet": "100000", "netInterestIncome": "-1900000", "interestIncome": "100000", "interestExpense": "1900000", "nonInterestIncome": "671000000", "otherNonOperatingIncome": "1100000", "depreciation": "28000000", "depreciationAndAmortization": "29100000", "incomeBeforeTax": "179900000", "incomeTaxExpense": "28700000", "interestAndDebtExpense": "1900000", "netIncomeFromContinuingOperations": "151200000", "comprehensiveIncomeNetOfTax": "121600000", "ebit": "181800000", "ebitda": "210900000", "netIncome": "151200000"}, {"fiscalDateEnding": "2020-12-31", "reportedCurrency": "USD", "grossProfit": "211100000", "totalRevenue": "581800000", "costOfRevenue": "446500000", "costofGoodsAndServicesSold": "369100000", "operatingIncome": "116100000", "sellingGeneralAndAdministrative": "76300000", "researchAndDevelopment": "12900000", "operatingExpenses": "98000000", "investmentIncomeNet": "200000", "netInterestIncome": "-2100000", "interestIncome": "-1900000", "interestExpense": "2100000", "nonInterestIncome": "580200000", "otherNonOperatingIncome": "900000", "depreciation": "27400000", "depreciationAndAmortization": "28500000", "incomeBeforeTax": "118800000", "incomeTaxExpense": "20400000", "interestAndDebtExpense": "2100000", "netIncomeFromContinuingOperations": "211100000", "comprehensiveIncomeNetOfTax": "147300000", "ebit": "120900000", "ebitda": "149400000", "netIncome": "98400000"}, {"fiscalDateEnding": "2020-09-30", "reportedCurrency": "USD", "grossProfit": "194600000", "totalRevenue": "544900000", "costOfRevenue": "435200000", "costofGoodsAndServicesSold": "353400000", "operatingIncome": "99200000", "sellingGeneralAndAdministrative": "76200000", "researchAndDevelopment": "12500000", "operatingExpenses": "94300000", "investmentIncomeNet": "200000", "netInterestIncome": "-2100000", "interestIncome": "-1900000", "interestExpense": "2100000", "nonInterestIncome": "547000000", "otherNonOperatingIncome": "400000", "depreciation": "27200000", "depreciationAndAmortization": "28400000", "incomeBeforeTax": "103400000", "incomeTaxExpense": "21100000", "interestAndDebtExpense": "2100000", "netIncomeFromContinuingOperations": "82300000", "comprehensiveIncomeNetOfTax": "110600000", "ebit": "105500000", "ebitda": "133900000", "netIncome": "82300000"}, {"fiscalDateEnding": "2020-06-30", "reportedCurrency": "USD", "grossProfit": "195100000", "totalRevenue": "523200000", "costOfRevenue": "413100000", "costofGoodsAndServicesSold": "332100000", "operatingIncome": "103600000", "sellingGeneralAndAdministrative": "77700000", "researchAndDevelopment": "10800000", "operatingExpenses": "91800000", "investmentIncomeNet": "200000", "netInterestIncome": "-2000000", "interestIncome": "200000", "interestExpense": "2000000", "nonInterestIncome": "525200000", "otherNonOperatingIncome": "200000", "depreciation": "25200000", "depreciationAndAmortization": "200000", "incomeBeforeTax": "107200000", "incomeTaxExpense": "16000000", "interestAndDebtExpense": "2000000", "netIncomeFromContinuingOperations": "91200000", "comprehensiveIncomeNetOfTax": "95700000", "ebit": "109200000", "ebitda": "109400000", "netIncome": "91200000"}, {"fiscalDateEnding": "2020-03-31", "reportedCurrency": "USD", "grossProfit": "167000000", "totalRevenue": "491500000", "costOfRevenue": "324500000", "costofGoodsAndServicesSold": "324500000", "operatingIncome": "88000000", "sellingGeneralAndAdministrative": "71800000", "researchAndDevelopment": "10700000", "operatingExpenses": "83900000", "investmentIncomeNet": "800000", "netInterestIncome": "-2000000", "interestIncome": "800000", "interestExpense": "2000000", "nonInterestIncome": "-3500000", "otherNonOperatingIncome": "-300000", "depreciation": "24900000", "depreciationAndAmortization": "26000000", "incomeBeforeTax": "89300000", "incomeTaxExpense": "15000000", "interestAndDebtExpense": "2000000", "netIncomeFromContinuingOperations": "74300000", "comprehensiveIncomeNetOfTax": "31600000", "ebit": "91300000", "ebitda": "117300000", "netIncome": "74300000"}, {"fiscalDateEnding": "2019-12-31", "reportedCurrency": "USD", "grossProfit": "153200000", "totalRevenue": "470600000", "costOfRevenue": "317400000", "costofGoodsAndServicesSold": "317400000", "operatingIncome": "78100000", "sellingGeneralAndAdministrative": "69000000", "researchAndDevelopment": "10200000", "operatingExpenses": "79100000", "investmentIncomeNet": "1300000", "netInterestIncome": "-2100000", "interestIncome": "1300000", "interestExpense": "2100000", "nonInterestIncome": "470600000", "otherNonOperatingIncome": "100000", "depreciation": "25400000", "depreciationAndAmortization": "26300000", "incomeBeforeTax": "80400000", "incomeTaxExpense": "16500000", "interestAndDebtExpense": "2100000", "netIncomeFromContinuingOperations": "153200000", "comprehensiveIncomeNetOfTax": "84700000", "ebit": "82500000", "ebitda": "108800000", "netIncome": "63900000"}, {"fiscalDateEnding": "2019-09-30", "reportedCurrency": "USD", "grossProfit": "147800000", "totalRevenue": "456100000", "costOfRevenue": "308300000", "costofGoodsAndServicesSold": "308300000", "operatingIncome": "67300000", "sellingGeneralAndAdministrative": "64800000", "researchAndDevelopment": "9300000", "operatingExpenses": "78600000", "investmentIncomeNet": "1000000", "netInterestIncome": "-2100000", "interestIncome": "1000000", "interestExpense": "2100000", "nonInterestIncome": "5100000", "otherNonOperatingIncome": "-1300000", "depreciation": "24400000", "depreciationAndAmortization": "25300000", "incomeBeforeTax": "67200000", "incomeTaxExpense": "10900000", "interestAndDebtExpense": "2100000", "netIncomeFromContinuingOperations": "56300000", "comprehensiveIncomeNetOfTax": "38100000", "ebit": "69300000", "ebitda": "94600000", "netIncome": "56300000"}, {"fiscalDateEnding": "2019-06-30", "reportedCurrency": "USD", "grossProfit": "157900000", "totalRevenue": "469700000", "costOfRevenue": "311800000", "costofGoodsAndServicesSold": "311800000", "operatingIncome": "80500000", "sellingGeneralAndAdministrative": "70300000", "researchAndDevelopment": "9600000", "operatingExpenses": "81300000", "investmentIncomeNet": "600000", "netInterestIncome": "-2000000", "interestIncome": "600000", "interestExpense": "2000000", "nonInterestIncome": "-4800000", "otherNonOperatingIncome": "500000", "depreciation": "25300000", "depreciationAndAmortization": "26300000", "incomeBeforeTax": "81600000", "incomeTaxExpense": "15500000", "interestAndDebtExpense": "2000000", "netIncomeFromContinuingOperations": "66100000", "comprehensiveIncomeNetOfTax": "67300000", "ebit": "83600000", "ebitda": "109900000", "netIncome": "66100000"}, {"fiscalDateEnding": "2019-03-31", "reportedCurrency": "USD", "grossProfit": "146800000", "totalRevenue": "443500000", "costOfRevenue": "296700000", "costofGoodsAndServicesSold": "296700000", "operatingIncome": "70700000", "sellingGeneralAndAdministrative": "68600000", "researchAndDevelopment": "9800000", "operatingExpenses": "79000000", "investmentIncomeNet": "900000", "netInterestIncome": "-2300000", "interestIncome": "900000", "interestExpense": "2300000", "nonInterestIncome": "-3800000", "otherNonOperatingIncome": "-600000", "depreciation": "24900000", "depreciationAndAmortization": "25500000", "incomeBeforeTax": "71500000", "incomeTaxExpense": "16100000", "interestAndDebtExpense": "2300000", "netIncomeFromContinuingOperations": "55400000", "comprehensiveIncomeNetOfTax": "56200000", "ebit": "73800000", "ebitda": "99300000", "netIncome": "55400000"}, {"fiscalDateEnding": "2018-12-31", "reportedCurrency": "USD", "grossProfit": "133200000", "totalRevenue": "422500000", "costOfRevenue": "289300000", "costofGoodsAndServicesSold": "289300000", "operatingIncome": "65800000", "sellingGeneralAndAdministrative": "59700000", "researchAndDevelopment": "9800000", "operatingExpenses": "75600000", "investmentIncomeNet": "700000", "netInterestIncome": "-2300000", "interestIncome": "None", "interestExpense": "2300000", "nonInterestIncome": "-700000", "otherNonOperatingIncome": "1600000", "depreciation": "25600000", "depreciationAndAmortization": "26300000", "incomeBeforeTax": "66900000", "incomeTaxExpense": "14900000", "interestAndDebtExpense": "2300000", "netIncomeFromContinuingOperations": "52000000", "comprehensiveIncomeNetOfTax": "51600000", "ebit": "65800000", "ebitda": "95500000", "netIncome": "52000000"}, {"fiscalDateEnding": "2018-09-30", "reportedCurrency": "USD", "grossProfit": "135600000", "totalRevenue": "431700000", "costOfRevenue": "296100000", "costofGoodsAndServicesSold": "296100000", "operatingIncome": "60800000", "sellingGeneralAndAdministrative": "64900000", "researchAndDevelopment": "10100000", "operatingExpenses": "76600000", "investmentIncomeNet": "500000", "netInterestIncome": "-2000000", "interestIncome": "None", "interestExpense": "2000000", "nonInterestIncome": "-1100000", "otherNonOperatingIncome": "1800000", "depreciation": "25500000", "depreciationAndAmortization": "26200000", "incomeBeforeTax": "63200000", "incomeTaxExpense": "8000000", "interestAndDebtExpense": "2000000", "netIncomeFromContinuingOperations": "55200000", "comprehensiveIncomeNetOfTax": "45100000", "ebit": "60800000", "ebitda": "91400000", "netIncome": "55200000"}, {"fiscalDateEnding": "2018-06-30", "reportedCurrency": "USD", "grossProfit": "142200000", "totalRevenue": "447500000", "costOfRevenue": "305300000", "costofGoodsAndServicesSold": "305300000", "operatingIncome": "60300000", "sellingGeneralAndAdministrative": "70000000", "researchAndDevelopment": "10800000", "operatingExpenses": "83300000", "investmentIncomeNet": "300000", "netInterestIncome": "-2200000", "interestIncome": "None", "interestExpense": "2200000", "nonInterestIncome": "-1200000", "otherNonOperatingIncome": "1700000", "depreciation": "24900000", "depreciationAndAmortization": "25500000", "incomeBeforeTax": "62100000", "incomeTaxExpense": "6000000", "interestAndDebtExpense": "2200000", "netIncomeFromContinuingOperations": "56100000", "comprehensiveIncomeNetOfTax": "8200000", "ebit": "60300000", "ebitda": "89800000", "netIncome": "56100000"}, {"fiscalDateEnding": "2018-03-31", "reportedCurrency": "USD", "grossProfit": "134400000", "totalRevenue": "415700000", "costOfRevenue": "281300000", "costofGoodsAndServicesSold": "281300000", "operatingIncome": "53400000", "sellingGeneralAndAdministrative": "68300000", "researchAndDevelopment": "9600000", "operatingExpenses": "81300000", "investmentIncomeNet": "600000", "netInterestIncome": "-1900000", "interestIncome": "None", "interestExpense": "1900000", "nonInterestIncome": "400000", "otherNonOperatingIncome": "1600000", "depreciation": "25700000", "depreciationAndAmortization": "26400000", "incomeBeforeTax": "56100000", "incomeTaxExpense": "12500000", "interestAndDebtExpense": "1900000", "netIncomeFromContinuingOperations": "43600000", "comprehensiveIncomeNetOfTax": "65100000", "ebit": "53400000", "ebitda": "84400000", "netIncome": "43600000"}, {"fiscalDateEnding": "2017-12-31", "reportedCurrency": "USD", "grossProfit": "128600000", "totalRevenue": "415600000", "costOfRevenue": "287000000", "costofGoodsAndServicesSold": "287000000", "operatingIncome": "60400000", "sellingGeneralAndAdministrative": "59600000", "researchAndDevelopment": "9700000", "operatingExpenses": "72600000", "investmentIncomeNet": "400000", "netInterestIncome": "-2100000", "interestIncome": "None", "interestExpense": "2100000", "nonInterestIncome": "None", "otherNonOperatingIncome": "600000", "depreciation": "24400000", "depreciationAndAmortization": "24900000", "incomeBeforeTax": "61800000", "incomeTaxExpense": "61800000", "interestAndDebtExpense": "2100000", "netIncomeFromContinuingOperations": "0", "comprehensiveIncomeNetOfTax": "13300000", "ebit": "60400000", "ebitda": "83000000", "netIncome": "0"}, {"fiscalDateEnding": "2017-09-30", "reportedCurrency": "USD", "grossProfit": "125100000", "totalRevenue": "398200000", "costOfRevenue": "273100000", "costofGoodsAndServicesSold": "273100000", "operatingIncome": "62900000", "sellingGeneralAndAdministrative": "62600000", "researchAndDevelopment": "9100000", "operatingExpenses": "70600000", "investmentIncomeNet": "300000", "netInterestIncome": "-1300000", "interestIncome": "100000", "interestExpense": "1400000", "nonInterestIncome": "None", "otherNonOperatingIncome": "1100000", "depreciation": "24500000", "depreciationAndAmortization": "25000000", "incomeBeforeTax": "65000000", "incomeTaxExpense": "14000000", "interestAndDebtExpense": "1300000", "netIncomeFromContinuingOperations": "51000000", "comprehensiveIncomeNetOfTax": "72200000", "ebit": "62900000", "ebitda": "91300000", "netIncome": "51000000"}, {"fiscalDateEnding": "2017-06-30", "reportedCurrency": "USD", "grossProfit": "125000000", "totalRevenue": "395300000", "costOfRevenue": "333200000", "costofGoodsAndServicesSold": "272600000", "operatingIncome": "42000000", "sellingGeneralAndAdministrative": "61300000", "researchAndDevelopment": "10000000", "operatingExpenses": "70600000", "investmentIncomeNet": "300000", "netInterestIncome": "-2300000", "interestIncome": "-100000", "interestExpense": "2200000", "nonInterestIncome": "None", "otherNonOperatingIncome": "600000", "depreciation": "22800000", "depreciationAndAmortization": "23500000", "incomeBeforeTax": "41700000", "incomeTaxExpense": "2900000", "interestAndDebtExpense": "2300000", "netIncomeFromContinuingOperations": "38800000", "comprehensiveIncomeNetOfTax": "66000000", "ebit": "42000000", "ebitda": "67500000", "netIncome": "38800000"}, {"fiscalDateEnding": "2017-03-31", "reportedCurrency": "USD", "grossProfit": "134200000", "totalRevenue": "385600000", "costOfRevenue": "315200000", "costofGoodsAndServicesSold": "253500000", "operatingIncome": "60500000", "sellingGeneralAndAdministrative": "62500000", "researchAndDevelopment": "10300000", "operatingExpenses": "71900000", "investmentIncomeNet": "300000", "netInterestIncome": "-2100000", "interestIncome": "None", "interestExpense": "2100000", "nonInterestIncome": "None", "otherNonOperatingIncome": "800000", "depreciation": "22600000", "depreciationAndAmortization": "23300000", "incomeBeforeTax": "63100000", "incomeTaxExpense": "2200000", "interestAndDebtExpense": "2100000", "netIncomeFromContinuingOperations": "60900000", "comprehensiveIncomeNetOfTax": "68700000", "ebit": "60500000", "ebitda": "88500000", "netIncome": "60900000"}, {"fiscalDateEnding": "2016-12-31", "reportedCurrency": "USD", "grossProfit": "123700000", "totalRevenue": "391700000", "costOfRevenue": "309200000", "costofGoodsAndServicesSold": "258600000", "operatingIncome": "52700000", "sellingGeneralAndAdministrative": "60700000", "researchAndDevelopment": "9600000", "operatingExpenses": "60600000", "investmentIncomeNet": "300000", "netInterestIncome": "-1400000", "interestIncome": "None", "interestExpense": "1400000", "nonInterestIncome": "-700000", "otherNonOperatingIncome": "2400000", "depreciation": "22200000", "depreciationAndAmortization": "22800000", "incomeBeforeTax": "55200000", "incomeTaxExpense": "16100000", "interestAndDebtExpense": "1400000", "netIncomeFromContinuingOperations": "39100000", "comprehensiveIncomeNetOfTax": "-3900000", "ebit": "52700000", "ebitda": "79400000", "netIncome": "39100000"}]}