{"symbol": "WU", "annualReports": [{"fiscalDateEnding": "2020-12-31", "reportedCurrency": "USD", "grossProfit": "766200000", "totalRevenue": "4835000000", "costOfRevenue": "4068800000", "costofGoodsAndServicesSold": "2826500000", "operatingIncome": "967300000", "sellingGeneralAndAdministrative": "1041200000", "researchAndDevelopment": "None", "operatingExpenses": "1242300000", "investmentIncomeNet": "3200000", "netInterestIncome": "-118500000", "interestIncome": "3200000", "interestExpense": "118500000", "nonInterestIncome": "4625100000", "otherNonOperatingIncome": "3100000", "depreciation": "61300000", "depreciationAndAmortization": "164300000", "incomeBeforeTax": "855100000", "incomeTaxExpense": "110800000", "interestAndDebtExpense": "118500000", "netIncomeFromContinuingOperations": "744300000", "comprehensiveIncomeNetOfTax": "793800000", "ebit": "967300000", "ebitda": "1137900000", "netIncome": "744300000"}, {"fiscalDateEnding": "2019-12-31", "reportedCurrency": "USD", "grossProfit": "640400000", "totalRevenue": "5292100000", "costOfRevenue": "4651700000", "costofGoodsAndServicesSold": "3086500000", "operatingIncome": "934000000", "sellingGeneralAndAdministrative": "1271600000", "researchAndDevelopment": "None", "operatingExpenses": "1612300000", "investmentIncomeNet": "6300000", "netInterestIncome": "-152000000", "interestIncome": "6300000", "interestExpense": "152000000", "nonInterestIncome": "5033200000", "otherNonOperatingIncome": "8500000", "depreciation": "79600000", "depreciationAndAmortization": "178100000", "incomeBeforeTax": "1321400000", "incomeTaxExpense": "263100000", "interestAndDebtExpense": "152000000", "netIncomeFromContinuingOperations": "1058300000", "comprehensiveIncomeNetOfTax": "1080300000", "ebit": "934000000", "ebitda": "1651500000", "netIncome": "1058300000"}, {"fiscalDateEnding": "2018-12-31", "reportedCurrency": "USD", "grossProfit": "934300000", "totalRevenue": "5589900000", "costOfRevenue": "4655600000", "costofGoodsAndServicesSold": "3300800000", "operatingIncome": "1122100000", "sellingGeneralAndAdministrative": "1167000000", "researchAndDevelopment": "None", "operatingExpenses": "1398700000", "investmentIncomeNet": "4800000", "netInterestIncome": "-149600000", "interestIncome": "4800000", "interestExpense": "149600000", "nonInterestIncome": "5382600000", "otherNonOperatingIncome": "14100000", "depreciation": "76900000", "depreciationAndAmortization": "187800000", "incomeBeforeTax": "991400000", "incomeTaxExpense": "139500000", "interestAndDebtExpense": "149600000", "netIncomeFromContinuingOperations": "851900000", "comprehensiveIncomeNetOfTax": "880200000", "ebit": "1122100000", "ebitda": "1328800000", "netIncome": "851900000"}, {"fiscalDateEnding": "2017-12-31", "reportedCurrency": "USD", "grossProfit": "287600000", "totalRevenue": "5524300000", "costOfRevenue": "5236700000", "costofGoodsAndServicesSold": "3353000000", "operatingIncome": "475800000", "sellingGeneralAndAdministrative": "1231500000", "researchAndDevelopment": "None", "operatingExpenses": "1949900000", "investmentIncomeNet": "4900000", "netInterestIncome": "-142100000", "interestIncome": "4900000", "interestExpense": "142100000", "nonInterestIncome": "7100000", "otherNonOperatingIncome": "8900000", "depreciation": "77100000", "depreciationAndAmortization": "185800000", "incomeBeforeTax": "347500000", "incomeTaxExpense": "904600000", "interestAndDebtExpense": "142100000", "netIncomeFromContinuingOperations": "-557100000", "comprehensiveIncomeNetOfTax": "-622200000", "ebit": "475800000", "ebitda": "675400000", "netIncome": "-557100000"}, {"fiscalDateEnding": "2016-12-31", "reportedCurrency": "USD", "grossProfit": "294700000", "totalRevenue": "5422900000", "costOfRevenue": "5128200000", "costofGoodsAndServicesSold": "3266700000", "operatingIncome": "487000000", "sellingGeneralAndAdministrative": "1669200000", "researchAndDevelopment": "None", "operatingExpenses": "3109100000", "investmentIncomeNet": "3500000", "netInterestIncome": "-152500000", "interestIncome": "3500000", "interestExpense": "152500000", "nonInterestIncome": "4500000", "otherNonOperatingIncome": "3700000", "depreciation": "74200000", "depreciationAndAmortization": "189000000", "incomeBeforeTax": "341700000", "incomeTaxExpense": "88500000", "interestAndDebtExpense": "152500000", "netIncomeFromContinuingOperations": "253200000", "comprehensiveIncomeNetOfTax": "234300000", "ebit": "487000000", "ebitda": "683200000", "netIncome": "253200000"}], "quarterlyReports": [{"fiscalDateEnding": "2021-09-30", "reportedCurrency": "USD", "grossProfit": "318600000", "totalRevenue": "1286300000", "costOfRevenue": "967700000", "costofGoodsAndServicesSold": "720100000", "operatingIncome": "318600000", "sellingGeneralAndAdministrative": "247600000", "researchAndDevelopment": "None", "operatingExpenses": "247600000", "investmentIncomeNet": "400000", "netInterestIncome": "-25700000", "interestIncome": "400000", "interestExpense": "25700000", "nonInterestIncome": "1230300000", "otherNonOperatingIncome": "-1800000", "depreciation": "12400000", "depreciationAndAmortization": "38900000", "incomeBeforeTax": "291500000", "incomeTaxExpense": "58800000", "interestAndDebtExpense": "25700000", "netIncomeFromContinuingOperations": "232700000", "comprehensiveIncomeNetOfTax": "245300000", "ebit": "318600000", "ebitda": "356100000", "netIncome": "232700000"}, {"fiscalDateEnding": "2021-06-30", "reportedCurrency": "USD", "grossProfit": "254900000", "totalRevenue": "1289700000", "costOfRevenue": "1034800000", "costofGoodsAndServicesSold": "755000000", "operatingIncome": "254900000", "sellingGeneralAndAdministrative": "279800000", "researchAndDevelopment": "None", "operatingExpenses": "279800000", "investmentIncomeNet": "300000", "netInterestIncome": "-25600000", "interestIncome": "300000", "interestExpense": "25600000", "nonInterestIncome": "1239100000", "otherNonOperatingIncome": "30500000", "depreciation": "13200000", "depreciationAndAmortization": "42400000", "incomeBeforeTax": "260100000", "incomeTaxExpense": "37600000", "interestAndDebtExpense": "25600000", "netIncomeFromContinuingOperations": "222500000", "comprehensiveIncomeNetOfTax": "224300000", "ebit": "254900000", "ebitda": "328100000", "netIncome": "222500000"}, {"fiscalDateEnding": "2021-03-31", "reportedCurrency": "USD", "grossProfit": "192200000", "totalRevenue": "1210000000", "costOfRevenue": "1017800000", "costofGoodsAndServicesSold": "706000000", "operatingIncome": "232800000", "sellingGeneralAndAdministrative": "271200000", "researchAndDevelopment": "None", "operatingExpenses": "311800000", "investmentIncomeNet": "400000", "netInterestIncome": "-28400000", "interestIncome": "400000", "interestExpense": "28400000", "nonInterestIncome": "1166300000", "otherNonOperatingIncome": "-1900000", "depreciation": "12800000", "depreciationAndAmortization": "40600000", "incomeBeforeTax": "202900000", "incomeTaxExpense": "21100000", "interestAndDebtExpense": "28400000", "netIncomeFromContinuingOperations": "181800000", "comprehensiveIncomeNetOfTax": "200200000", "ebit": "232800000", "ebitda": "271900000", "netIncome": "181800000"}, {"fiscalDateEnding": "2020-12-31", "reportedCurrency": "USD", "grossProfit": "174000000", "totalRevenue": "1271800000", "costOfRevenue": "1097800000", "costofGoodsAndServicesSold": "759200000", "operatingIncome": "227100000", "sellingGeneralAndAdministrative": "285500000", "researchAndDevelopment": "None", "operatingExpenses": "338600000", "investmentIncomeNet": "300000", "netInterestIncome": "-28100000", "interestIncome": "300000", "interestExpense": "28100000", "nonInterestIncome": "1232600000", "otherNonOperatingIncome": "-300000", "depreciation": "15000000", "depreciationAndAmortization": "41100000", "incomeBeforeTax": "199000000", "incomeTaxExpense": "21900000", "interestAndDebtExpense": "28100000", "netIncomeFromContinuingOperations": "177100000", "comprehensiveIncomeNetOfTax": "204200000", "ebit": "227100000", "ebitda": "268200000", "netIncome": "177100000"}, {"fiscalDateEnding": "2020-09-30", "reportedCurrency": "USD", "grossProfit": "276100000", "totalRevenue": "1258500000", "costOfRevenue": "982400000", "costofGoodsAndServicesSold": "721700000", "operatingIncome": "285200000", "sellingGeneralAndAdministrative": "251600000", "researchAndDevelopment": "None", "operatingExpenses": "260700000", "investmentIncomeNet": "500000", "netInterestIncome": "-28200000", "interestIncome": "-27700000", "interestExpense": "28200000", "nonInterestIncome": "1214300000", "otherNonOperatingIncome": "3500000", "depreciation": "14300000", "depreciationAndAmortization": "39900000", "incomeBeforeTax": "261000000", "incomeTaxExpense": "32400000", "interestAndDebtExpense": "28200000", "netIncomeFromContinuingOperations": "228600000", "comprehensiveIncomeNetOfTax": "219800000", "ebit": "285200000", "ebitda": "329100000", "netIncome": "228600000"}, {"fiscalDateEnding": "2020-06-30", "reportedCurrency": "USD", "grossProfit": "216600000", "totalRevenue": "1114700000", "costOfRevenue": "898100000", "costofGoodsAndServicesSold": "662200000", "operatingIncome": "221800000", "sellingGeneralAndAdministrative": "230700000", "researchAndDevelopment": "None", "operatingExpenses": "235900000", "investmentIncomeNet": "800000", "netInterestIncome": "-29300000", "interestIncome": "800000", "interestExpense": "29300000", "nonInterestIncome": "1055600000", "otherNonOperatingIncome": "-100000", "depreciation": "15500000", "depreciationAndAmortization": "41600000", "incomeBeforeTax": "193200000", "incomeTaxExpense": "31300000", "interestAndDebtExpense": "29300000", "netIncomeFromContinuingOperations": "161900000", "comprehensiveIncomeNetOfTax": "164400000", "ebit": "221800000", "ebitda": "264100000", "netIncome": "161900000"}, {"fiscalDateEnding": "2020-03-31", "reportedCurrency": "USD", "grossProfit": "181000000", "totalRevenue": "1190000000", "costOfRevenue": "1009000000", "costofGoodsAndServicesSold": "683400000", "operatingIncome": "233200000", "sellingGeneralAndAdministrative": "273400000", "researchAndDevelopment": "None", "operatingExpenses": "325600000", "investmentIncomeNet": "1600000", "netInterestIncome": "-32900000", "interestIncome": "1600000", "interestExpense": "32900000", "nonInterestIncome": "1122600000", "otherNonOperatingIncome": "0", "depreciation": "16500000", "depreciationAndAmortization": "41700000", "incomeBeforeTax": "201900000", "incomeTaxExpense": "25200000", "interestAndDebtExpense": "32900000", "netIncomeFromContinuingOperations": "176700000", "comprehensiveIncomeNetOfTax": "205400000", "ebit": "233200000", "ebitda": "276500000", "netIncome": "176700000"}, {"fiscalDateEnding": "2019-12-31", "reportedCurrency": "USD", "grossProfit": "1291100000", "totalRevenue": "1307700000", "costOfRevenue": "16600000", "costofGoodsAndServicesSold": "756500000", "operatingIncome": "226500000", "sellingGeneralAndAdministrative": "324700000", "researchAndDevelopment": "None", "operatingExpenses": "16600000", "investmentIncomeNet": "2100000", "netInterestIncome": "-37500000", "interestIncome": "2100000", "interestExpense": "37500000", "nonInterestIncome": "1244800000", "otherNonOperatingIncome": "6400000", "depreciation": "23100000", "depreciationAndAmortization": "43900000", "incomeBeforeTax": "197500000", "incomeTaxExpense": "62100000", "interestAndDebtExpense": "37500000", "netIncomeFromContinuingOperations": "135400000", "comprehensiveIncomeNetOfTax": "135400000", "ebit": "226500000", "ebitda": "278900000", "netIncome": "135400000"}, {"fiscalDateEnding": "2019-09-30", "reportedCurrency": "USD", "grossProfit": "105900000", "totalRevenue": "1306900000", "costOfRevenue": "1201000000", "costofGoodsAndServicesSold": "768600000", "operatingIncome": "197400000", "sellingGeneralAndAdministrative": "340900000", "researchAndDevelopment": "None", "operatingExpenses": "432400000", "investmentIncomeNet": "1100000", "netInterestIncome": "-36200000", "interestIncome": "1100000", "interestExpense": "36200000", "nonInterestIncome": "1238000000", "otherNonOperatingIncome": "-100000", "depreciation": "18300000", "depreciationAndAmortization": "42800000", "incomeBeforeTax": "162200000", "incomeTaxExpense": "27200000", "interestAndDebtExpense": "36200000", "netIncomeFromContinuingOperations": "135000000", "comprehensiveIncomeNetOfTax": "157600000", "ebit": "197400000", "ebitda": "241200000", "netIncome": "135000000"}, {"fiscalDateEnding": "2019-06-30", "reportedCurrency": "USD", "grossProfit": "251500000", "totalRevenue": "1340500000", "costOfRevenue": "1089000000", "costofGoodsAndServicesSold": "776400000", "operatingIncome": "258900000", "sellingGeneralAndAdministrative": "305200000", "researchAndDevelopment": "None", "operatingExpenses": "312600000", "investmentIncomeNet": "1000000", "netInterestIncome": "-38600000", "interestIncome": "1000000", "interestExpense": "38600000", "nonInterestIncome": "1275000000", "otherNonOperatingIncome": "-300000", "depreciation": "19000000", "depreciationAndAmortization": "45800000", "incomeBeforeTax": "745600000", "incomeTaxExpense": "130800000", "interestAndDebtExpense": "38600000", "netIncomeFromContinuingOperations": "614800000", "comprehensiveIncomeNetOfTax": "620700000", "ebit": "258900000", "ebitda": "830000000", "netIncome": "614800000"}, {"fiscalDateEnding": "2019-03-31", "reportedCurrency": "USD", "grossProfit": "205600000", "totalRevenue": "1337000000", "costOfRevenue": "1131400000", "costofGoodsAndServicesSold": "785000000", "operatingIncome": "251200000", "sellingGeneralAndAdministrative": "300800000", "researchAndDevelopment": "None", "operatingExpenses": "346400000", "investmentIncomeNet": "2100000", "netInterestIncome": "-39700000", "interestIncome": "-37600000", "interestExpense": "39700000", "nonInterestIncome": "1275400000", "otherNonOperatingIncome": "2500000", "depreciation": "19200000", "depreciationAndAmortization": "45600000", "incomeBeforeTax": "216100000", "incomeTaxExpense": "43000000", "interestAndDebtExpense": "39700000", "netIncomeFromContinuingOperations": "173100000", "comprehensiveIncomeNetOfTax": "192500000", "ebit": "251200000", "ebitda": "301400000", "netIncome": "173100000"}, {"fiscalDateEnding": "2018-12-31", "reportedCurrency": "USD", "grossProfit": "1401600000", "totalRevenue": "1401600000", "costOfRevenue": "3646400000", "costofGoodsAndServicesSold": "833800000", "operatingIncome": "271000000", "sellingGeneralAndAdministrative": "296800000", "researchAndDevelopment": "None", "operatingExpenses": "389500000", "investmentIncomeNet": "1200000", "netInterestIncome": "-38200000", "interestIncome": "None", "interestExpense": "38200000", "nonInterestIncome": "1343100000", "otherNonOperatingIncome": "1000000", "depreciation": "19900000", "depreciationAndAmortization": "48800000", "incomeBeforeTax": "235000000", "incomeTaxExpense": "22900000", "interestAndDebtExpense": "38200000", "netIncomeFromContinuingOperations": "212100000", "comprehensiveIncomeNetOfTax": "212100000", "ebit": "271000000", "ebitda": "322000000", "netIncome": "212100000"}, {"fiscalDateEnding": "2018-09-30", "reportedCurrency": "USD", "grossProfit": "1115000000", "totalRevenue": "1387800000", "costOfRevenue": "272800000", "costofGoodsAndServicesSold": "812400000", "operatingIncome": "302600000", "sellingGeneralAndAdministrative": "272800000", "researchAndDevelopment": "None", "operatingExpenses": "272800000", "investmentIncomeNet": "1600000", "netInterestIncome": "-38400000", "interestIncome": "None", "interestExpense": "38400000", "nonInterestIncome": "1332200000", "otherNonOperatingIncome": "600000", "depreciation": "18300000", "depreciationAndAmortization": "45300000", "incomeBeforeTax": "266400000", "incomeTaxExpense": "57800000", "interestAndDebtExpense": "38400000", "netIncomeFromContinuingOperations": "208600000", "comprehensiveIncomeNetOfTax": "210000000", "ebit": "302600000", "ebitda": "350100000", "netIncome": "208600000"}, {"fiscalDateEnding": "2018-06-30", "reportedCurrency": "USD", "grossProfit": "1112800000", "totalRevenue": "1411100000", "costOfRevenue": "298300000", "costofGoodsAndServicesSold": "829200000", "operatingIncome": "283600000", "sellingGeneralAndAdministrative": "298300000", "researchAndDevelopment": "None", "operatingExpenses": "298300000", "investmentIncomeNet": "1300000", "netInterestIncome": "-37500000", "interestIncome": "None", "interestExpense": "37500000", "nonInterestIncome": "1361300000", "otherNonOperatingIncome": "8100000", "depreciation": "19400000", "depreciationAndAmortization": "46300000", "incomeBeforeTax": "255500000", "incomeTaxExpense": "37900000", "interestAndDebtExpense": "37500000", "netIncomeFromContinuingOperations": "217600000", "comprehensiveIncomeNetOfTax": "245600000", "ebit": "283600000", "ebitda": "339300000", "netIncome": "217600000"}, {"fiscalDateEnding": "2018-03-31", "reportedCurrency": "USD", "grossProfit": "217500000", "totalRevenue": "1389400000", "costOfRevenue": "1171900000", "costofGoodsAndServicesSold": "825400000", "operatingIncome": "264900000", "sellingGeneralAndAdministrative": "299100000", "researchAndDevelopment": "None", "operatingExpenses": "346500000", "investmentIncomeNet": "700000", "netInterestIncome": "-35500000", "interestIncome": "None", "interestExpense": "35500000", "nonInterestIncome": "1346000000", "otherNonOperatingIncome": "4400000", "depreciation": "19300000", "depreciationAndAmortization": "47400000", "incomeBeforeTax": "234500000", "incomeTaxExpense": "20900000", "interestAndDebtExpense": "35500000", "netIncomeFromContinuingOperations": "213600000", "comprehensiveIncomeNetOfTax": "196900000", "ebit": "264900000", "ebitda": "317400000", "netIncome": "213600000"}, {"fiscalDateEnding": "2017-12-31", "reportedCurrency": "USD", "grossProfit": "974300000", "totalRevenue": "1438300000", "costOfRevenue": "464000000", "costofGoodsAndServicesSold": "868500000", "operatingIncome": "-251900000", "sellingGeneralAndAdministrative": "355900000", "researchAndDevelopment": "None", "operatingExpenses": "453000000", "investmentIncomeNet": "1100000", "netInterestIncome": "-37900000", "interestIncome": "None", "interestExpense": "37900000", "nonInterestIncome": "300000", "otherNonOperatingIncome": "-500000", "depreciation": "19600000", "depreciationAndAmortization": "46200000", "incomeBeforeTax": "-289200000", "incomeTaxExpense": "831700000", "interestAndDebtExpense": "37900000", "netIncomeFromContinuingOperations": "-1120900000", "comprehensiveIncomeNetOfTax": "-1120900000", "ebit": "-251900000", "ebitda": "-205100000", "netIncome": "-1120900000"}, {"fiscalDateEnding": "2017-09-30", "reportedCurrency": "USD", "grossProfit": "271600000", "totalRevenue": "1404700000", "costOfRevenue": "1133100000", "costofGoodsAndServicesSold": "841100000", "operatingIncome": "272200000", "sellingGeneralAndAdministrative": "292000000", "researchAndDevelopment": "None", "operatingExpenses": "292000000", "investmentIncomeNet": "1300000", "netInterestIncome": "-37200000", "interestIncome": "None", "interestExpense": "37200000", "nonInterestIncome": "2000000", "otherNonOperatingIncome": "2900000", "depreciation": "19800000", "depreciationAndAmortization": "45700000", "incomeBeforeTax": "239200000", "incomeTaxExpense": "3600000", "interestAndDebtExpense": "37200000", "netIncomeFromContinuingOperations": "235600000", "comprehensiveIncomeNetOfTax": "216700000", "ebit": "272200000", "ebitda": "322100000", "netIncome": "235600000"}, {"fiscalDateEnding": "2017-06-30", "reportedCurrency": "USD", "grossProfit": "214800000", "totalRevenue": "1378900000", "costOfRevenue": "1164100000", "costofGoodsAndServicesSold": "842900000", "operatingIncome": "215400000", "sellingGeneralAndAdministrative": "321200000", "researchAndDevelopment": "None", "operatingExpenses": "321200000", "investmentIncomeNet": "1400000", "netInterestIncome": "-35700000", "interestIncome": "None", "interestExpense": "35700000", "nonInterestIncome": "2200000", "otherNonOperatingIncome": "3300000", "depreciation": "19100000", "depreciationAndAmortization": "46100000", "incomeBeforeTax": "184400000", "incomeTaxExpense": "17900000", "interestAndDebtExpense": "35700000", "netIncomeFromContinuingOperations": "166500000", "comprehensiveIncomeNetOfTax": "130900000", "ebit": "215400000", "ebitda": "266200000", "netIncome": "166500000"}, {"fiscalDateEnding": "2017-03-31", "reportedCurrency": "USD", "grossProfit": "191700000", "totalRevenue": "1302400000", "costOfRevenue": "1110700000", "costofGoodsAndServicesSold": "800500000", "operatingIncome": "240100000", "sellingGeneralAndAdministrative": "262400000", "researchAndDevelopment": "None", "operatingExpenses": "310200000", "investmentIncomeNet": "1100000", "netInterestIncome": "-31300000", "interestIncome": "None", "interestExpense": "31300000", "nonInterestIncome": "2600000", "otherNonOperatingIncome": "3200000", "depreciation": "18600000", "depreciationAndAmortization": "47800000", "incomeBeforeTax": "213100000", "incomeTaxExpense": "51400000", "interestAndDebtExpense": "31300000", "netIncomeFromContinuingOperations": "161700000", "comprehensiveIncomeNetOfTax": "150700000", "ebit": "240100000", "ebitda": "292200000", "netIncome": "161700000"}, {"fiscalDateEnding": "2016-12-31", "reportedCurrency": "USD", "grossProfit": "1371700000", "totalRevenue": "1371700000", "costOfRevenue": "1731300000", "costofGoodsAndServicesSold": "842500000", "operatingIncome": "-313500000", "sellingGeneralAndAdministrative": "839400000", "researchAndDevelopment": "None", "operatingExpenses": "571000000", "investmentIncomeNet": "800000", "netInterestIncome": "-29600000", "interestIncome": "None", "interestExpense": "29600000", "nonInterestIncome": "2300000", "otherNonOperatingIncome": "2900000", "depreciation": "19200000", "depreciationAndAmortization": "46100000", "incomeBeforeTax": "-338300000", "incomeTaxExpense": "16700000", "interestAndDebtExpense": "29600000", "netIncomeFromContinuingOperations": "-355000000", "comprehensiveIncomeNetOfTax": "-355000000", "ebit": "-313500000", "ebitda": "-262600000", "netIncome": "-355000000"}]}