{"symbol": "WY", "annualReports": [{"fiscalDateEnding": "2020-12-31", "reportedCurrency": "USD", "grossProfit": "2085000000", "totalRevenue": "7532000000", "costOfRevenue": "5447000000", "costofGoodsAndServicesSold": "5447000000", "operatingIncome": "1710000000", "sellingGeneralAndAdministrative": "430000000", "researchAndDevelopment": "5000000", "operatingExpenses": "261000000", "investmentIncomeNet": "None", "netInterestIncome": "-443000000", "interestIncome": "5000000", "interestExpense": "443000000", "nonInterestIncome": "179000000", "otherNonOperatingIncome": "-35000000", "depreciation": "None", "depreciationAndAmortization": "472000000", "incomeBeforeTax": "982000000", "incomeTaxExpense": "185000000", "interestAndDebtExpense": "443000000", "netIncomeFromContinuingOperations": "797000000", "comprehensiveIncomeNetOfTax": "879000000", "ebit": "1425000000", "ebitda": "2182000000", "netIncome": "797000000"}, {"fiscalDateEnding": "2019-12-31", "reportedCurrency": "USD", "grossProfit": "1142000000", "totalRevenue": "6554000000", "costOfRevenue": "5412000000", "costofGoodsAndServicesSold": "5412000000", "operatingIncome": "651000000", "sellingGeneralAndAdministrative": "432000000", "researchAndDevelopment": "6000000", "operatingExpenses": "604000000", "investmentIncomeNet": "None", "netInterestIncome": "-378000000", "interestIncome": "30000000", "interestExpense": "378000000", "nonInterestIncome": "3000000", "otherNonOperatingIncome": "-28000000", "depreciation": "None", "depreciationAndAmortization": "None", "incomeBeforeTax": "-213000000", "incomeTaxExpense": "-137000000", "interestAndDebtExpense": "378000000", "netIncomeFromContinuingOperations": "-76000000", "comprehensiveIncomeNetOfTax": "172000000", "ebit": "165000000", "ebitda": "165000000", "netIncome": "-76000000"}, {"fiscalDateEnding": "2018-12-31", "reportedCurrency": "USD", "grossProfit": "1884000000", "totalRevenue": "7476000000", "costOfRevenue": "5592000000", "costofGoodsAndServicesSold": "5592000000", "operatingIncome": "1394000000", "sellingGeneralAndAdministrative": "406000000", "researchAndDevelopment": "8000000", "operatingExpenses": "449000000", "investmentIncomeNet": "None", "netInterestIncome": "-375000000", "interestIncome": "60000000", "interestExpense": "375000000", "nonInterestIncome": "-19000000", "otherNonOperatingIncome": "-52000000", "depreciation": "197000000", "depreciationAndAmortization": "None", "incomeBeforeTax": "807000000", "incomeTaxExpense": "59000000", "interestAndDebtExpense": "375000000", "netIncomeFromContinuingOperations": "748000000", "comprehensiveIncomeNetOfTax": "1420000000", "ebit": "1182000000", "ebitda": "1182000000", "netIncome": "748000000"}, {"fiscalDateEnding": "2017-12-31", "reportedCurrency": "USD", "grossProfit": "1898000000", "totalRevenue": "7196000000", "costOfRevenue": "5298000000", "costofGoodsAndServicesSold": "5298000000", "operatingIncome": "1131000000", "sellingGeneralAndAdministrative": "397000000", "researchAndDevelopment": "14000000", "operatingExpenses": "576000000", "investmentIncomeNet": "None", "netInterestIncome": "-393000000", "interestIncome": "39000000", "interestExpense": "393000000", "nonInterestIncome": "18000000", "otherNonOperatingIncome": "40000000", "depreciation": "206000000", "depreciationAndAmortization": "None", "incomeBeforeTax": "716000000", "incomeTaxExpense": "134000000", "interestAndDebtExpense": "393000000", "netIncomeFromContinuingOperations": "582000000", "comprehensiveIncomeNetOfTax": "479000000", "ebit": "1109000000", "ebitda": "1109000000", "netIncome": "582000000"}, {"fiscalDateEnding": "2016-12-31", "reportedCurrency": "USD", "grossProfit": "1385000000", "totalRevenue": "6365000000", "costOfRevenue": "4980000000", "costofGoodsAndServicesSold": "4980000000", "operatingIncome": "822000000", "sellingGeneralAndAdministrative": "421000000", "researchAndDevelopment": "19000000", "operatingExpenses": "-227000000", "investmentIncomeNet": "None", "netInterestIncome": "-431000000", "interestIncome": "43000000", "interestExpense": "431000000", "nonInterestIncome": "868000000", "otherNonOperatingIncome": "65000000", "depreciation": "198000000", "depreciationAndAmortization": "None", "incomeBeforeTax": "1116000000", "incomeTaxExpense": "89000000", "interestAndDebtExpense": "431000000", "netIncomeFromContinuingOperations": "415000000", "comprehensiveIncomeNetOfTax": "780000000", "ebit": "1547000000", "ebitda": "1547000000", "netIncome": "1027000000"}], "quarterlyReports": [{"fiscalDateEnding": "2021-09-30", "reportedCurrency": "USD", "grossProfit": "756000000", "totalRevenue": "2345000000", "costOfRevenue": "1589000000", "costofGoodsAndServicesSold": "1589000000", "operatingIncome": "649000000", "sellingGeneralAndAdministrative": "122000000", "researchAndDevelopment": "1000000", "operatingExpenses": "96000000", "investmentIncomeNet": "None", "netInterestIncome": "-79000000", "interestIncome": "1000000", "interestExpense": "79000000", "nonInterestIncome": "37000000", "otherNonOperatingIncome": "-16000000", "depreciation": "None", "depreciationAndAmortization": "118000000", "incomeBeforeTax": "566000000", "incomeTaxExpense": "84000000", "interestAndDebtExpense": "79000000", "netIncomeFromContinuingOperations": "482000000", "comprehensiveIncomeNetOfTax": "487000000", "ebit": "645000000", "ebitda": "763000000", "netIncome": "482000000"}, {"fiscalDateEnding": "2021-06-30", "reportedCurrency": "USD", "grossProfit": "1561000000", "totalRevenue": "3144000000", "costOfRevenue": "1583000000", "costofGoodsAndServicesSold": "1583000000", "operatingIncome": "1429000000", "sellingGeneralAndAdministrative": "119000000", "researchAndDevelopment": "1000000", "operatingExpenses": "123000000", "investmentIncomeNet": "None", "netInterestIncome": "-78000000", "interestIncome": "2000000", "interestExpense": "78000000", "nonInterestIncome": "-1000000", "otherNonOperatingIncome": "-8000000", "depreciation": "None", "depreciationAndAmortization": "120000000", "incomeBeforeTax": "1352000000", "incomeTaxExpense": "324000000", "interestAndDebtExpense": "78000000", "netIncomeFromContinuingOperations": "1028000000", "comprehensiveIncomeNetOfTax": "1164000000", "ebit": "1430000000", "ebitda": "1550000000", "netIncome": "1028000000"}, {"fiscalDateEnding": "2021-03-31", "reportedCurrency": "USD", "grossProfit": "1076000000", "totalRevenue": "2506000000", "costOfRevenue": "1430000000", "costofGoodsAndServicesSold": "1430000000", "operatingIncome": "956000000", "sellingGeneralAndAdministrative": "110000000", "researchAndDevelopment": "1000000", "operatingExpenses": "114000000", "investmentIncomeNet": "None", "netInterestIncome": "-79000000", "interestIncome": "1000000", "interestExpense": "79000000", "nonInterestIncome": "-2000000", "otherNonOperatingIncome": "-4000000", "depreciation": "None", "depreciationAndAmortization": "118000000", "incomeBeforeTax": "870000000", "incomeTaxExpense": "189000000", "interestAndDebtExpense": "79000000", "netIncomeFromContinuingOperations": "681000000", "comprehensiveIncomeNetOfTax": "711000000", "ebit": "949000000", "ebitda": "1067000000", "netIncome": "681000000"}, {"fiscalDateEnding": "2020-12-31", "reportedCurrency": "USD", "grossProfit": "671000000", "totalRevenue": "2063000000", "costOfRevenue": "1392000000", "costofGoodsAndServicesSold": "1392000000", "operatingIncome": "717000000", "sellingGeneralAndAdministrative": "114000000", "researchAndDevelopment": "1000000", "operatingExpenses": "-68000000", "investmentIncomeNet": "None", "netInterestIncome": "-144000000", "interestIncome": "-86000000", "interestExpense": "144000000", "nonInterestIncome": "182000000", "otherNonOperatingIncome": "-18000000", "depreciation": "None", "depreciationAndAmortization": "117000000", "incomeBeforeTax": "311000000", "incomeTaxExpense": "19000000", "interestAndDebtExpense": "144000000", "netIncomeFromContinuingOperations": "292000000", "comprehensiveIncomeNetOfTax": "300000000", "ebit": "455000000", "ebitda": "572000000", "netIncome": "292000000"}, {"fiscalDateEnding": "2020-09-30", "reportedCurrency": "USD", "grossProfit": "720000000", "totalRevenue": "2110000000", "costOfRevenue": "1390000000", "costofGoodsAndServicesSold": "1390000000", "operatingIncome": "510000000", "sellingGeneralAndAdministrative": "118000000", "researchAndDevelopment": "1000000", "operatingExpenses": "126000000", "investmentIncomeNet": "None", "netInterestIncome": "-111000000", "interestIncome": "-86000000", "interestExpense": "111000000", "nonInterestIncome": "2000000", "otherNonOperatingIncome": "-6000000", "depreciation": "None", "depreciationAndAmortization": "355000", "incomeBeforeTax": "392000000", "incomeTaxExpense": "109000000", "interestAndDebtExpense": "111000000", "netIncomeFromContinuingOperations": "283000000", "comprehensiveIncomeNetOfTax": "313000000", "ebit": "503000000", "ebitda": "503000000", "netIncome": "283000000"}, {"fiscalDateEnding": "2020-06-30", "reportedCurrency": "USD", "grossProfit": "348000000", "totalRevenue": "1631000000", "costOfRevenue": "1283000000", "costofGoodsAndServicesSold": "1283000000", "operatingIncome": "243000000", "sellingGeneralAndAdministrative": "102000000", "researchAndDevelopment": "2000000", "operatingExpenses": "110000000", "investmentIncomeNet": "None", "netInterestIncome": "-103000000", "interestIncome": "2000000", "interestExpense": "103000000", "nonInterestIncome": "3000000", "otherNonOperatingIncome": "-6000000", "depreciation": "None", "depreciationAndAmortization": "None", "incomeBeforeTax": "132000000", "incomeTaxExpense": "60000000", "interestAndDebtExpense": "103000000", "netIncomeFromContinuingOperations": "72000000", "comprehensiveIncomeNetOfTax": "113000000", "ebit": "235000000", "ebitda": "235000000", "netIncome": "72000000"}, {"fiscalDateEnding": "2020-03-31", "reportedCurrency": "USD", "grossProfit": "346000000", "totalRevenue": "1728000000", "costOfRevenue": "1382000000", "costofGoodsAndServicesSold": "1382000000", "operatingIncome": "240000000", "sellingGeneralAndAdministrative": "96000000", "researchAndDevelopment": "1000000", "operatingExpenses": "93000000", "investmentIncomeNet": "None", "netInterestIncome": "-85000000", "interestIncome": "1000000", "interestExpense": "85000000", "nonInterestIncome": "-8000000", "otherNonOperatingIncome": "-5000000", "depreciation": "None", "depreciationAndAmortization": "None", "incomeBeforeTax": "147000000", "incomeTaxExpense": "-3000000", "interestAndDebtExpense": "85000000", "netIncomeFromContinuingOperations": "150000000", "comprehensiveIncomeNetOfTax": "153000000", "ebit": "232000000", "ebitda": "232000000", "netIncome": "150000000"}, {"fiscalDateEnding": "2019-12-31", "reportedCurrency": "USD", "grossProfit": "247000000", "totalRevenue": "1548000000", "costOfRevenue": "1301000000", "costofGoodsAndServicesSold": "1301000000", "operatingIncome": "89000000", "sellingGeneralAndAdministrative": "116000000", "researchAndDevelopment": "2000000", "operatingExpenses": "80000000", "investmentIncomeNet": "None", "netInterestIncome": "-89000000", "interestIncome": "8000000", "interestExpense": "89000000", "nonInterestIncome": "5000000", "otherNonOperatingIncome": "-8000000", "depreciation": "None", "depreciationAndAmortization": "None", "incomeBeforeTax": "-13000000", "incomeTaxExpense": "1000000", "interestAndDebtExpense": "89000000", "netIncomeFromContinuingOperations": "-13000000", "comprehensiveIncomeNetOfTax": "-182000000", "ebit": "76000000", "ebitda": "76000000", "netIncome": "-14000000"}, {"fiscalDateEnding": "2019-09-30", "reportedCurrency": "USD", "grossProfit": "272000000", "totalRevenue": "1671000000", "costOfRevenue": "1399000000", "costofGoodsAndServicesSold": "1399000000", "operatingIncome": "202000000", "sellingGeneralAndAdministrative": "105000000", "researchAndDevelopment": "1000000", "operatingExpenses": "137000000", "investmentIncomeNet": "None", "netInterestIncome": "-91000000", "interestIncome": "6000000", "interestExpense": "91000000", "nonInterestIncome": "-1000000", "otherNonOperatingIncome": "-6000000", "depreciation": "None", "depreciationAndAmortization": "None", "incomeBeforeTax": "102000000", "incomeTaxExpense": "3000000", "interestAndDebtExpense": "91000000", "netIncomeFromContinuingOperations": "199000000", "comprehensiveIncomeNetOfTax": "118000000", "ebit": "193000000", "ebitda": "193000000", "netIncome": "99000000"}, {"fiscalDateEnding": "2019-06-30", "reportedCurrency": "USD", "grossProfit": "302000000", "totalRevenue": "1692000000", "costOfRevenue": "1390000000", "costofGoodsAndServicesSold": "1390000000", "operatingIncome": "186000000", "sellingGeneralAndAdministrative": "101000000", "researchAndDevelopment": "2000000", "operatingExpenses": "118000000", "investmentIncomeNet": "None", "netInterestIncome": "-91000000", "interestIncome": "6000000", "interestExpense": "91000000", "nonInterestIncome": "2000000", "otherNonOperatingIncome": "-6000000", "depreciation": "None", "depreciationAndAmortization": "None", "incomeBeforeTax": "91000000", "incomeTaxExpense": "-37000000", "interestAndDebtExpense": "91000000", "netIncomeFromContinuingOperations": "223000000", "comprehensiveIncomeNetOfTax": "167000000", "ebit": "182000000", "ebitda": "182000000", "netIncome": "128000000"}, {"fiscalDateEnding": "2019-03-31", "reportedCurrency": "USD", "grossProfit": "321000000", "totalRevenue": "1643000000", "costOfRevenue": "1322000000", "costofGoodsAndServicesSold": "1322000000", "operatingIncome": "174000000", "sellingGeneralAndAdministrative": "110000000", "researchAndDevelopment": "1000000", "operatingExpenses": "144000000", "investmentIncomeNet": "None", "netInterestIncome": "-107000000", "interestIncome": "-85000000", "interestExpense": "107000000", "nonInterestIncome": "-3000000", "otherNonOperatingIncome": "-8000000", "depreciation": "None", "depreciationAndAmortization": "None", "incomeBeforeTax": "-393000000", "incomeTaxExpense": "-104000000", "interestAndDebtExpense": "107000000", "netIncomeFromContinuingOperations": "278000000", "comprehensiveIncomeNetOfTax": "69000000", "ebit": "-286000000", "ebitda": "-286000000", "netIncome": "-289000000"}, {"fiscalDateEnding": "2018-12-31", "reportedCurrency": "USD", "grossProfit": "291000000", "totalRevenue": "1636000000", "costOfRevenue": "1345000000", "costofGoodsAndServicesSold": "1345000000", "operatingIncome": "177000000", "sellingGeneralAndAdministrative": "104000000", "researchAndDevelopment": "2000000", "operatingExpenses": "75000000", "investmentIncomeNet": "None", "netInterestIncome": "-97000000", "interestIncome": "None", "interestExpense": "97000000", "nonInterestIncome": "-21000000", "otherNonOperatingIncome": "24000000", "depreciation": "None", "depreciationAndAmortization": "None", "incomeBeforeTax": "-114000000", "incomeTaxExpense": "-21000000", "interestAndDebtExpense": "97000000", "netIncomeFromContinuingOperations": "-114000000", "comprehensiveIncomeNetOfTax": "307000000", "ebit": "-17000000", "ebitda": "-17000000", "netIncome": "-93000000"}, {"fiscalDateEnding": "2018-09-30", "reportedCurrency": "USD", "grossProfit": "458000000", "totalRevenue": "1910000000", "costOfRevenue": "1452000000", "costofGoodsAndServicesSold": "1452000000", "operatingIncome": "337000000", "sellingGeneralAndAdministrative": "98000000", "researchAndDevelopment": "2000000", "operatingExpenses": "119000000", "investmentIncomeNet": "None", "netInterestIncome": "-93000000", "interestIncome": "None", "interestExpense": "93000000", "nonInterestIncome": "-1000000", "otherNonOperatingIncome": "13000000", "depreciation": "None", "depreciationAndAmortization": "None", "incomeBeforeTax": "240000000", "incomeTaxExpense": "-15000000", "interestAndDebtExpense": "93000000", "netIncomeFromContinuingOperations": "352000000", "comprehensiveIncomeNetOfTax": "306000000", "ebit": "333000000", "ebitda": "333000000", "netIncome": "255000000"}, {"fiscalDateEnding": "2018-06-30", "reportedCurrency": "USD", "grossProfit": "618000000", "totalRevenue": "2065000000", "costOfRevenue": "1447000000", "costofGoodsAndServicesSold": "1447000000", "operatingIncome": "476000000", "sellingGeneralAndAdministrative": "103000000", "researchAndDevelopment": "2000000", "operatingExpenses": "124000000", "investmentIncomeNet": "None", "netInterestIncome": "-92000000", "interestIncome": "None", "interestExpense": "92000000", "nonInterestIncome": "3000000", "otherNonOperatingIncome": "11000000", "depreciation": "None", "depreciationAndAmortization": "None", "incomeBeforeTax": "382000000", "incomeTaxExpense": "65000000", "interestAndDebtExpense": "92000000", "netIncomeFromContinuingOperations": "411000000", "comprehensiveIncomeNetOfTax": "500000000", "ebit": "474000000", "ebitda": "474000000", "netIncome": "317000000"}, {"fiscalDateEnding": "2018-03-31", "reportedCurrency": "USD", "grossProfit": "517000000", "totalRevenue": "1865000000", "costOfRevenue": "1348000000", "costofGoodsAndServicesSold": "1348000000", "operatingIncome": "404000000", "sellingGeneralAndAdministrative": "101000000", "researchAndDevelopment": "2000000", "operatingExpenses": "111000000", "investmentIncomeNet": "None", "netInterestIncome": "-93000000", "interestIncome": "None", "interestExpense": "93000000", "nonInterestIncome": "0", "otherNonOperatingIncome": "12000000", "depreciation": "None", "depreciationAndAmortization": "None", "incomeBeforeTax": "299000000", "incomeTaxExpense": "30000000", "interestAndDebtExpense": "93000000", "netIncomeFromContinuingOperations": "374000000", "comprehensiveIncomeNetOfTax": "307000000", "ebit": "392000000", "ebitda": "392000000", "netIncome": "269000000"}, {"fiscalDateEnding": "2017-12-31", "reportedCurrency": "USD", "grossProfit": "507000000", "totalRevenue": "1823000000", "costOfRevenue": "1316000000", "costofGoodsAndServicesSold": "1316000000", "operatingIncome": "476000000", "sellingGeneralAndAdministrative": "93000000", "researchAndDevelopment": "2000000", "operatingExpenses": "81000000", "investmentIncomeNet": "None", "netInterestIncome": "-96000000", "interestIncome": "None", "interestExpense": "96000000", "nonInterestIncome": "3000000", "otherNonOperatingIncome": "11000000", "depreciation": "None", "depreciationAndAmortization": "None", "incomeBeforeTax": "374000000", "incomeTaxExpense": "103000000", "interestAndDebtExpense": "96000000", "netIncomeFromContinuingOperations": "374000000", "comprehensiveIncomeNetOfTax": "46000000", "ebit": "470000000", "ebitda": "470000000", "netIncome": "271000000"}, {"fiscalDateEnding": "2017-09-30", "reportedCurrency": "USD", "grossProfit": "498000000", "totalRevenue": "1872000000", "costOfRevenue": "1374000000", "costofGoodsAndServicesSold": "1374000000", "operatingIncome": "205000000", "sellingGeneralAndAdministrative": "97000000", "researchAndDevelopment": "4000000", "operatingExpenses": "118000000", "investmentIncomeNet": "None", "netInterestIncome": "-98000000", "interestIncome": "None", "interestExpense": "98000000", "nonInterestIncome": "8000000", "otherNonOperatingIncome": "11000000", "depreciation": "None", "depreciationAndAmortization": "None", "incomeBeforeTax": "103000000", "incomeTaxExpense": "-27000000", "interestAndDebtExpense": "98000000", "netIncomeFromContinuingOperations": "130000000", "comprehensiveIncomeNetOfTax": "172000000", "ebit": "201000000", "ebitda": "201000000", "netIncome": "130000000"}, {"fiscalDateEnding": "2017-06-30", "reportedCurrency": "USD", "grossProfit": "472000000", "totalRevenue": "1808000000", "costOfRevenue": "1336000000", "costofGoodsAndServicesSold": "1336000000", "operatingIncome": "157000000", "sellingGeneralAndAdministrative": "98000000", "researchAndDevelopment": "4000000", "operatingExpenses": "265000000", "investmentIncomeNet": "None", "netInterestIncome": "-100000000", "interestIncome": "None", "interestExpense": "100000000", "nonInterestIncome": "2000000", "otherNonOperatingIncome": "9000000", "depreciation": "None", "depreciationAndAmortization": "None", "incomeBeforeTax": "58000000", "incomeTaxExpense": "34000000", "interestAndDebtExpense": "100000000", "netIncomeFromContinuingOperations": "24000000", "comprehensiveIncomeNetOfTax": "73000000", "ebit": "158000000", "ebitda": "158000000", "netIncome": "24000000"}, {"fiscalDateEnding": "2017-03-31", "reportedCurrency": "USD", "grossProfit": "421000000", "totalRevenue": "1693000000", "costOfRevenue": "1272000000", "costofGoodsAndServicesSold": "1272000000", "operatingIncome": "293000000", "sellingGeneralAndAdministrative": "109000000", "researchAndDevelopment": "4000000", "operatingExpenses": "125000000", "investmentIncomeNet": "None", "netInterestIncome": "-99000000", "interestIncome": "None", "interestExpense": "99000000", "nonInterestIncome": "4000000", "otherNonOperatingIncome": "9000000", "depreciation": "None", "depreciationAndAmortization": "None", "incomeBeforeTax": "181000000", "incomeTaxExpense": "24000000", "interestAndDebtExpense": "99000000", "netIncomeFromContinuingOperations": "157000000", "comprehensiveIncomeNetOfTax": "188000000", "ebit": "280000000", "ebitda": "280000000", "netIncome": "157000000"}, {"fiscalDateEnding": "2016-12-31", "reportedCurrency": "USD", "grossProfit": "318000000", "totalRevenue": "1782000000", "costOfRevenue": "1400000000", "costofGoodsAndServicesSold": "1319000000", "operatingIncome": "174000000", "sellingGeneralAndAdministrative": "106000000", "researchAndDevelopment": "5000000", "operatingExpenses": "-599000000", "investmentIncomeNet": "None", "netInterestIncome": "-108000000", "interestIncome": "None", "interestExpense": "108000000", "nonInterestIncome": "736000000", "otherNonOperatingIncome": "28000000", "depreciation": "None", "depreciationAndAmortization": "None", "incomeBeforeTax": "576000000", "incomeTaxExpense": "25000000", "interestAndDebtExpense": "108000000", "netIncomeFromContinuingOperations": "87000000", "comprehensiveIncomeNetOfTax": "202000000", "ebit": "684000000", "ebitda": "684000000", "netIncome": "551000000"}]}