{"symbol": "XLNX", "annualReports": [{"fiscalDateEnding": "2021-03-31", "reportedCurrency": "USD", "grossProfit": "2152995000", "totalRevenue": "3147599000", "costOfRevenue": "994604000", "costofGoodsAndServicesSold": "994604000", "operatingIncome": "753139000", "sellingGeneralAndAdministrative": "483749000", "researchAndDevelopment": "904639000", "operatingExpenses": "1399856000", "investmentIncomeNet": "10759000", "netInterestIncome": "-53689000", "interestIncome": "10759000", "interestExpense": "53689000", "nonInterestIncome": "None", "otherNonOperatingIncome": "-23461000", "depreciation": "69000000", "depreciationAndAmortization": "75550000", "incomeBeforeTax": "729678000", "incomeTaxExpense": "83170000", "interestAndDebtExpense": "53689000", "netIncomeFromContinuingOperations": "646508000", "comprehensiveIncomeNetOfTax": "664672000", "ebit": "783367000", "ebitda": "858917000", "netIncome": "646508000"}, {"fiscalDateEnding": "2020-03-31", "reportedCurrency": "USD", "grossProfit": "2115036000", "totalRevenue": "3162666000", "costOfRevenue": "1047630000", "costofGoodsAndServicesSold": "1025234000", "operatingIncome": "791888000", "sellingGeneralAndAdministrative": "432308000", "researchAndDevelopment": "853589000", "operatingExpenses": "1323148000", "investmentIncomeNet": "52462000", "netInterestIncome": "-39820000", "interestIncome": "52462000", "interestExpense": "39820000", "nonInterestIncome": "None", "otherNonOperatingIncome": "42096000", "depreciation": "60700000", "depreciationAndAmortization": "68937000", "incomeBeforeTax": "833984000", "incomeTaxExpense": "41263000", "interestAndDebtExpense": "39820000", "netIncomeFromContinuingOperations": "792721000", "comprehensiveIncomeNetOfTax": "795854000", "ebit": "873804000", "ebitda": "942741000", "netIncome": "792721000"}, {"fiscalDateEnding": "2019-03-31", "reportedCurrency": "USD", "grossProfit": "2103172000", "totalRevenue": "3059040000", "costOfRevenue": "955868000", "costofGoodsAndServicesSold": "955868000", "operatingIncome": "956799000", "sellingGeneralAndAdministrative": "398416000", "researchAndDevelopment": "743027000", "operatingExpenses": "1146373000", "investmentIncomeNet": "77295000", "netInterestIncome": "-52883000", "interestIncome": "77295000", "interestExpense": "52883000", "nonInterestIncome": "None", "otherNonOperatingIncome": "11533000", "depreciation": "53300000", "depreciationAndAmortization": "4930000", "incomeBeforeTax": "968332000", "incomeTaxExpense": "78582000", "interestAndDebtExpense": "52883000", "netIncomeFromContinuingOperations": "889750000", "comprehensiveIncomeNetOfTax": "892450000", "ebit": "1021215000", "ebitda": "1026145000", "netIncome": "889750000"}, {"fiscalDateEnding": "2018-03-31", "reportedCurrency": "USD", "grossProfit": "1723604000", "totalRevenue": "2467023000", "costOfRevenue": "743419000", "costofGoodsAndServicesSold": "743419000", "operatingIncome": "686022000", "sellingGeneralAndAdministrative": "362329000", "researchAndDevelopment": "639750000", "operatingExpenses": "1037582000", "investmentIncomeNet": "58604000", "netInterestIncome": "-45837000", "interestIncome": "58604000", "interestExpense": "45837000", "nonInterestIncome": "None", "otherNonOperatingIncome": "5357000", "depreciation": "46400000", "depreciationAndAmortization": "2152000", "incomeBeforeTax": "691379000", "incomeTaxExpense": "227398000", "interestAndDebtExpense": "45837000", "netIncomeFromContinuingOperations": "512381000", "comprehensiveIncomeNetOfTax": "459356000", "ebit": "737216000", "ebitda": "739368000", "netIncome": "463981000"}, {"fiscalDateEnding": "2017-03-31", "reportedCurrency": "USD", "grossProfit": "1648110000", "totalRevenue": "2356742000", "costOfRevenue": "708632000", "costofGoodsAndServicesSold": "708632000", "operatingIncome": "706390000", "sellingGeneralAndAdministrative": "335150000", "researchAndDevelopment": "601443000", "operatingExpenses": "941720000", "investmentIncomeNet": "51121000", "netInterestIncome": "-53953000", "interestIncome": "51121000", "interestExpense": "53953000", "nonInterestIncome": "None", "otherNonOperatingIncome": "-8314000", "depreciation": "45400000", "depreciationAndAmortization": "5127000", "incomeBeforeTax": "698076000", "incomeTaxExpense": "69943000", "interestAndDebtExpense": "53953000", "netIncomeFromContinuingOperations": "622512000", "comprehensiveIncomeNetOfTax": "610083000", "ebit": "752029000", "ebitda": "757156000", "netIncome": "628133000"}], "quarterlyReports": [{"fiscalDateEnding": "2021-09-30", "reportedCurrency": "USD", "grossProfit": "632293000", "totalRevenue": "935770000", "costOfRevenue": "303477000", "costofGoodsAndServicesSold": "303477000", "operatingIncome": "249841000", "sellingGeneralAndAdministrative": "126319000", "researchAndDevelopment": "253881000", "operatingExpenses": "382452000", "investmentIncomeNet": "1142000", "netInterestIncome": "-10277000", "interestIncome": "1142000", "interestExpense": "10277000", "nonInterestIncome": "1000", "otherNonOperatingIncome": "-69000", "depreciation": "30908000", "depreciationAndAmortization": "2252000", "incomeBeforeTax": "240645000", "incomeTaxExpense": "6100000", "interestAndDebtExpense": "10277000", "netIncomeFromContinuingOperations": "234537000", "comprehensiveIncomeNetOfTax": "229152000", "ebit": "250922000", "ebitda": "253174000", "netIncome": "234545000"}, {"fiscalDateEnding": "2021-06-30", "reportedCurrency": "USD", "grossProfit": "586099000", "totalRevenue": "878606000", "costOfRevenue": "292507000", "costofGoodsAndServicesSold": "292507000", "operatingIncome": "210363000", "sellingGeneralAndAdministrative": "124920000", "researchAndDevelopment": "247975000", "operatingExpenses": "375736000", "investmentIncomeNet": "1717000", "netInterestIncome": "-10276000", "interestIncome": "1717000", "interestExpense": "10276000", "nonInterestIncome": "None", "otherNonOperatingIncome": "1000000", "depreciation": "32192000", "depreciationAndAmortization": "2841000", "incomeBeforeTax": "211363000", "incomeTaxExpense": "5022000", "interestAndDebtExpense": "10276000", "netIncomeFromContinuingOperations": "206341000", "comprehensiveIncomeNetOfTax": "205243000", "ebit": "221639000", "ebitda": "224480000", "netIncome": "206341000"}, {"fiscalDateEnding": "2021-03-31", "reportedCurrency": "USD", "grossProfit": "570403000", "totalRevenue": "850987000", "costOfRevenue": "280584000", "costofGoodsAndServicesSold": "280583000", "operatingIncome": "199782000", "sellingGeneralAndAdministrative": "127872000", "researchAndDevelopment": "239863000", "operatingExpenses": "370622000", "investmentIncomeNet": "None", "netInterestIncome": "-4245000", "interestIncome": "1255000", "interestExpense": "13578000", "nonInterestIncome": "None", "otherNonOperatingIncome": "-4246000", "depreciation": "-23816000", "depreciationAndAmortization": "46190000", "incomeBeforeTax": "195537000", "incomeTaxExpense": "7653000", "interestAndDebtExpense": "None", "netIncomeFromContinuingOperations": "195536000", "comprehensiveIncomeNetOfTax": "187592000", "ebit": "209115000", "ebitda": "255304000", "netIncome": "187884000"}, {"fiscalDateEnding": "2020-12-31", "reportedCurrency": "USD", "grossProfit": "547000000", "totalRevenue": "803404000", "costOfRevenue": "256404000", "costofGoodsAndServicesSold": "256404000", "operatingIncome": "172425000", "sellingGeneralAndAdministrative": "136701000", "researchAndDevelopment": "235018000", "operatingExpenses": "374575000", "investmentIncomeNet": "None", "netInterestIncome": "3709000", "interestIncome": "2581000", "interestExpense": "14228000", "nonInterestIncome": "None", "otherNonOperatingIncome": "3709000", "depreciation": "30818000", "depreciationAndAmortization": "47951000", "incomeBeforeTax": "176172000", "incomeTaxExpense": "5200000", "interestAndDebtExpense": "None", "netIncomeFromContinuingOperations": "176134000", "comprehensiveIncomeNetOfTax": "177438000", "ebit": "190400000", "ebitda": "238313000", "netIncome": "170972000"}, {"fiscalDateEnding": "2020-09-30", "reportedCurrency": "USD", "grossProfit": "541719000", "totalRevenue": "766535000", "costOfRevenue": "224816000", "costofGoodsAndServicesSold": "224816000", "operatingIncome": "205417000", "sellingGeneralAndAdministrative": "113793000", "researchAndDevelopment": "219647000", "operatingExpenses": "336302000", "investmentIncomeNet": "1969000", "netInterestIncome": "-14226000", "interestIncome": "1969000", "interestExpense": "14226000", "nonInterestIncome": "-171000", "otherNonOperatingIncome": "1486000", "depreciation": "30249000", "depreciationAndAmortization": "2862000", "incomeBeforeTax": "194646000", "incomeTaxExpense": "800000", "interestAndDebtExpense": "14226000", "netIncomeFromContinuingOperations": "193816000", "comprehensiveIncomeNetOfTax": "199765000", "ebit": "208872000", "ebitda": "211734000", "netIncome": "193816000"}, {"fiscalDateEnding": "2020-06-30", "reportedCurrency": "USD", "grossProfit": "493873000", "totalRevenue": "726673000", "costOfRevenue": "232800000", "costofGoodsAndServicesSold": "232800000", "operatingIncome": "175515000", "sellingGeneralAndAdministrative": "105383000", "researchAndDevelopment": "210113000", "operatingExpenses": "318358000", "investmentIncomeNet": "4954000", "netInterestIncome": "-11656000", "interestIncome": "4954000", "interestExpense": "11656000", "nonInterestIncome": "None", "otherNonOperatingIncome": "-12153000", "depreciation": "31749000", "depreciationAndAmortization": "2862000", "incomeBeforeTax": "163362000", "incomeTaxExpense": "69500000", "interestAndDebtExpense": "11656000", "netIncomeFromContinuingOperations": "93836000", "comprehensiveIncomeNetOfTax": "99876000", "ebit": "175018000", "ebitda": "177880000", "netIncome": "93836000"}, {"fiscalDateEnding": "2020-03-31", "reportedCurrency": "USD", "grossProfit": "528435000", "totalRevenue": "756169000", "costOfRevenue": "227734000", "costofGoodsAndServicesSold": "205338000", "operatingIncome": "178029000", "sellingGeneralAndAdministrative": "103675000", "researchAndDevelopment": "214968000", "operatingExpenses": "350406000", "investmentIncomeNet": "9523000", "netInterestIncome": "-9565000", "interestIncome": "9523000", "interestExpense": "9565000", "nonInterestIncome": "None", "otherNonOperatingIncome": "11718000", "depreciation": "-8182000", "depreciationAndAmortization": "63449000", "incomeBeforeTax": "189746000", "incomeTaxExpense": "27489000", "interestAndDebtExpense": "9565000", "netIncomeFromContinuingOperations": "189746000", "comprehensiveIncomeNetOfTax": "154086000", "ebit": "199311000", "ebitda": "262760000", "netIncome": "162257000"}, {"fiscalDateEnding": "2019-12-31", "reportedCurrency": "USD", "grossProfit": "483478000", "totalRevenue": "723499000", "costOfRevenue": "240021000", "costofGoodsAndServicesSold": "240021000", "operatingIncome": "159406000", "sellingGeneralAndAdministrative": "109612000", "researchAndDevelopment": "211541000", "operatingExpenses": "324072000", "investmentIncomeNet": "11138000", "netInterestIncome": "-9563000", "interestIncome": "11138000", "interestExpense": "9563000", "nonInterestIncome": "None", "otherNonOperatingIncome": "6437000", "depreciation": "26331000", "depreciationAndAmortization": "2919000", "incomeBeforeTax": "165843000", "incomeTaxExpense": "3831000", "interestAndDebtExpense": "9563000", "netIncomeFromContinuingOperations": "162012000", "comprehensiveIncomeNetOfTax": "167043000", "ebit": "175406000", "ebitda": "178325000", "netIncome": "162012000"}, {"fiscalDateEnding": "2019-09-30", "reportedCurrency": "USD", "grossProfit": "540260000", "totalRevenue": "833366000", "costOfRevenue": "293106000", "costofGoodsAndServicesSold": "293106000", "operatingIncome": "203516000", "sellingGeneralAndAdministrative": "111596000", "researchAndDevelopment": "222979000", "operatingExpenses": "336744000", "investmentIncomeNet": "13813000", "netInterestIncome": "-9562000", "interestIncome": "13813000", "interestExpense": "9562000", "nonInterestIncome": "None", "otherNonOperatingIncome": "12329000", "depreciation": "18698000", "depreciationAndAmortization": "2169000", "incomeBeforeTax": "215893000", "incomeTaxExpense": "-11100000", "interestAndDebtExpense": "9562000", "netIncomeFromContinuingOperations": "226945000", "comprehensiveIncomeNetOfTax": "223329000", "ebit": "225455000", "ebitda": "227624000", "netIncome": "226993000"}, {"fiscalDateEnding": "2019-06-30", "reportedCurrency": "USD", "grossProfit": "562863000", "totalRevenue": "849632000", "costOfRevenue": "286769000", "costofGoodsAndServicesSold": "286769000", "operatingIncome": "250938000", "sellingGeneralAndAdministrative": "107425000", "researchAndDevelopment": "204100000", "operatingExpenses": "311925000", "investmentIncomeNet": "17989000", "netInterestIncome": "-10659000", "interestIncome": "17989000", "interestExpense": "10659000", "nonInterestIncome": "None", "otherNonOperatingIncome": "11612000", "depreciation": "23853000", "depreciationAndAmortization": "400000", "incomeBeforeTax": "262550000", "incomeTaxExpense": "21091000", "interestAndDebtExpense": "10659000", "netIncomeFromContinuingOperations": "241459000", "comprehensiveIncomeNetOfTax": "251397000", "ebit": "273209000", "ebitda": "273609000", "netIncome": "241459000"}, {"fiscalDateEnding": "2019-03-31", "reportedCurrency": "USD", "grossProfit": "558904000", "totalRevenue": "828361000", "costOfRevenue": "269457000", "costofGoodsAndServicesSold": "269457000", "operatingIncome": "250379000", "sellingGeneralAndAdministrative": "107160000", "researchAndDevelopment": "199500000", "operatingExpenses": "308526000", "investmentIncomeNet": "20937000", "netInterestIncome": "-12883000", "interestIncome": "20937000", "interestExpense": "12883000", "nonInterestIncome": "None", "otherNonOperatingIncome": "9302000", "depreciation": "4203000", "depreciationAndAmortization": "1866000", "incomeBeforeTax": "259680000", "incomeTaxExpense": "15040000", "interestAndDebtExpense": "12883000", "netIncomeFromContinuingOperations": "259680000", "comprehensiveIncomeNetOfTax": "253024000", "ebit": "272563000", "ebitda": "274429000", "netIncome": "244640000"}, {"fiscalDateEnding": "2018-12-31", "reportedCurrency": "USD", "grossProfit": "552154000", "totalRevenue": "800057000", "costOfRevenue": "247903000", "costofGoodsAndServicesSold": "247903000", "operatingIncome": "257920000", "sellingGeneralAndAdministrative": "103039000", "researchAndDevelopment": "189329000", "operatingExpenses": "294234000", "investmentIncomeNet": "21610000", "netInterestIncome": "-13464000", "interestIncome": "None", "interestExpense": "13464000", "nonInterestIncome": "None", "otherNonOperatingIncome": "-1330000", "depreciation": "17974000", "depreciationAndAmortization": "1866000", "incomeBeforeTax": "256590000", "incomeTaxExpense": "17230000", "interestAndDebtExpense": "13464000", "netIncomeFromContinuingOperations": "239360000", "comprehensiveIncomeNetOfTax": "248305000", "ebit": "270054000", "ebitda": "271920000", "netIncome": "239360000"}, {"fiscalDateEnding": "2018-09-30", "reportedCurrency": "USD", "grossProfit": "514632000", "totalRevenue": "746252000", "costOfRevenue": "231620000", "costofGoodsAndServicesSold": "231620000", "operatingIncome": "232736000", "sellingGeneralAndAdministrative": "97685000", "researchAndDevelopment": "183372000", "operatingExpenses": "281896000", "investmentIncomeNet": "17350000", "netInterestIncome": "-13164000", "interestIncome": "None", "interestExpense": "13164000", "nonInterestIncome": "None", "otherNonOperatingIncome": "6408000", "depreciation": "16048000", "depreciationAndAmortization": "839000", "incomeBeforeTax": "239112000", "incomeTaxExpense": "23400000", "interestAndDebtExpense": "13164000", "netIncomeFromContinuingOperations": "215712000", "comprehensiveIncomeNetOfTax": "210905000", "ebit": "252276000", "ebitda": "253115000", "netIncome": "215712000"}, {"fiscalDateEnding": "2018-06-30", "reportedCurrency": "USD", "grossProfit": "477482000", "totalRevenue": "684370000", "costOfRevenue": "206888000", "costofGoodsAndServicesSold": "206888000", "operatingIncome": "215764000", "sellingGeneralAndAdministrative": "90532000", "researchAndDevelopment": "170826000", "operatingExpenses": "261718000", "investmentIncomeNet": "17397000", "netInterestIncome": "-13372000", "interestIncome": "None", "interestExpense": "13372000", "nonInterestIncome": "None", "otherNonOperatingIncome": "-2847000", "depreciation": "15075000", "depreciationAndAmortization": "360000", "incomeBeforeTax": "212917000", "incomeTaxExpense": "22879000", "interestAndDebtExpense": "13372000", "netIncomeFromContinuingOperations": "190038000", "comprehensiveIncomeNetOfTax": "180217000", "ebit": "226289000", "ebitda": "226649000", "netIncome": "190038000"}, {"fiscalDateEnding": "2018-03-31", "reportedCurrency": "USD", "grossProfit": "449250000", "totalRevenue": "638191000", "costOfRevenue": "188941000", "costofGoodsAndServicesSold": "188941000", "operatingIncome": "163484000", "sellingGeneralAndAdministrative": "89348000", "researchAndDevelopment": "162483000", "operatingExpenses": "285766000", "investmentIncomeNet": "13620000", "netInterestIncome": "-11504000", "interestIncome": "None", "interestExpense": "11504000", "nonInterestIncome": "None", "otherNonOperatingIncome": "-3781000", "depreciation": "11984000", "depreciationAndAmortization": "584000", "incomeBeforeTax": "159703000", "incomeTaxExpense": "14232000", "interestAndDebtExpense": "11504000", "netIncomeFromContinuingOperations": "185984000", "comprehensiveIncomeNetOfTax": "137668000", "ebit": "171207000", "ebitda": "171791000", "netIncome": "145471000"}, {"fiscalDateEnding": "2017-12-31", "reportedCurrency": "USD", "grossProfit": "420634000", "totalRevenue": "598603000", "costOfRevenue": "177969000", "costofGoodsAndServicesSold": "177969000", "operatingIncome": "161297000", "sellingGeneralAndAdministrative": "92753000", "researchAndDevelopment": "166231000", "operatingExpenses": "259337000", "investmentIncomeNet": "17738000", "netInterestIncome": "-11224000", "interestIncome": "None", "interestExpense": "11224000", "nonInterestIncome": "None", "otherNonOperatingIncome": "5469000", "depreciation": "11452000", "depreciationAndAmortization": "353000", "incomeBeforeTax": "166766000", "incomeTaxExpense": "179251000", "interestAndDebtExpense": "11224000", "netIncomeFromContinuingOperations": "11945000", "comprehensiveIncomeNetOfTax": "-17769000", "ebit": "177990000", "ebitda": "178343000", "netIncome": "-12485000"}, {"fiscalDateEnding": "2017-09-30", "reportedCurrency": "USD", "grossProfit": "441734000", "totalRevenue": "627419000", "costOfRevenue": "185685000", "costofGoodsAndServicesSold": "185685000", "operatingIncome": "192186000", "sellingGeneralAndAdministrative": "91053000", "researchAndDevelopment": "157985000", "operatingExpenses": "249548000", "investmentIncomeNet": "13832000", "netInterestIncome": "-11029000", "interestIncome": "None", "interestExpense": "11029000", "nonInterestIncome": "None", "otherNonOperatingIncome": "1831000", "depreciation": "11732000", "depreciationAndAmortization": "510000", "incomeBeforeTax": "194017000", "incomeTaxExpense": "20266000", "interestAndDebtExpense": "11029000", "netIncomeFromContinuingOperations": "167532000", "comprehensiveIncomeNetOfTax": "174165000", "ebit": "205046000", "ebitda": "205556000", "netIncome": "173751000"}, {"fiscalDateEnding": "2017-06-30", "reportedCurrency": "USD", "grossProfit": "411986000", "totalRevenue": "602810000", "costOfRevenue": "190824000", "costofGoodsAndServicesSold": "190824000", "operatingIncome": "169055000", "sellingGeneralAndAdministrative": "89175000", "researchAndDevelopment": "153051000", "operatingExpenses": "242931000", "investmentIncomeNet": "13414000", "netInterestIncome": "-12081000", "interestIncome": "None", "interestExpense": "12081000", "nonInterestIncome": "None", "otherNonOperatingIncome": "1839000", "depreciation": "11232000", "depreciationAndAmortization": "705000", "incomeBeforeTax": "170894000", "incomeTaxExpense": "13650000", "interestAndDebtExpense": "12081000", "netIncomeFromContinuingOperations": "182259000", "comprehensiveIncomeNetOfTax": "165293000", "ebit": "182975000", "ebitda": "183680000", "netIncome": "157244000"}, {"fiscalDateEnding": "2017-03-31", "reportedCurrency": "USD", "grossProfit": "423641000", "totalRevenue": "658475000", "costOfRevenue": "271793000", "costofGoodsAndServicesSold": "186228000", "operatingIncome": "180400000", "sellingGeneralAndAdministrative": "84797000", "researchAndDevelopment": "164256000", "operatingExpenses": "250237000", "investmentIncomeNet": "13053000", "netInterestIncome": "-12343000", "interestIncome": "None", "interestExpense": "12343000", "nonInterestIncome": "None", "otherNonOperatingIncome": "-2184000", "depreciation": "11483000", "depreciationAndAmortization": "1184000", "incomeBeforeTax": "172595000", "incomeTaxExpense": "19170000", "interestAndDebtExpense": "12343000", "netIncomeFromContinuingOperations": "171220000", "comprehensiveIncomeNetOfTax": "164806000", "ebit": "184938000", "ebitda": "186122000", "netIncome": "153425000"}, {"fiscalDateEnding": "2016-12-31", "reportedCurrency": "USD", "grossProfit": "407455000", "totalRevenue": "571816000", "costOfRevenue": "263468000", "costofGoodsAndServicesSold": "178233000", "operatingIncome": "162972000", "sellingGeneralAndAdministrative": "83780000", "researchAndDevelopment": "159248000", "operatingExpenses": "244483000", "investmentIncomeNet": "14504000", "netInterestIncome": "-13872000", "interestIncome": "None", "interestExpense": "13872000", "nonInterestIncome": "None", "otherNonOperatingIncome": "-392000", "depreciation": "11110000", "depreciationAndAmortization": "1455000", "incomeBeforeTax": "162580000", "incomeTaxExpense": "20734000", "interestAndDebtExpense": "13872000", "netIncomeFromContinuingOperations": "141846000", "comprehensiveIncomeNetOfTax": "116614000", "ebit": "176452000", "ebitda": "177907000", "netIncome": "141846000"}]}