{"symbol": "XOM", "annualReports": [{"fiscalDateEnding": "2020-12-31", "reportedCurrency": "USD", "grossProfit": "168484000000", "totalRevenue": "181502000000", "costOfRevenue": "13018000000", "costofGoodsAndServicesSold": "170447000000", "operatingIncome": "154366000000", "sellingGeneralAndAdministrative": "10168000000", "researchAndDevelopment": "1016000000", "operatingExpenses": "14118000000", "investmentIncomeNet": "49000000", "netInterestIncome": "-1158000000", "interestIncome": "574000000", "interestExpense": "1158000000", "nonInterestIncome": "178550000000", "otherNonOperatingIncome": "1196000000", "depreciation": "None", "depreciationAndAmortization": "46009000000", "incomeBeforeTax": "-28072000000", "incomeTaxExpense": "-5632000000", "interestAndDebtExpense": "1158000000", "netIncomeFromContinuingOperations": "-23251000000", "comprehensiveIncomeNetOfTax": "-19652000000", "ebit": "-26914000000", "ebitda": "19095000000", "netIncome": "-22440000000"}, {"fiscalDateEnding": "2019-12-31", "reportedCurrency": "USD", "grossProfit": "251556000000", "totalRevenue": "264938000000", "costOfRevenue": "13382000000", "costofGoodsAndServicesSold": "199625000000", "operatingIncome": "238636000000", "sellingGeneralAndAdministrative": "11398000000", "researchAndDevelopment": "1214000000", "operatingExpenses": "12920000000", "investmentIncomeNet": "84000000", "netInterestIncome": "-830000000", "interestIncome": "4611000000", "interestExpense": "830000000", "nonInterestIncome": "255479000000", "otherNonOperatingIncome": "3914000000", "depreciation": "None", "depreciationAndAmortization": "None", "incomeBeforeTax": "19622000000", "incomeTaxExpense": "5282000000", "interestAndDebtExpense": "830000000", "netIncomeFromContinuingOperations": "14774000000", "comprehensiveIncomeNetOfTax": "14411000000", "ebit": "20452000000", "ebitda": "20452000000", "netIncome": "14340000000"}, {"fiscalDateEnding": "2018-12-31", "reportedCurrency": "USD", "grossProfit": "266471000000", "totalRevenue": "290212000000", "costOfRevenue": "12861000000", "costofGoodsAndServicesSold": "211599000000", "operatingIncome": "253021000000", "sellingGeneralAndAdministrative": "11480000000", "researchAndDevelopment": "1116000000", "operatingExpenses": "13450000000", "investmentIncomeNet": "64000000", "netInterestIncome": "-766000000", "interestIncome": "6589000000", "interestExpense": "766000000", "nonInterestIncome": "-138000000", "otherNonOperatingIncome": "3525000000", "depreciation": "None", "depreciationAndAmortization": "18745000000", "incomeBeforeTax": "30372000000", "incomeTaxExpense": "9532000000", "interestAndDebtExpense": "766000000", "netIncomeFromContinuingOperations": "21421000000", "comprehensiveIncomeNetOfTax": "17577000000", "ebit": "31138000000", "ebitda": "49883000000", "netIncome": "20840000000"}, {"fiscalDateEnding": "2017-12-31", "reportedCurrency": "USD", "grossProfit": "225426000000", "totalRevenue": "244363000000", "costOfRevenue": "11736000000", "costofGoodsAndServicesSold": "182238000000", "operatingIncome": "211171000000", "sellingGeneralAndAdministrative": "10649000000", "researchAndDevelopment": "1063000000", "operatingExpenses": "14255000000", "investmentIncomeNet": "36000000", "netInterestIncome": "-601000000", "interestIncome": "4779000000", "interestExpense": "601000000", "nonInterestIncome": "-93000000", "otherNonOperatingIncome": "1821000000", "depreciation": "None", "depreciationAndAmortization": "19893000000", "incomeBeforeTax": "18536000000", "incomeTaxExpense": "-1174000000", "interestAndDebtExpense": "601000000", "netIncomeFromContinuingOperations": "19848000000", "comprehensiveIncomeNetOfTax": "25687000000", "ebit": "19137000000", "ebitda": "39030000000", "netIncome": "19710000000"}, {"fiscalDateEnding": "2016-12-31", "reportedCurrency": "USD", "grossProfit": "182679000000", "totalRevenue": "200628000000", "costOfRevenue": "35929000000", "costofGoodsAndServicesSold": "21090000000", "operatingIncome": "166997000000", "sellingGeneralAndAdministrative": "10443000000", "researchAndDevelopment": "1058000000", "operatingExpenses": "15682000000", "investmentIncomeNet": "30000000", "netInterestIncome": "-453000000", "interestIncome": "4353000000", "interestExpense": "453000000", "nonInterestIncome": "-52000000", "otherNonOperatingIncome": "4806000000", "depreciation": "None", "depreciationAndAmortization": "22308000000", "incomeBeforeTax": "7434000000", "incomeTaxExpense": "-406000000", "interestAndDebtExpense": "453000000", "netIncomeFromContinuingOperations": "8375000000", "comprehensiveIncomeNetOfTax": "9112000000", "ebit": "7887000000", "ebitda": "30195000000", "netIncome": "7840000000"}], "quarterlyReports": [{"fiscalDateEnding": "2021-09-30", "reportedCurrency": "USD", "grossProfit": "71349000000", "totalRevenue": "73786000000", "costOfRevenue": "2437000000", "costofGoodsAndServicesSold": "53454000000", "operatingIncome": "68868000000", "sellingGeneralAndAdministrative": "2287000000", "researchAndDevelopment": "None", "operatingExpenses": "2481000000", "investmentIncomeNet": "None", "netInterestIncome": "-214000000", "interestIncome": "1456000000", "interestExpense": "214000000", "nonInterestIncome": "71892000000", "otherNonOperatingIncome": "224000000", "depreciation": "None", "depreciationAndAmortization": "4990000000", "incomeBeforeTax": "9414000000", "incomeTaxExpense": "2664000000", "interestAndDebtExpense": "214000000", "netIncomeFromContinuingOperations": "6942000000", "comprehensiveIncomeNetOfTax": "5640000000", "ebit": "9628000000", "ebitda": "14618000000", "netIncome": "6750000000"}, {"fiscalDateEnding": "2021-06-30", "reportedCurrency": "USD", "grossProfit": "65225000000", "totalRevenue": "67742000000", "costOfRevenue": "2517000000", "costofGoodsAndServicesSold": "50752000000", "operatingIncome": "62694000000", "sellingGeneralAndAdministrative": "2345000000", "researchAndDevelopment": "None", "operatingExpenses": "2531000000", "investmentIncomeNet": "None", "netInterestIncome": "-254000000", "interestIncome": "1182000000", "interestExpense": "254000000", "nonInterestIncome": "65943000000", "otherNonOperatingIncome": "363000000", "depreciation": "None", "depreciationAndAmortization": "4952000000", "incomeBeforeTax": "6216000000", "incomeTaxExpense": "1526000000", "interestAndDebtExpense": "254000000", "netIncomeFromContinuingOperations": "4781000000", "comprehensiveIncomeNetOfTax": "5194000000", "ebit": "6470000000", "ebitda": "11422000000", "netIncome": "4690000000"}, {"fiscalDateEnding": "2021-03-31", "reportedCurrency": "USD", "grossProfit": "56302000000", "totalRevenue": "59147000000", "costOfRevenue": "2845000000", "costofGoodsAndServicesSold": "45667000000", "operatingIncome": "53671000000", "sellingGeneralAndAdministrative": "2428000000", "researchAndDevelopment": "None", "operatingExpenses": "2631000000", "investmentIncomeNet": "None", "netInterestIncome": "-258000000", "interestIncome": "1215000000", "interestExpense": "258000000", "nonInterestIncome": "57552000000", "otherNonOperatingIncome": "122000000", "depreciation": "None", "depreciationAndAmortization": "5004000000", "incomeBeforeTax": "3526000000", "incomeTaxExpense": "796000000", "interestAndDebtExpense": "258000000", "netIncomeFromContinuingOperations": "2796000000", "comprehensiveIncomeNetOfTax": "3345000000", "ebit": "3784000000", "ebitda": "8788000000", "netIncome": "2730000000"}, {"fiscalDateEnding": "2020-12-31", "reportedCurrency": "USD", "grossProfit": "42650000000", "totalRevenue": "46540000000", "costOfRevenue": "3890000000", "costofGoodsAndServicesSold": "62332000000", "operatingIncome": "37543000000", "sellingGeneralAndAdministrative": "2736000000", "researchAndDevelopment": "None", "operatingExpenses": "5107000000", "investmentIncomeNet": "None", "netInterestIncome": "-313000000", "interestIncome": "24000000", "interestExpense": "313000000", "nonInterestIncome": "45714000000", "otherNonOperatingIncome": "465000000", "depreciation": "None", "depreciationAndAmortization": "45993282", "incomeBeforeTax": "-26080000000", "incomeTaxExpense": "-6010000000", "interestAndDebtExpense": "313000000", "netIncomeFromContinuingOperations": "-20603000000", "comprehensiveIncomeNetOfTax": "-16586000000", "ebit": "-25767000000", "ebitda": "-25721006718", "netIncome": "-20070000000"}, {"fiscalDateEnding": "2020-09-30", "reportedCurrency": "USD", "grossProfit": "43636000000", "totalRevenue": "46199000000", "costOfRevenue": "2563000000", "costofGoodsAndServicesSold": "-153000000", "operatingIncome": "41004000000", "sellingGeneralAndAdministrative": "2444000000", "researchAndDevelopment": "None", "operatingExpenses": "2632000000", "investmentIncomeNet": "None", "netInterestIncome": "-279000000", "interestIncome": "238000000", "interestExpense": "279000000", "nonInterestIncome": "45425000000", "otherNonOperatingIncome": "257000000", "depreciation": "None", "depreciationAndAmortization": "15718", "incomeBeforeTax": "-343000000", "incomeTaxExpense": "337000000", "interestAndDebtExpense": "279000000", "netIncomeFromContinuingOperations": "-709000000", "comprehensiveIncomeNetOfTax": "748000000", "ebit": "-64000000", "ebitda": "-64000000", "netIncome": "-680000000"}, {"fiscalDateEnding": "2020-06-30", "reportedCurrency": "USD", "grossProfit": "32549000000", "totalRevenue": "32605000000", "costOfRevenue": "56000000", "costofGoodsAndServicesSold": "-2624000000", "operatingIncome": "29926000000", "sellingGeneralAndAdministrative": "2409000000", "researchAndDevelopment": "None", "operatingExpenses": "2623000000", "investmentIncomeNet": "None", "netInterestIncome": "-317000000", "interestIncome": "-214000000", "interestExpense": "317000000", "nonInterestIncome": "32277000000", "otherNonOperatingIncome": "225000000", "depreciation": "None", "depreciationAndAmortization": "None", "incomeBeforeTax": "-1551000000", "incomeTaxExpense": "-471000000", "interestAndDebtExpense": "317000000", "netIncomeFromContinuingOperations": "-1169000000", "comprehensiveIncomeNetOfTax": "1642000000", "ebit": "-1234000000", "ebitda": "-1234000000", "netIncome": "-1080000000"}, {"fiscalDateEnding": "2020-03-31", "reportedCurrency": "USD", "grossProfit": "49746000000", "totalRevenue": "56158000000", "costOfRevenue": "6412000000", "costofGoodsAndServicesSold": "2777000000", "operatingIncome": "46088000000", "sellingGeneralAndAdministrative": "2579000000", "researchAndDevelopment": "None", "operatingExpenses": "3658000000", "investmentIncomeNet": "None", "netInterestIncome": "-249000000", "interestIncome": "526000000", "interestExpense": "249000000", "nonInterestIncome": "55134000000", "otherNonOperatingIncome": "249000000", "depreciation": "None", "depreciationAndAmortization": "None", "incomeBeforeTax": "-98000000", "incomeTaxExpense": "512000000", "interestAndDebtExpense": "249000000", "netIncomeFromContinuingOperations": "-770000000", "comprehensiveIncomeNetOfTax": "-5456000000", "ebit": "151000000", "ebitda": "151000000", "netIncome": "-610000000"}, {"fiscalDateEnding": "2019-12-31", "reportedCurrency": "USD", "grossProfit": "63169000000", "totalRevenue": "67173000000", "costOfRevenue": "4004000000", "costofGoodsAndServicesSold": "49177000000", "operatingIncome": "59511000000", "sellingGeneralAndAdministrative": "3048000000", "researchAndDevelopment": "None", "operatingExpenses": "3658000000", "investmentIncomeNet": "None", "netInterestIncome": "-201000000", "interestIncome": "976000000", "interestExpense": "201000000", "nonInterestIncome": "62920000000", "otherNonOperatingIncome": "2972000000", "depreciation": "None", "depreciationAndAmortization": "None", "incomeBeforeTax": "6374000000", "incomeTaxExpense": "684000000", "interestAndDebtExpense": "201000000", "netIncomeFromContinuingOperations": "5730000000", "comprehensiveIncomeNetOfTax": "5474000000", "ebit": "6575000000", "ebitda": "6575000000", "netIncome": "5690000000"}, {"fiscalDateEnding": "2019-09-30", "reportedCurrency": "USD", "grossProfit": "61939000000", "totalRevenue": "65049000000", "costOfRevenue": "3110000000", "costofGoodsAndServicesSold": "49011000000", "operatingIncome": "58887000000", "sellingGeneralAndAdministrative": "2753000000", "researchAndDevelopment": "None", "operatingExpenses": "3052000000", "investmentIncomeNet": "None", "netInterestIncome": "-232000000", "interestIncome": "964000000", "interestExpense": "232000000", "nonInterestIncome": "63422000000", "otherNonOperatingIncome": "431000000", "depreciation": "None", "depreciationAndAmortization": "4873000000", "incomeBeforeTax": "4644000000", "incomeTaxExpense": "1474000000", "interestAndDebtExpense": "232000000", "netIncomeFromContinuingOperations": "3247000000", "comprehensiveIncomeNetOfTax": "2098000000", "ebit": "4876000000", "ebitda": "9749000000", "netIncome": "3170000000"}, {"fiscalDateEnding": "2019-06-30", "reportedCurrency": "USD", "grossProfit": "64664000000", "totalRevenue": "69091000000", "costOfRevenue": "2827000000", "costofGoodsAndServicesSold": "53095000000", "operatingIncome": "61504000000", "sellingGeneralAndAdministrative": "2827000000", "researchAndDevelopment": "None", "operatingExpenses": "3160000000", "investmentIncomeNet": "None", "netInterestIncome": "-216000000", "interestIncome": "1143000000", "interestExpense": "216000000", "nonInterestIncome": "67491000000", "otherNonOperatingIncome": "241000000", "depreciation": "None", "depreciationAndAmortization": "4631000000", "incomeBeforeTax": "4371000000", "incomeTaxExpense": "1241000000", "interestAndDebtExpense": "216000000", "netIncomeFromContinuingOperations": "3391000000", "comprehensiveIncomeNetOfTax": "3707000000", "ebit": "4587000000", "ebitda": "9218000000", "netIncome": "3130000000"}, {"fiscalDateEnding": "2019-03-31", "reportedCurrency": "USD", "grossProfit": "58876000000", "totalRevenue": "63625000000", "costOfRevenue": "2770000000", "costofGoodsAndServicesSold": "48342000000", "operatingIncome": "55826000000", "sellingGeneralAndAdministrative": "2770000000", "researchAndDevelopment": "None", "operatingExpenses": "3050000000", "investmentIncomeNet": "None", "netInterestIncome": "-181000000", "interestIncome": "1528000000", "interestExpense": "181000000", "nonInterestIncome": "61646000000", "otherNonOperatingIncome": "270000000", "depreciation": "None", "depreciationAndAmortization": "4571000000", "incomeBeforeTax": "4233000000", "incomeTaxExpense": "1883000000", "interestAndDebtExpense": "181000000", "netIncomeFromContinuingOperations": "2406000000", "comprehensiveIncomeNetOfTax": "3132000000", "ebit": "4414000000", "ebitda": "8985000000", "netIncome": "2350000000"}, {"fiscalDateEnding": "2018-12-31", "reportedCurrency": "USD", "grossProfit": "64024000000", "totalRevenue": "71895000000", "costOfRevenue": "4229000000", "costofGoodsAndServicesSold": "51985000000", "operatingIncome": "60117000000", "sellingGeneralAndAdministrative": "2848000000", "researchAndDevelopment": "None", "operatingExpenses": "3907000000", "investmentIncomeNet": "None", "netInterestIncome": "-215000000", "interestIncome": "None", "interestExpense": "215000000", "nonInterestIncome": "-211217000000", "otherNonOperatingIncome": "1886000000", "depreciation": "None", "depreciationAndAmortization": "5028000000", "incomeBeforeTax": "7915000000", "incomeTaxExpense": "1915000000", "interestAndDebtExpense": "215000000", "netIncomeFromContinuingOperations": "6206000000", "comprehensiveIncomeNetOfTax": "4806000000", "ebit": "8130000000", "ebitda": "13158000000", "netIncome": "6000000000"}, {"fiscalDateEnding": "2018-09-30", "reportedCurrency": "USD", "grossProfit": "71295000000", "totalRevenue": "76605000000", "costOfRevenue": "2892000000", "costofGoodsAndServicesSold": "55531000000", "operatingIncome": "68111000000", "sellingGeneralAndAdministrative": "2892000000", "researchAndDevelopment": "None", "operatingExpenses": "3184000000", "investmentIncomeNet": "None", "netInterestIncome": "-200000000", "interestIncome": "None", "interestExpense": "200000000", "nonInterestIncome": "74187000000", "otherNonOperatingIncome": "458000000", "depreciation": "None", "depreciationAndAmortization": "4658000000", "incomeBeforeTax": "8874000000", "incomeTaxExpense": "2634000000", "interestAndDebtExpense": "200000000", "netIncomeFromContinuingOperations": "6446000000", "comprehensiveIncomeNetOfTax": "6479000000", "ebit": "9074000000", "ebitda": "13732000000", "netIncome": "6240000000"}, {"fiscalDateEnding": "2018-06-30", "reportedCurrency": "USD", "grossProfit": "68463000000", "totalRevenue": "71456000000", "costOfRevenue": "2993000000", "costofGoodsAndServicesSold": "54834000000", "operatingIncome": "65138000000", "sellingGeneralAndAdministrative": "2993000000", "researchAndDevelopment": "None", "operatingExpenses": "3325000000", "investmentIncomeNet": "None", "netInterestIncome": "-147000000", "interestIncome": "None", "interestExpense": "147000000", "nonInterestIncome": "None", "otherNonOperatingIncome": "1729000000", "depreciation": "None", "depreciationAndAmortization": "4589000000", "incomeBeforeTax": "6476000000", "incomeTaxExpense": "2526000000", "interestAndDebtExpense": "147000000", "netIncomeFromContinuingOperations": "3986000000", "comprehensiveIncomeNetOfTax": "2333000000", "ebit": "6623000000", "ebitda": "11212000000", "netIncome": "3950000000"}, {"fiscalDateEnding": "2018-03-31", "reportedCurrency": "USD", "grossProfit": "62689000000", "totalRevenue": "65436000000", "costOfRevenue": "2747000000", "costofGoodsAndServicesSold": "49249000000", "operatingIncome": "59655000000", "sellingGeneralAndAdministrative": "2747000000", "researchAndDevelopment": "None", "operatingExpenses": "3034000000", "investmentIncomeNet": "None", "netInterestIncome": "-204000000", "interestIncome": "None", "interestExpense": "204000000", "nonInterestIncome": "None", "otherNonOperatingIncome": "1910000000", "depreciation": "None", "depreciationAndAmortization": "4470000000", "incomeBeforeTax": "7107000000", "incomeTaxExpense": "2457000000", "interestAndDebtExpense": "204000000", "netIncomeFromContinuingOperations": "4783000000", "comprehensiveIncomeNetOfTax": "3959000000", "ebit": "7311000000", "ebitda": "11781000000", "netIncome": "4650000000"}, {"fiscalDateEnding": "2017-12-31", "reportedCurrency": "USD", "grossProfit": "250588000000", "totalRevenue": "72513000000", "costOfRevenue": "-13011000000", "costofGoodsAndServicesSold": "34821000000", "operatingIncome": "244081000000", "sellingGeneralAndAdministrative": "2956000000", "researchAndDevelopment": "1063000000", "operatingExpenses": "5216000000", "investmentIncomeNet": "None", "netInterestIncome": "-186000000", "interestIncome": "None", "interestExpense": "186000000", "nonInterestIncome": "None", "otherNonOperatingIncome": "673000000", "depreciation": "None", "depreciationAndAmortization": "5842000000", "incomeBeforeTax": "2988000000", "incomeTaxExpense": "-5392000000", "interestAndDebtExpense": "186000000", "netIncomeFromContinuingOperations": "8409000000", "comprehensiveIncomeNetOfTax": "8769000000", "ebit": "3174000000", "ebitda": "9016000000", "netIncome": "8380000000"}, {"fiscalDateEnding": "2017-09-30", "reportedCurrency": "USD", "grossProfit": "-8700000000", "totalRevenue": "59350000000", "costOfRevenue": "8589000000", "costofGoodsAndServicesSold": "5864000000", "operatingIncome": "-11431000000", "sellingGeneralAndAdministrative": "2632000000", "researchAndDevelopment": "None", "operatingExpenses": "3009000000", "investmentIncomeNet": "None", "netInterestIncome": "-111000000", "interestIncome": "None", "interestExpense": "111000000", "nonInterestIncome": "None", "otherNonOperatingIncome": "1472000000", "depreciation": "None", "depreciationAndAmortization": "4880000000", "incomeBeforeTax": "5468000000", "incomeTaxExpense": "1498000000", "interestAndDebtExpense": "111000000", "netIncomeFromContinuingOperations": "4085000000", "comprehensiveIncomeNetOfTax": "6221000000", "ebit": "5579000000", "ebitda": "10459000000", "netIncome": "3970000000"}, {"fiscalDateEnding": "2017-06-30", "reportedCurrency": "USD", "grossProfit": "-8375000000", "totalRevenue": "56026000000", "costOfRevenue": "8217000000", "costofGoodsAndServicesSold": "5589000000", "operatingIncome": "-10991000000", "sellingGeneralAndAdministrative": "2556000000", "researchAndDevelopment": "None", "operatingExpenses": "3142000000", "investmentIncomeNet": "None", "netInterestIncome": "-158000000", "interestIncome": "None", "interestExpense": "158000000", "nonInterestIncome": "None", "otherNonOperatingIncome": "1525000000", "depreciation": "None", "depreciationAndAmortization": "4652000000", "incomeBeforeTax": "4242000000", "incomeTaxExpense": "892000000", "interestAndDebtExpense": "158000000", "netIncomeFromContinuingOperations": "3264000000", "comprehensiveIncomeNetOfTax": "5127000000", "ebit": "4400000000", "ebitda": "9052000000", "netIncome": "3350000000"}, {"fiscalDateEnding": "2017-03-31", "reportedCurrency": "USD", "grossProfit": "-8087000000", "totalRevenue": "56474000000", "costOfRevenue": "7941000000", "costofGoodsAndServicesSold": "5342000000", "operatingIncome": "-10488000000", "sellingGeneralAndAdministrative": "2505000000", "researchAndDevelopment": "None", "operatingExpenses": "2888000000", "investmentIncomeNet": "None", "netInterestIncome": "-146000000", "interestIncome": "None", "interestExpense": "146000000", "nonInterestIncome": "None", "otherNonOperatingIncome": "1710000000", "depreciation": "None", "depreciationAndAmortization": "4519000000", "incomeBeforeTax": "5838000000", "incomeTaxExpense": "1828000000", "interestAndDebtExpense": "146000000", "netIncomeFromContinuingOperations": "4090000000", "comprehensiveIncomeNetOfTax": "5570000000", "ebit": "5984000000", "ebitda": "10503000000", "netIncome": "4010000000"}, {"fiscalDateEnding": "2016-12-31", "reportedCurrency": "USD", "grossProfit": "206599000000", "totalRevenue": "218866000000", "costOfRevenue": "12267000000", "costofGoodsAndServicesSold": "5403000000", "operatingIncome": "198651000000", "sellingGeneralAndAdministrative": "2468000000", "researchAndDevelopment": "1058000000", "operatingExpenses": "6580000000", "investmentIncomeNet": "None", "netInterestIncome": "-195000000", "interestIncome": "None", "interestExpense": "195000000", "nonInterestIncome": "None", "otherNonOperatingIncome": "1328000000", "depreciation": "None", "depreciationAndAmortization": "8117000000", "incomeBeforeTax": "273000000", "incomeTaxExpense": "-1407000000", "interestAndDebtExpense": "195000000", "netIncomeFromContinuingOperations": "2024000000", "comprehensiveIncomeNetOfTax": "-93000000", "ebit": "468000000", "ebitda": "8585000000", "netIncome": "1680000000"}]}