{"symbol": "YUM", "annualReports": [{"fiscalDateEnding": "2020-12-31", "reportedCurrency": "USD", "grossProfit": "2615000000", "totalRevenue": "5652000000", "costOfRevenue": "3037000000", "costofGoodsAndServicesSold": "1506000000", "operatingIncome": "1503000000", "sellingGeneralAndAdministrative": "1277000000", "researchAndDevelopment": "None", "operatingExpenses": "4149000000", "investmentIncomeNet": "74000000", "netInterestIncome": "-543000000", "interestIncome": "18000000", "interestExpense": "561000000", "nonInterestIncome": "None", "otherNonOperatingIncome": "74000000", "depreciation": "None", "depreciationAndAmortization": "68000000", "incomeBeforeTax": "1020000000", "incomeTaxExpense": "116000000", "interestAndDebtExpense": "561000000", "netIncomeFromContinuingOperations": "904000000", "comprehensiveIncomeNetOfTax": "881000000", "ebit": "1503000000", "ebitda": "1649000000", "netIncome": "904000000"}, {"fiscalDateEnding": "2019-12-31", "reportedCurrency": "USD", "grossProfit": "3123000000", "totalRevenue": "5597000000", "costOfRevenue": "2474000000", "costofGoodsAndServicesSold": "1235000000", "operatingIncome": "1930000000", "sellingGeneralAndAdministrative": "1170000000", "researchAndDevelopment": "None", "operatingExpenses": "3667000000", "investmentIncomeNet": "-67000000", "netInterestIncome": "-486000000", "interestIncome": "36000000", "interestExpense": "522000000", "nonInterestIncome": "None", "otherNonOperatingIncome": "-67000000", "depreciation": "None", "depreciationAndAmortization": "55000000", "incomeBeforeTax": "1373000000", "incomeTaxExpense": "79000000", "interestAndDebtExpense": "522000000", "netIncomeFromContinuingOperations": "1294000000", "comprehensiveIncomeNetOfTax": "1240000000", "ebit": "1930000000", "ebitda": "1950000000", "netIncome": "1294000000"}, {"fiscalDateEnding": "2018-12-31", "reportedCurrency": "USD", "grossProfit": "2971000000", "totalRevenue": "5688000000", "costOfRevenue": "2717000000", "costofGoodsAndServicesSold": "1634000000", "operatingIncome": "2296000000", "sellingGeneralAndAdministrative": "1083000000", "researchAndDevelopment": "None", "operatingExpenses": "3392000000", "investmentIncomeNet": "9000000", "netInterestIncome": "-452000000", "interestIncome": "44000000", "interestExpense": "496000000", "nonInterestIncome": "131000000", "otherNonOperatingIncome": "540000000", "depreciation": "None", "depreciationAndAmortization": "37000000", "incomeBeforeTax": "1839000000", "incomeTaxExpense": "297000000", "interestAndDebtExpense": "496000000", "netIncomeFromContinuingOperations": "1542000000", "comprehensiveIncomeNetOfTax": "1477000000", "ebit": "2296000000", "ebitda": "2372000000", "netIncome": "1542000000"}, {"fiscalDateEnding": "2017-12-31", "reportedCurrency": "USD", "grossProfit": "-465000000", "totalRevenue": "5878000000", "costOfRevenue": "197000000", "costofGoodsAndServicesSold": "2954000000", "operatingIncome": "2761000000", "sellingGeneralAndAdministrative": "214000000", "researchAndDevelopment": "22000000", "operatingExpenses": "3117000000", "investmentIncomeNet": "5000000", "netInterestIncome": "-445000000", "interestIncome": "28000000", "interestExpense": "473000000", "nonInterestIncome": "86000000", "otherNonOperatingIncome": "1083000000", "depreciation": "None", "depreciationAndAmortization": "33000000", "incomeBeforeTax": "2274000000", "incomeTaxExpense": "934000000", "interestAndDebtExpense": "473000000", "netIncomeFromContinuingOperations": "2391000000", "comprehensiveIncomeNetOfTax": "1527000000", "ebit": "2761000000", "ebitda": "2780000000", "netIncome": "1340000000"}, {"fiscalDateEnding": "2016-12-31", "reportedCurrency": "USD", "grossProfit": "-385000000", "totalRevenue": "6356000000", "costOfRevenue": "236000000", "costofGoodsAndServicesSold": "3700000000", "operatingIncome": "1682000000", "sellingGeneralAndAdministrative": "222000000", "researchAndDevelopment": "24000000", "operatingExpenses": "95000000", "investmentIncomeNet": "2000000", "netInterestIncome": "-307000000", "interestIncome": "26000000", "interestExpense": "333000000", "nonInterestIncome": "79000000", "otherNonOperatingIncome": "141000000", "depreciation": "None", "depreciationAndAmortization": "309000000", "incomeBeforeTax": "1643000000", "incomeTaxExpense": "0", "interestAndDebtExpense": "333000000", "netIncomeFromContinuingOperations": "1018000000", "comprehensiveIncomeNetOfTax": "1484000000", "ebit": "1682000000", "ebitda": "2559000000", "netIncome": "1643000000"}], "quarterlyReports": [{"fiscalDateEnding": "2021-09-30", "reportedCurrency": "USD", "grossProfit": "901000000", "totalRevenue": "1606000000", "costOfRevenue": "705000000", "costofGoodsAndServicesSold": "421000000", "operatingIncome": "527000000", "sellingGeneralAndAdministrative": "284000000", "researchAndDevelopment": "None", "operatingExpenses": "285000000", "investmentIncomeNet": "51000000", "netInterestIncome": "-126000000", "interestIncome": "-138000000", "interestExpense": "-12000000", "nonInterestIncome": "None", "otherNonOperatingIncome": "51000000", "depreciation": "None", "depreciationAndAmortization": "39000000", "incomeBeforeTax": "451000000", "incomeTaxExpense": "-77000000", "interestAndDebtExpense": "-12000000", "netIncomeFromContinuingOperations": "528000000", "comprehensiveIncomeNetOfTax": "521000000", "ebit": "527000000", "ebitda": "616000000", "netIncome": "528000000"}, {"fiscalDateEnding": "2021-06-30", "reportedCurrency": "USD", "grossProfit": "928000000", "totalRevenue": "1602000000", "costOfRevenue": "674000000", "costofGoodsAndServicesSold": "417000000", "operatingIncome": "567000000", "sellingGeneralAndAdministrative": "257000000", "researchAndDevelopment": "None", "operatingExpenses": "250000000", "investmentIncomeNet": "1000000", "netInterestIncome": "-159000000", "interestIncome": "-155000000", "interestExpense": "4000000", "nonInterestIncome": "None", "otherNonOperatingIncome": "1000000", "depreciation": "None", "depreciationAndAmortization": "39000000", "incomeBeforeTax": "407000000", "incomeTaxExpense": "16000000", "interestAndDebtExpense": "12000000", "netIncomeFromContinuingOperations": "391000000", "comprehensiveIncomeNetOfTax": "413000000", "ebit": "567000000", "ebitda": "605000000", "netIncome": "391000000"}, {"fiscalDateEnding": "2021-03-31", "reportedCurrency": "USD", "grossProfit": "865000000", "totalRevenue": "1486000000", "costOfRevenue": "621000000", "costofGoodsAndServicesSold": "392000000", "operatingIncome": "543000000", "sellingGeneralAndAdministrative": "229000000", "researchAndDevelopment": "None", "operatingExpenses": "214000000", "investmentIncomeNet": "0", "netInterestIncome": "-131000000", "interestIncome": "-119000000", "interestExpense": "12000000", "nonInterestIncome": "None", "otherNonOperatingIncome": "None", "depreciation": "None", "depreciationAndAmortization": "39000000", "incomeBeforeTax": "409000000", "incomeTaxExpense": "83000000", "interestAndDebtExpense": "12000000", "netIncomeFromContinuingOperations": "326000000", "comprehensiveIncomeNetOfTax": "391000000", "ebit": "543000000", "ebitda": "579000000", "netIncome": "326000000"}, {"fiscalDateEnding": "2020-12-31", "reportedCurrency": "USD", "grossProfit": "1743000000", "totalRevenue": "1743000000", "costOfRevenue": "995000000", "costofGoodsAndServicesSold": "460000000", "operatingIncome": "482000000", "sellingGeneralAndAdministrative": "446000000", "researchAndDevelopment": "None", "operatingExpenses": "3183000000", "investmentIncomeNet": "7000000", "netInterestIncome": "-132000000", "interestIncome": "-125000000", "interestExpense": "132000000", "nonInterestIncome": "None", "otherNonOperatingIncome": "17000000", "depreciation": "None", "depreciationAndAmortization": "46000000", "incomeBeforeTax": "352000000", "incomeTaxExpense": "20000000", "interestAndDebtExpense": "None", "netIncomeFromContinuingOperations": "482000000", "comprehensiveIncomeNetOfTax": "373000000", "ebit": "482000000", "ebitda": "530000000", "netIncome": "332000000"}, {"fiscalDateEnding": "2020-09-30", "reportedCurrency": "USD", "grossProfit": "779000000", "totalRevenue": "1448000000", "costOfRevenue": "669000000", "costofGoodsAndServicesSold": "399000000", "operatingIncome": "471000000", "sellingGeneralAndAdministrative": "270000000", "researchAndDevelopment": "None", "operatingExpenses": "311000000", "investmentIncomeNet": "10000000", "netInterestIncome": "-161000000", "interestIncome": "-151000000", "interestExpense": "161000000", "nonInterestIncome": "None", "otherNonOperatingIncome": "None", "depreciation": "None", "depreciationAndAmortization": "47000000", "incomeBeforeTax": "316000000", "incomeTaxExpense": "33000000", "interestAndDebtExpense": "None", "netIncomeFromContinuingOperations": "283000000", "comprehensiveIncomeNetOfTax": "319000000", "ebit": "471000000", "ebitda": "524000000", "netIncome": "283000000"}, {"fiscalDateEnding": "2020-06-30", "reportedCurrency": "USD", "grossProfit": "545000000", "totalRevenue": "1198000000", "costOfRevenue": "653000000", "costofGoodsAndServicesSold": "349000000", "operatingIncome": "300000000", "sellingGeneralAndAdministrative": "295000000", "researchAndDevelopment": "None", "operatingExpenses": "346000000", "investmentIncomeNet": "91000000", "netInterestIncome": "-132000000", "interestIncome": "-41000000", "interestExpense": "132000000", "nonInterestIncome": "None", "otherNonOperatingIncome": "91000000", "depreciation": "None", "depreciationAndAmortization": "26000000", "incomeBeforeTax": "257000000", "incomeTaxExpense": "51000000", "interestAndDebtExpense": "None", "netIncomeFromContinuingOperations": "206000000", "comprehensiveIncomeNetOfTax": "267000000", "ebit": "300000000", "ebitda": "415000000", "netIncome": "206000000"}, {"fiscalDateEnding": "2020-03-31", "reportedCurrency": "USD", "grossProfit": "553000000", "totalRevenue": "1263000000", "costOfRevenue": "710000000", "costofGoodsAndServicesSold": "298000000", "operatingIncome": "250000000", "sellingGeneralAndAdministrative": "266000000", "researchAndDevelopment": "None", "operatingExpenses": "399000000", "investmentIncomeNet": "-34000000", "netInterestIncome": "-118000000", "interestIncome": "-152000000", "interestExpense": "118000000", "nonInterestIncome": "None", "otherNonOperatingIncome": "-34000000", "depreciation": "None", "depreciationAndAmortization": "27000000", "incomeBeforeTax": "95000000", "incomeTaxExpense": "12000000", "interestAndDebtExpense": "None", "netIncomeFromContinuingOperations": "83000000", "comprehensiveIncomeNetOfTax": "-78000000", "ebit": "250000000", "ebitda": "240000000", "netIncome": "83000000"}, {"fiscalDateEnding": "2019-12-31", "reportedCurrency": "USD", "grossProfit": "1694000000", "totalRevenue": "1694000000", "costOfRevenue": "881000000", "costofGoodsAndServicesSold": "385000000", "operatingIncome": "546000000", "sellingGeneralAndAdministrative": "429000000", "researchAndDevelopment": "None", "operatingExpenses": "2942000000", "investmentIncomeNet": "-17000000", "netInterestIncome": "-132000000", "interestIncome": "388000000", "interestExpense": "520000000", "nonInterestIncome": "None", "otherNonOperatingIncome": "-17000000", "depreciation": "None", "depreciationAndAmortization": "53000000", "incomeBeforeTax": "397000000", "incomeTaxExpense": "-91000000", "interestAndDebtExpense": "520000000", "netIncomeFromContinuingOperations": "488000000", "comprehensiveIncomeNetOfTax": "528000000", "ebit": "546000000", "ebitda": "970000000", "netIncome": "488000000"}, {"fiscalDateEnding": "2019-09-30", "reportedCurrency": "USD", "grossProfit": "796000000", "totalRevenue": "1339000000", "costOfRevenue": "543000000", "costofGoodsAndServicesSold": "292000000", "operatingIncome": "480000000", "sellingGeneralAndAdministrative": "251000000", "researchAndDevelopment": "None", "operatingExpenses": "243000000", "investmentIncomeNet": "-59000000", "netInterestIncome": "-120000000", "interestIncome": "-119000000", "interestExpense": "1000000", "nonInterestIncome": "None", "otherNonOperatingIncome": "-59000000", "depreciation": "None", "depreciationAndAmortization": "0", "incomeBeforeTax": "300000000", "incomeTaxExpense": "45000000", "interestAndDebtExpense": "1000000", "netIncomeFromContinuingOperations": "255000000", "comprehensiveIncomeNetOfTax": "207000000", "ebit": "480000000", "ebitda": "301000000", "netIncome": "255000000"}, {"fiscalDateEnding": "2019-06-30", "reportedCurrency": "USD", "grossProfit": "787000000", "totalRevenue": "1310000000", "costOfRevenue": "523000000", "costofGoodsAndServicesSold": "286000000", "operatingIncome": "471000000", "sellingGeneralAndAdministrative": "236000000", "researchAndDevelopment": "None", "operatingExpenses": "233000000", "investmentIncomeNet": "25000000", "netInterestIncome": "-119000000", "interestIncome": "-119000000", "interestExpense": "0", "nonInterestIncome": "None", "otherNonOperatingIncome": "25000000", "depreciation": "None", "depreciationAndAmortization": "1000000", "incomeBeforeTax": "377000000", "incomeTaxExpense": "88000000", "interestAndDebtExpense": "None", "netIncomeFromContinuingOperations": "289000000", "comprehensiveIncomeNetOfTax": "233000000", "ebit": "471000000", "ebitda": "378000000", "netIncome": "289000000"}, {"fiscalDateEnding": "2019-03-31", "reportedCurrency": "USD", "grossProfit": "728000000", "totalRevenue": "1254000000", "costOfRevenue": "526000000", "costofGoodsAndServicesSold": "272000000", "operatingIncome": "433000000", "sellingGeneralAndAdministrative": "254000000", "researchAndDevelopment": "None", "operatingExpenses": "248000000", "investmentIncomeNet": "-16000000", "netInterestIncome": "-115000000", "interestIncome": "-114000000", "interestExpense": "1000000", "nonInterestIncome": "None", "otherNonOperatingIncome": "-16000000", "depreciation": "None", "depreciationAndAmortization": "1000000", "incomeBeforeTax": "299000000", "incomeTaxExpense": "37000000", "interestAndDebtExpense": "None", "netIncomeFromContinuingOperations": "262000000", "comprehensiveIncomeNetOfTax": "272000000", "ebit": "433000000", "ebitda": "301000000", "netIncome": "262000000"}, {"fiscalDateEnding": "2018-12-31", "reportedCurrency": "USD", "grossProfit": "1558000000", "totalRevenue": "1558000000", "costOfRevenue": "701000000", "costofGoodsAndServicesSold": "376000000", "operatingIncome": "741000000", "sellingGeneralAndAdministrative": "325000000", "researchAndDevelopment": "None", "operatingExpenses": "2919000000", "investmentIncomeNet": "-176000000", "netInterestIncome": "-122000000", "interestIncome": "None", "interestExpense": "122000000", "nonInterestIncome": "None", "otherNonOperatingIncome": "355000000", "depreciation": "None", "depreciationAndAmortization": "34000000", "incomeBeforeTax": "439000000", "incomeTaxExpense": "105000000", "interestAndDebtExpense": "None", "netIncomeFromContinuingOperations": "255000000", "comprehensiveIncomeNetOfTax": "317000000", "ebit": "741000000", "ebitda": "595000000", "netIncome": "334000000"}, {"fiscalDateEnding": "2018-09-30", "reportedCurrency": "USD", "grossProfit": "748000000", "totalRevenue": "1391000000", "costOfRevenue": "643000000", "costofGoodsAndServicesSold": "399000000", "operatingIncome": "553000000", "sellingGeneralAndAdministrative": "244000000", "researchAndDevelopment": "None", "operatingExpenses": "144000000", "investmentIncomeNet": "96000000", "netInterestIncome": "-111000000", "interestIncome": "None", "interestExpense": "111000000", "nonInterestIncome": "None", "otherNonOperatingIncome": "96000000", "depreciation": "None", "depreciationAndAmortization": "32000000", "incomeBeforeTax": "534000000", "incomeTaxExpense": "80000000", "interestAndDebtExpense": "None", "netIncomeFromContinuingOperations": "454000000", "comprehensiveIncomeNetOfTax": "419000000", "ebit": "553000000", "ebitda": "677000000", "netIncome": "454000000"}, {"fiscalDateEnding": "2018-06-30", "reportedCurrency": "USD", "grossProfit": "699000000", "totalRevenue": "1368000000", "costOfRevenue": "669000000", "costofGoodsAndServicesSold": "421000000", "operatingIncome": "449000000", "sellingGeneralAndAdministrative": "248000000", "researchAndDevelopment": "None", "operatingExpenses": "219000000", "investmentIncomeNet": "23000000", "netInterestIncome": "-112000000", "interestIncome": "None", "interestExpense": "112000000", "nonInterestIncome": "None", "otherNonOperatingIncome": "23000000", "depreciation": "None", "depreciationAndAmortization": "34000000", "incomeBeforeTax": "357000000", "incomeTaxExpense": "36000000", "interestAndDebtExpense": "None", "netIncomeFromContinuingOperations": "321000000", "comprehensiveIncomeNetOfTax": "254000000", "ebit": "449000000", "ebitda": "503000000", "netIncome": "321000000"}, {"fiscalDateEnding": "2018-03-31", "reportedCurrency": "USD", "grossProfit": "667000000", "totalRevenue": "1371000000", "costOfRevenue": "704000000", "costofGoodsAndServicesSold": "438000000", "operatingIncome": "553000000", "sellingGeneralAndAdministrative": "219000000", "researchAndDevelopment": "None", "operatingExpenses": "63000000", "investmentIncomeNet": "66000000", "netInterestIncome": "-107000000", "interestIncome": "None", "interestExpense": "107000000", "nonInterestIncome": "None", "otherNonOperatingIncome": "66000000", "depreciation": "None", "depreciationAndAmortization": "37000000", "incomeBeforeTax": "509000000", "incomeTaxExpense": "76000000", "interestAndDebtExpense": "None", "netIncomeFromContinuingOperations": "433000000", "comprehensiveIncomeNetOfTax": "487000000", "ebit": "553000000", "ebitda": "653000000", "netIncome": "433000000"}, {"fiscalDateEnding": "2017-12-31", "reportedCurrency": "USD", "grossProfit": "-4766000000", "totalRevenue": "1577000000", "costOfRevenue": "-2886000000", "costofGoodsAndServicesSold": "731000000", "operatingIncome": "1215000000", "sellingGeneralAndAdministrative": "-646000000", "researchAndDevelopment": "22000000", "operatingExpenses": "3448000000", "investmentIncomeNet": "2000000", "netInterestIncome": "-120000000", "interestIncome": "None", "interestExpense": "118000000", "nonInterestIncome": "None", "otherNonOperatingIncome": "1083000000", "depreciation": "None", "depreciationAndAmortization": "58000000", "incomeBeforeTax": "1092000000", "incomeTaxExpense": "656000000", "interestAndDebtExpense": "None", "netIncomeFromContinuingOperations": "752000000", "comprehensiveIncomeNetOfTax": "473000000", "ebit": "1215000000", "ebitda": "1268000000", "netIncome": "436000000"}, {"fiscalDateEnding": "2017-09-30", "reportedCurrency": "USD", "grossProfit": "1436000000", "totalRevenue": "1436000000", "costOfRevenue": "993000000", "costofGoodsAndServicesSold": "717000000", "operatingIncome": "643000000", "sellingGeneralAndAdministrative": "276000000", "researchAndDevelopment": "None", "operatingExpenses": "-201000000", "investmentIncomeNet": "1000000", "netInterestIncome": "-110000000", "interestIncome": "None", "interestExpense": "109000000", "nonInterestIncome": "None", "otherNonOperatingIncome": "None", "depreciation": "None", "depreciationAndAmortization": "60000000", "incomeBeforeTax": "524000000", "incomeTaxExpense": "106000000", "interestAndDebtExpense": "None", "netIncomeFromContinuingOperations": "564000000", "comprehensiveIncomeNetOfTax": "506000000", "ebit": "643000000", "ebitda": "693000000", "netIncome": "418000000"}, {"fiscalDateEnding": "2017-06-30", "reportedCurrency": "USD", "grossProfit": "1448000000", "totalRevenue": "1448000000", "costOfRevenue": "1049000000", "costofGoodsAndServicesSold": "748000000", "operatingIncome": "419000000", "sellingGeneralAndAdministrative": "301000000", "researchAndDevelopment": "None", "operatingExpenses": "-19000000", "investmentIncomeNet": "1000000", "netInterestIncome": "-105000000", "interestIncome": "None", "interestExpense": "104000000", "nonInterestIncome": "None", "otherNonOperatingIncome": "None", "depreciation": "None", "depreciationAndAmortization": "65000000", "incomeBeforeTax": "311000000", "incomeTaxExpense": "105000000", "interestAndDebtExpense": "None", "netIncomeFromContinuingOperations": "326000000", "comprehensiveIncomeNetOfTax": "193000000", "ebit": "419000000", "ebitda": "480000000", "netIncome": "206000000"}, {"fiscalDateEnding": "2017-03-31", "reportedCurrency": "USD", "grossProfit": "1417000000", "totalRevenue": "1417000000", "costOfRevenue": "1041000000", "costofGoodsAndServicesSold": "758000000", "operatingIncome": "484000000", "sellingGeneralAndAdministrative": "237000000", "researchAndDevelopment": "None", "operatingExpenses": "-111000000", "investmentIncomeNet": "1000000", "netInterestIncome": "-110000000", "interestIncome": "None", "interestExpense": "109000000", "nonInterestIncome": "None", "otherNonOperatingIncome": "None", "depreciation": "None", "depreciationAndAmortization": "70000000", "incomeBeforeTax": "347000000", "incomeTaxExpense": "67000000", "interestAndDebtExpense": "None", "netIncomeFromContinuingOperations": "327000000", "comprehensiveIncomeNetOfTax": "355000000", "ebit": "484000000", "ebitda": "526000000", "netIncome": "280000000"}, {"fiscalDateEnding": "2016-12-31", "reportedCurrency": "USD", "grossProfit": "-4855000000", "totalRevenue": "1886000000", "costOfRevenue": "6741000000", "costofGoodsAndServicesSold": "-2594000000", "operatingIncome": "520000000", "sellingGeneralAndAdministrative": "133000000", "researchAndDevelopment": "24000000", "operatingExpenses": "-64000000", "investmentIncomeNet": "None", "netInterestIncome": "-116000000", "interestIncome": "None", "interestExpense": "143000000", "nonInterestIncome": "None", "otherNonOperatingIncome": "None", "depreciation": "None", "depreciationAndAmortization": "-180000000", "incomeBeforeTax": "274000000", "incomeTaxExpense": "-29000000", "interestAndDebtExpense": "None", "netIncomeFromContinuingOperations": "308000000", "comprehensiveIncomeNetOfTax": "213000000", "ebit": "520000000", "ebitda": "371000000", "netIncome": "303000000"}]}