{"symbol": "ZION", "annualReports": [{"fiscalDateEnding": "2020-12-31", "reportedCurrency": "USD", "grossProfit": "-1540000000", "totalRevenue": "549000000", "costOfRevenue": "2089000000", "costofGoodsAndServicesSold": "None", "operatingIncome": "-1853000000", "sellingGeneralAndAdministrative": "227000000", "researchAndDevelopment": "None", "operatingExpenses": "313000000", "investmentIncomeNet": "304000000", "netInterestIncome": "2216000000", "interestIncome": "2368000000", "interestExpense": "152000000", "nonInterestIncome": "574000000", "otherNonOperatingIncome": "None", "depreciation": "None", "depreciationAndAmortization": "86000000", "incomeBeforeTax": "672000000", "incomeTaxExpense": "133000000", "interestAndDebtExpense": "152000000", "netIncomeFromContinuingOperations": "-3665000000", "comprehensiveIncomeNetOfTax": "821000000", "ebit": "824000000", "ebitda": "910000000", "netIncome": "539000000"}, {"fiscalDateEnding": "2019-12-31", "reportedCurrency": "USD", "grossProfit": "1030000000", "totalRevenue": "525000000", "costOfRevenue": "1779000000", "costofGoodsAndServicesSold": "None", "operatingIncome": "616000000", "sellingGeneralAndAdministrative": "226000000", "researchAndDevelopment": "None", "operatingExpenses": "414000000", "investmentIncomeNet": "362000000", "netInterestIncome": "2272000000", "interestIncome": "2683000000", "interestExpense": "411000000", "nonInterestIncome": "562000000", "otherNonOperatingIncome": "362000000", "depreciation": "None", "depreciationAndAmortization": "188000000", "incomeBeforeTax": "1053000000", "incomeTaxExpense": "237000000", "interestAndDebtExpense": "411000000", "netIncomeFromContinuingOperations": "-1329000000", "comprehensiveIncomeNetOfTax": "1109000000", "ebit": "1464000000", "ebitda": "1652000000", "netIncome": "816000000"}, {"fiscalDateEnding": "2018-12-31", "reportedCurrency": "USD", "grossProfit": "1214000000", "totalRevenue": "508000000", "costOfRevenue": "1638000000", "costofGoodsAndServicesSold": "212000000", "operatingIncome": "726000000", "sellingGeneralAndAdministrative": "295000000", "researchAndDevelopment": "None", "operatingExpenses": "488000000", "investmentIncomeNet": "350000000", "netInterestIncome": "2230000000", "interestIncome": "2481000000", "interestExpense": "251000000", "nonInterestIncome": "552000000", "otherNonOperatingIncome": "43000000", "depreciation": "None", "depreciationAndAmortization": "193000000", "incomeBeforeTax": "1143000000", "incomeTaxExpense": "259000000", "interestAndDebtExpense": "251000000", "netIncomeFromContinuingOperations": "-1168000000", "comprehensiveIncomeNetOfTax": "773000000", "ebit": "1394000000", "ebitda": "1587000000", "netIncome": "884000000"}, {"fiscalDateEnding": "2017-12-31", "reportedCurrency": "USD", "grossProfit": "919000000", "totalRevenue": "2585000000", "costOfRevenue": "1666000000", "costofGoodsAndServicesSold": "151000000", "operatingIncome": "-537000000", "sellingGeneralAndAdministrative": "1277000000", "researchAndDevelopment": "None", "operatingExpenses": "1456000000", "investmentIncomeNet": "326000000", "netInterestIncome": "2065000000", "interestIncome": "2192000000", "interestExpense": "127000000", "nonInterestIncome": "544000000", "otherNonOperatingIncome": "40000000", "depreciation": "None", "depreciationAndAmortization": "179000000", "incomeBeforeTax": "936000000", "incomeTaxExpense": "344000000", "interestAndDebtExpense": "127000000", "netIncomeFromContinuingOperations": "-2491000000", "comprehensiveIncomeNetOfTax": "575000000", "ebit": "1063000000", "ebitda": "1242000000", "netIncome": "592000000"}, {"fiscalDateEnding": "2016-12-31", "reportedCurrency": "USD", "grossProfit": "622060000", "totalRevenue": "2290182000", "costOfRevenue": "1668122000", "costofGoodsAndServicesSold": "179741000", "operatingIncome": "-750867000", "sellingGeneralAndAdministrative": "1249841000", "researchAndDevelopment": "None", "operatingExpenses": "1372927000", "investmentIncomeNet": "203920000", "netInterestIncome": "1867000000", "interestIncome": "1954000000", "interestExpense": "87000000", "nonInterestIncome": "516000000", "otherNonOperatingIncome": "24053000", "depreciation": "None", "depreciationAndAmortization": "123000000", "incomeBeforeTax": "705050000", "incomeTaxExpense": "236000000", "interestAndDebtExpense": "87319000", "netIncomeFromContinuingOperations": "-2547946000", "comprehensiveIncomeNetOfTax": "402081000", "ebit": "792050000", "ebitda": "915050000", "netIncome": "469050000"}], "quarterlyReports": [{"fiscalDateEnding": "2021-09-30", "reportedCurrency": "USD", "grossProfit": "-233000000", "totalRevenue": "151000000", "costOfRevenue": "384000000", "costofGoodsAndServicesSold": "None", "operatingIncome": "-286000000", "sellingGeneralAndAdministrative": "53000000", "researchAndDevelopment": "None", "operatingExpenses": "53000000", "investmentIncomeNet": "78000000", "netInterestIncome": "555000000", "interestIncome": "569000000", "interestExpense": "14000000", "nonInterestIncome": "139000000", "otherNonOperatingIncome": "None", "depreciation": "None", "depreciationAndAmortization": "-11000000", "incomeBeforeTax": "311000000", "incomeTaxExpense": "71000000", "interestAndDebtExpense": "14000000", "netIncomeFromContinuingOperations": "-777000000", "comprehensiveIncomeNetOfTax": "129000000", "ebit": "325000000", "ebitda": "314000000", "netIncome": "240000000"}, {"fiscalDateEnding": "2021-06-30", "reportedCurrency": "USD", "grossProfit": "-176000000", "totalRevenue": "139000000", "costOfRevenue": "315000000", "costofGoodsAndServicesSold": "None", "operatingIncome": "-230000000", "sellingGeneralAndAdministrative": "54000000", "researchAndDevelopment": "None", "operatingExpenses": "54000000", "investmentIncomeNet": "74000000", "netInterestIncome": "555000000", "interestIncome": "570000000", "interestExpense": "15000000", "nonInterestIncome": "205000000", "otherNonOperatingIncome": "None", "depreciation": "None", "depreciationAndAmortization": "-8000000", "incomeBeforeTax": "455000000", "incomeTaxExpense": "101000000", "interestAndDebtExpense": "15000000", "netIncomeFromContinuingOperations": "-751000000", "comprehensiveIncomeNetOfTax": "381000000", "ebit": "470000000", "ebitda": "462000000", "netIncome": "354000000"}, {"fiscalDateEnding": "2021-03-31", "reportedCurrency": "USD", "grossProfit": "-179000000", "totalRevenue": "133000000", "costOfRevenue": "312000000", "costofGoodsAndServicesSold": "None", "operatingIncome": "-234000000", "sellingGeneralAndAdministrative": "58000000", "researchAndDevelopment": "None", "operatingExpenses": "55000000", "investmentIncomeNet": "71000000", "netInterestIncome": "545000000", "interestIncome": "562000000", "interestExpense": "17000000", "nonInterestIncome": "169000000", "otherNonOperatingIncome": "None", "depreciation": "None", "depreciationAndAmortization": "-3000000", "incomeBeforeTax": "411000000", "incomeTaxExpense": "89000000", "interestAndDebtExpense": "17000000", "netIncomeFromContinuingOperations": "-751000000", "comprehensiveIncomeNetOfTax": "145000000", "ebit": "428000000", "ebitda": "425000000", "netIncome": "322000000"}, {"fiscalDateEnding": "2020-12-31", "reportedCurrency": "USD", "grossProfit": "292000000", "totalRevenue": "138000000", "costOfRevenue": "424000000", "costofGoodsAndServicesSold": "None", "operatingIncome": "292000000", "sellingGeneralAndAdministrative": "83000000", "researchAndDevelopment": "None", "operatingExpenses": "66000000", "investmentIncomeNet": "69000000", "netInterestIncome": "550000000", "interestIncome": "570000000", "interestExpense": "20000000", "nonInterestIncome": "166000000", "otherNonOperatingIncome": "None", "depreciation": "None", "depreciationAndAmortization": "11000000", "incomeBeforeTax": "359000000", "incomeTaxExpense": "75000000", "interestAndDebtExpense": "20000000", "netIncomeFromContinuingOperations": "-132000000", "comprehensiveIncomeNetOfTax": "277000000", "ebit": "379000000", "ebitda": "390000000", "netIncome": "284000000"}, {"fiscalDateEnding": "2020-09-30", "reportedCurrency": "USD", "grossProfit": "-348000000", "totalRevenue": "139000000", "costOfRevenue": "487000000", "costofGoodsAndServicesSold": "None", "operatingIncome": "-400000000", "sellingGeneralAndAdministrative": "52000000", "researchAndDevelopment": "None", "operatingExpenses": "52000000", "investmentIncomeNet": "74000000", "netInterestIncome": "555000000", "interestIncome": "581000000", "interestExpense": "26000000", "nonInterestIncome": "157000000", "otherNonOperatingIncome": "None", "depreciation": "None", "depreciationAndAmortization": "12000000", "incomeBeforeTax": "215000000", "incomeTaxExpense": "40000000", "interestAndDebtExpense": "26000000", "netIncomeFromContinuingOperations": "-875000000", "comprehensiveIncomeNetOfTax": "152000000", "ebit": "241000000", "ebitda": "253000000", "netIncome": "175000000"}, {"fiscalDateEnding": "2020-06-30", "reportedCurrency": "USD", "grossProfit": "-76000000", "totalRevenue": "130000000", "costOfRevenue": "591000000", "costofGoodsAndServicesSold": "None", "operatingIncome": "-149000000", "sellingGeneralAndAdministrative": "45000000", "researchAndDevelopment": "None", "operatingExpenses": "73000000", "investmentIncomeNet": "80000000", "netInterestIncome": "563000000", "interestIncome": "595000000", "interestExpense": "32000000", "nonInterestIncome": "117000000", "otherNonOperatingIncome": "None", "depreciation": "None", "depreciationAndAmortization": "18000000", "incomeBeforeTax": "82000000", "incomeTaxExpense": "16000000", "interestAndDebtExpense": "32000000", "netIncomeFromContinuingOperations": "-592000000", "comprehensiveIncomeNetOfTax": "162000000", "ebit": "114000000", "ebitda": "132000000", "netIncome": "66000000"}, {"fiscalDateEnding": "2020-03-31", "reportedCurrency": "USD", "grossProfit": "-221000000", "totalRevenue": "143000000", "costOfRevenue": "648000000", "costofGoodsAndServicesSold": "-51000000", "operatingIncome": "-314000000", "sellingGeneralAndAdministrative": "48000000", "researchAndDevelopment": "None", "operatingExpenses": "93000000", "investmentIncomeNet": "82000000", "netInterestIncome": "548000000", "interestIncome": "622000000", "interestExpense": "74000000", "nonInterestIncome": "134000000", "otherNonOperatingIncome": "82000000", "depreciation": "None", "depreciationAndAmortization": "45000000", "incomeBeforeTax": "16000000", "incomeTaxExpense": "2000000", "interestAndDebtExpense": "74000000", "netIncomeFromContinuingOperations": "-721000000", "comprehensiveIncomeNetOfTax": "230000000", "ebit": "90000000", "ebitda": "135000000", "netIncome": "14000000"}, {"fiscalDateEnding": "2019-12-31", "reportedCurrency": "USD", "grossProfit": "239000000", "totalRevenue": "133000000", "costOfRevenue": "472000000", "costofGoodsAndServicesSold": "None", "operatingIncome": "239000000", "sellingGeneralAndAdministrative": "77000000", "researchAndDevelopment": "None", "operatingExpenses": "122000000", "investmentIncomeNet": "83000000", "netInterestIncome": "559000000", "interestIncome": "647000000", "interestExpense": "88000000", "nonInterestIncome": "152000000", "otherNonOperatingIncome": "83000000", "depreciation": "None", "depreciationAndAmortization": "45000000", "incomeBeforeTax": "235000000", "incomeTaxExpense": "52000000", "interestAndDebtExpense": "88000000", "netIncomeFromContinuingOperations": "-233000000", "comprehensiveIncomeNetOfTax": "177000000", "ebit": "323000000", "ebitda": "368000000", "netIncome": "183000000"}, {"fiscalDateEnding": "2019-09-30", "reportedCurrency": "USD", "grossProfit": "283000000", "totalRevenue": "140000000", "costOfRevenue": "423000000", "costofGoodsAndServicesSold": "-69000000", "operatingIncome": "233000000", "sellingGeneralAndAdministrative": "50000000", "researchAndDevelopment": "None", "operatingExpenses": "50000000", "investmentIncomeNet": "88000000", "netInterestIncome": "567000000", "interestIncome": "677000000", "interestExpense": "110000000", "nonInterestIncome": "146000000", "otherNonOperatingIncome": "88000000", "depreciation": "None", "depreciationAndAmortization": "50000000", "incomeBeforeTax": "288000000", "incomeTaxExpense": "66000000", "interestAndDebtExpense": "110000000", "netIncomeFromContinuingOperations": "-242000000", "comprehensiveIncomeNetOfTax": "245000000", "ebit": "398000000", "ebitda": "448000000", "netIncome": "222000000"}, {"fiscalDateEnding": "2019-06-30", "reportedCurrency": "USD", "grossProfit": "239000000", "totalRevenue": "683000000", "costOfRevenue": "444000000", "costofGoodsAndServicesSold": "-66000000", "operatingIncome": "189000000", "sellingGeneralAndAdministrative": "50000000", "researchAndDevelopment": "None", "operatingExpenses": "50000000", "investmentIncomeNet": "95000000", "netInterestIncome": "569000000", "interestIncome": "684000000", "interestExpense": "115000000", "nonInterestIncome": "132000000", "otherNonOperatingIncome": "95000000", "depreciation": "None", "depreciationAndAmortization": "49000000", "incomeBeforeTax": "256000000", "incomeTaxExpense": "58000000", "interestAndDebtExpense": "115000000", "netIncomeFromContinuingOperations": "-284000000", "comprehensiveIncomeNetOfTax": "345000000", "ebit": "371000000", "ebitda": "420000000", "netIncome": "198000000"}, {"fiscalDateEnding": "2019-03-31", "reportedCurrency": "USD", "grossProfit": "278000000", "totalRevenue": "712000000", "costOfRevenue": "434000000", "costofGoodsAndServicesSold": "-57000000", "operatingIncome": "185000000", "sellingGeneralAndAdministrative": "49000000", "researchAndDevelopment": "None", "operatingExpenses": "93000000", "investmentIncomeNet": "96000000", "netInterestIncome": "576000000", "interestIncome": "675000000", "interestExpense": "99000000", "nonInterestIncome": "132000000", "otherNonOperatingIncome": "96000000", "depreciation": "None", "depreciationAndAmortization": "44000000", "incomeBeforeTax": "274000000", "incomeTaxExpense": "61000000", "interestAndDebtExpense": "99000000", "netIncomeFromContinuingOperations": "-297000000", "comprehensiveIncomeNetOfTax": "341000000", "ebit": "373000000", "ebitda": "417000000", "netIncome": "213000000"}, {"fiscalDateEnding": "2018-12-31", "reportedCurrency": "USD", "grossProfit": "283000000", "totalRevenue": "728000000", "costOfRevenue": "426000000", "costofGoodsAndServicesSold": "87000000", "operatingIncome": "283000000", "sellingGeneralAndAdministrative": "142000000", "researchAndDevelopment": "None", "operatingExpenses": "194000000", "investmentIncomeNet": "93000000", "netInterestIncome": "576000000", "interestIncome": "656000000", "interestExpense": "80000000", "nonInterestIncome": "140000000", "otherNonOperatingIncome": "-214000000", "depreciation": "None", "depreciationAndAmortization": "52000000", "incomeBeforeTax": "290000000", "incomeTaxExpense": "64000000", "interestAndDebtExpense": "80000000", "netIncomeFromContinuingOperations": "-136000000", "comprehensiveIncomeNetOfTax": "337000000", "ebit": "370000000", "ebitda": "422000000", "netIncome": "226000000"}, {"fiscalDateEnding": "2018-09-30", "reportedCurrency": "USD", "grossProfit": "310000000", "totalRevenue": "719000000", "costOfRevenue": "409000000", "costofGoodsAndServicesSold": "-38000000", "operatingIncome": "208000000", "sellingGeneralAndAdministrative": "53000000", "researchAndDevelopment": "None", "operatingExpenses": "102000000", "investmentIncomeNet": "86000000", "netInterestIncome": "565000000", "interestIncome": "631000000", "interestExpense": "66000000", "nonInterestIncome": "136000000", "otherNonOperatingIncome": "86000000", "depreciation": "None", "depreciationAndAmortization": "49000000", "incomeBeforeTax": "292000000", "incomeTaxExpense": "69000000", "interestAndDebtExpense": "66000000", "netIncomeFromContinuingOperations": "-270000000", "comprehensiveIncomeNetOfTax": "178000000", "ebit": "358000000", "ebitda": "407000000", "netIncome": "223000000"}, {"fiscalDateEnding": "2018-06-30", "reportedCurrency": "USD", "grossProfit": "241000000", "totalRevenue": "681000000", "costOfRevenue": "440000000", "costofGoodsAndServicesSold": "-29000000", "operatingIncome": "-127000000", "sellingGeneralAndAdministrative": "319000000", "researchAndDevelopment": "None", "operatingExpenses": "368000000", "investmentIncomeNet": "85000000", "netInterestIncome": "548000000", "interestIncome": "606000000", "interestExpense": "58000000", "nonInterestIncome": "138000000", "otherNonOperatingIncome": "85000000", "depreciation": "None", "depreciationAndAmortization": "49000000", "incomeBeforeTax": "253000000", "incomeTaxExpense": "56000000", "interestAndDebtExpense": "58000000", "netIncomeFromContinuingOperations": "-600000000", "comprehensiveIncomeNetOfTax": "148000000", "ebit": "311000000", "ebitda": "360000000", "netIncome": "197000000"}, {"fiscalDateEnding": "2018-03-31", "reportedCurrency": "USD", "grossProfit": "355000000", "totalRevenue": "720000000", "costOfRevenue": "365000000", "costofGoodsAndServicesSold": "-20000000", "operatingIncome": "-5000000", "sellingGeneralAndAdministrative": "317000000", "researchAndDevelopment": "None", "operatingExpenses": "360000000", "investmentIncomeNet": "86000000", "netInterestIncome": "541000000", "interestIncome": "588000000", "interestExpense": "47000000", "nonInterestIncome": "138000000", "otherNonOperatingIncome": "86000000", "depreciation": "None", "depreciationAndAmortization": "43000000", "incomeBeforeTax": "308000000", "incomeTaxExpense": "70000000", "interestAndDebtExpense": "47000000", "netIncomeFromContinuingOperations": "-476000000", "comprehensiveIncomeNetOfTax": "110000000", "ebit": "355000000", "ebitda": "398000000", "netIncome": "238000000"}, {"fiscalDateEnding": "2017-12-31", "reportedCurrency": "USD", "grossProfit": "271000000", "totalRevenue": "677000000", "costOfRevenue": "406000000", "costofGoodsAndServicesSold": "25000000", "operatingIncome": "271000000", "sellingGeneralAndAdministrative": "361000000", "researchAndDevelopment": "None", "operatingExpenses": "409000000", "investmentIncomeNet": "80000000", "netInterestIncome": "526000000", "interestIncome": "562000000", "interestExpense": "36000000", "nonInterestIncome": "140000000", "otherNonOperatingIncome": "-206000000", "depreciation": "None", "depreciationAndAmortization": "48000000", "incomeBeforeTax": "261000000", "incomeTaxExpense": "137000000", "interestAndDebtExpense": "36000000", "netIncomeFromContinuingOperations": "-157000000", "comprehensiveIncomeNetOfTax": "124000000", "ebit": "297000000", "ebitda": "345000000", "netIncome": "124000000"}, {"fiscalDateEnding": "2017-09-30", "reportedCurrency": "USD", "grossProfit": "242000000", "totalRevenue": "656000000", "costOfRevenue": "414000000", "costofGoodsAndServicesSold": "-15000000", "operatingIncome": "-113000000", "sellingGeneralAndAdministrative": "308000000", "researchAndDevelopment": "None", "operatingExpenses": "355000000", "investmentIncomeNet": "84000000", "netInterestIncome": "522000000", "interestIncome": "557000000", "interestExpense": "35000000", "nonInterestIncome": "140000000", "otherNonOperatingIncome": "84000000", "depreciation": "None", "depreciationAndAmortization": "47000000", "incomeBeforeTax": "243000000", "incomeTaxExpense": "83000000", "interestAndDebtExpense": "35000000", "netIncomeFromContinuingOperations": "-601000000", "comprehensiveIncomeNetOfTax": "152000000", "ebit": "278000000", "ebitda": "325000000", "netIncome": "160000000"}, {"fiscalDateEnding": "2017-06-30", "reportedCurrency": "USD", "grossProfit": "238000000", "totalRevenue": "653000000", "costOfRevenue": "415000000", "costofGoodsAndServicesSold": "-14000000", "operatingIncome": "-102000000", "sellingGeneralAndAdministrative": "293000000", "researchAndDevelopment": "None", "operatingExpenses": "340000000", "investmentIncomeNet": "84000000", "netInterestIncome": "528000000", "interestIncome": "558000000", "interestExpense": "30000000", "nonInterestIncome": "132000000", "otherNonOperatingIncome": "84000000", "depreciation": "None", "depreciationAndAmortization": "47000000", "incomeBeforeTax": "248000000", "incomeTaxExpense": "80000000", "interestAndDebtExpense": "30000000", "netIncomeFromContinuingOperations": "-577000000", "comprehensiveIncomeNetOfTax": "230000000", "ebit": "278000000", "ebitda": "325000000", "netIncome": "168000000"}, {"fiscalDateEnding": "2017-03-31", "reportedCurrency": "USD", "grossProfit": "166000000", "totalRevenue": "598000000", "costOfRevenue": "432000000", "costofGoodsAndServicesSold": "49000000", "operatingIncome": "-185000000", "sellingGeneralAndAdministrative": "314000000", "researchAndDevelopment": "None", "operatingExpenses": "351000000", "investmentIncomeNet": "78000000", "netInterestIncome": "489000000", "interestIncome": "515000000", "interestExpense": "26000000", "nonInterestIncome": "132000000", "otherNonOperatingIncome": "78000000", "depreciation": "None", "depreciationAndAmortization": "37000000", "incomeBeforeTax": "184000000", "incomeTaxExpense": "45000000", "interestAndDebtExpense": "26000000", "netIncomeFromContinuingOperations": "-632000000", "comprehensiveIncomeNetOfTax": "150000000", "ebit": "210000000", "ebitda": "247000000", "netIncome": "139000000"}, {"fiscalDateEnding": "2016-12-31", "reportedCurrency": "USD", "grossProfit": "212995000", "totalRevenue": "614823000", "costOfRevenue": "401828000", "costofGoodsAndServicesSold": "18609000", "operatingIncome": "212995000", "sellingGeneralAndAdministrative": "359921000", "researchAndDevelopment": "None", "operatingExpenses": "347116000", "investmentIncomeNet": "59574000", "netInterestIncome": "480000000", "interestIncome": "501000000", "interestExpense": "21000000", "nonInterestIncome": "128000000", "otherNonOperatingIncome": "-120293000", "depreciation": "None", "depreciationAndAmortization": "35000000", "incomeBeforeTax": "207401000", "incomeTaxExpense": "70000000", "interestAndDebtExpense": "21649000", "netIncomeFromContinuingOperations": "-197629000", "comprehensiveIncomeNetOfTax": "137401000", "ebit": "228401000", "ebitda": "263401000", "netIncome": "137401000"}]}