{"symbol": "ZTS", "annualReports": [{"fiscalDateEnding": "2020-12-31", "reportedCurrency": "USD", "grossProfit": "2593000000", "totalRevenue": "6675000000", "costOfRevenue": "4082000000", "costofGoodsAndServicesSold": "2057000000", "operatingIncome": "124000000", "sellingGeneralAndAdministrative": "1726000000", "researchAndDevelopment": "463000000", "operatingExpenses": "2469000000", "investmentIncomeNet": "None", "netInterestIncome": "-231000000", "interestIncome": "12000000", "interestExpense": "231000000", "nonInterestIncome": "-21000000", "otherNonOperatingIncome": "-5000000", "depreciation": "211000000", "depreciationAndAmortization": "230000000", "incomeBeforeTax": "1998000000", "incomeTaxExpense": "360000000", "interestAndDebtExpense": "231000000", "netIncomeFromContinuingOperations": "1636000000", "comprehensiveIncomeNetOfTax": "1634000000", "ebit": "2229000000", "ebitda": "2459000000", "netIncome": "1638000000"}, {"fiscalDateEnding": "2019-12-31", "reportedCurrency": "USD", "grossProfit": "2310000000", "totalRevenue": "6260000000", "costOfRevenue": "3950000000", "costofGoodsAndServicesSold": "1992000000", "operatingIncome": "-85000000", "sellingGeneralAndAdministrative": "1638000000", "researchAndDevelopment": "457000000", "operatingExpenses": "2395000000", "investmentIncomeNet": "None", "netInterestIncome": "-223000000", "interestIncome": "37000000", "interestExpense": "223000000", "nonInterestIncome": "-16000000", "otherNonOperatingIncome": "0", "depreciation": "175000000", "depreciationAndAmortization": "237000000", "incomeBeforeTax": "1801000000", "incomeTaxExpense": "301000000", "interestAndDebtExpense": "223000000", "netIncomeFromContinuingOperations": "1500000000", "comprehensiveIncomeNetOfTax": "1403000000", "ebit": "2024000000", "ebitda": "2261000000", "netIncome": "1500000000"}, {"fiscalDateEnding": "2018-12-31", "reportedCurrency": "USD", "grossProfit": "2183000000", "totalRevenue": "5825000000", "costOfRevenue": "3642000000", "costofGoodsAndServicesSold": "1911000000", "operatingIncome": "60000000", "sellingGeneralAndAdministrative": "1484000000", "researchAndDevelopment": "432000000", "operatingExpenses": "2123000000", "investmentIncomeNet": "None", "netInterestIncome": "-206000000", "interestIncome": "31000000", "interestExpense": "206000000", "nonInterestIncome": "-31000000", "otherNonOperatingIncome": "15000000", "depreciation": "152000000", "depreciationAndAmortization": "157000000", "incomeBeforeTax": "1694000000", "incomeTaxExpense": "266000000", "interestAndDebtExpense": "206000000", "netIncomeFromContinuingOperations": "1424000000", "comprehensiveIncomeNetOfTax": "1304000000", "ebit": "1900000000", "ebitda": "2057000000", "netIncome": "1428000000"}, {"fiscalDateEnding": "2017-12-31", "reportedCurrency": "USD", "grossProfit": "1877000000", "totalRevenue": "5307000000", "costOfRevenue": "3226000000", "costofGoodsAndServicesSold": "1775000000", "operatingIncome": "41000000", "sellingGeneralAndAdministrative": "1334000000", "researchAndDevelopment": "382000000", "operatingExpenses": "1836000000", "investmentIncomeNet": "None", "netInterestIncome": "-175000000", "interestIncome": "None", "interestExpense": "175000000", "nonInterestIncome": "-29000000", "otherNonOperatingIncome": "1000000", "depreciation": "142000000", "depreciationAndAmortization": "100000000", "incomeBeforeTax": "1527000000", "incomeTaxExpense": "663000000", "interestAndDebtExpense": "175000000", "netIncomeFromContinuingOperations": "862000000", "comprehensiveIncomeNetOfTax": "957000000", "ebit": "1702000000", "ebitda": "1802000000", "netIncome": "864000000"}, {"fiscalDateEnding": "2016-12-31", "reportedCurrency": "USD", "grossProfit": "1541000000", "totalRevenue": "4888000000", "costOfRevenue": "3132000000", "costofGoodsAndServicesSold": "1666000000", "operatingIncome": "-289000000", "sellingGeneralAndAdministrative": "1364000000", "researchAndDevelopment": "376000000", "operatingExpenses": "1830000000", "investmentIncomeNet": "None", "netInterestIncome": "-166000000", "interestIncome": "None", "interestExpense": "166000000", "nonInterestIncome": "-49000000", "otherNonOperatingIncome": "2000000", "depreciation": "145000000", "depreciationAndAmortization": "95000000", "incomeBeforeTax": "1230000000", "incomeTaxExpense": "409000000", "interestAndDebtExpense": "166000000", "netIncomeFromContinuingOperations": "819000000", "comprehensiveIncomeNetOfTax": "843000000", "ebit": "1396000000", "ebitda": "1491000000", "netIncome": "821000000"}], "quarterlyReports": [{"fiscalDateEnding": "2021-09-30", "reportedCurrency": "USD", "grossProfit": "848000000", "totalRevenue": "1990000000", "costOfRevenue": "1142000000", "costofGoodsAndServicesSold": "586000000", "operatingIncome": "160000000", "sellingGeneralAndAdministrative": "504000000", "researchAndDevelopment": "132000000", "operatingExpenses": "688000000", "investmentIncomeNet": "None", "netInterestIncome": "-56000000", "interestIncome": "1000000", "interestExpense": "56000000", "nonInterestIncome": "-8000000", "otherNonOperatingIncome": "3000000", "depreciation": "None", "depreciationAndAmortization": "51000000", "incomeBeforeTax": "659000000", "incomeTaxExpense": "107000000", "interestAndDebtExpense": "56000000", "netIncomeFromContinuingOperations": "552000000", "comprehensiveIncomeNetOfTax": "508000000", "ebit": "715000000", "ebitda": "766000000", "netIncome": "552000000"}, {"fiscalDateEnding": "2021-06-30", "reportedCurrency": "USD", "grossProfit": "833000000", "totalRevenue": "1948000000", "costOfRevenue": "1115000000", "costofGoodsAndServicesSold": "568000000", "operatingIncome": "166000000", "sellingGeneralAndAdministrative": "495000000", "researchAndDevelopment": "120000000", "operatingExpenses": "667000000", "investmentIncomeNet": "None", "netInterestIncome": "-57000000", "interestIncome": "2000000", "interestExpense": "57000000", "nonInterestIncome": "-9000000", "otherNonOperatingIncome": "-2000000", "depreciation": "None", "depreciationAndAmortization": "52000000", "incomeBeforeTax": "637000000", "incomeTaxExpense": "125000000", "interestAndDebtExpense": "57000000", "netIncomeFromContinuingOperations": "511000000", "comprehensiveIncomeNetOfTax": "522000000", "ebit": "694000000", "ebitda": "746000000", "netIncome": "512000000"}, {"fiscalDateEnding": "2021-03-31", "reportedCurrency": "USD", "grossProfit": "855000000", "totalRevenue": "1871000000", "costOfRevenue": "1016000000", "costofGoodsAndServicesSold": "549000000", "operatingIncome": "270000000", "sellingGeneralAndAdministrative": "409000000", "researchAndDevelopment": "118000000", "operatingExpenses": "585000000", "investmentIncomeNet": "None", "netInterestIncome": "-57000000", "interestIncome": "1000000", "interestExpense": "57000000", "nonInterestIncome": "-3000000", "otherNonOperatingIncome": "-2000000", "depreciation": "None", "depreciationAndAmortization": "51000000", "incomeBeforeTax": "688000000", "incomeTaxExpense": "129000000", "interestAndDebtExpense": "57000000", "netIncomeFromContinuingOperations": "558000000", "comprehensiveIncomeNetOfTax": "656000000", "ebit": "745000000", "ebitda": "796000000", "netIncome": "559000000"}, {"fiscalDateEnding": "2020-12-31", "reportedCurrency": "USD", "grossProfit": "584000000", "totalRevenue": "1807000000", "costOfRevenue": "1223000000", "costofGoodsAndServicesSold": "601000000", "operatingIncome": "-152000000", "sellingGeneralAndAdministrative": "520000000", "researchAndDevelopment": "133000000", "operatingExpenses": "736000000", "investmentIncomeNet": "None", "netInterestIncome": "-58000000", "interestIncome": "3000000", "interestExpense": "58000000", "nonInterestIncome": "-7000000", "otherNonOperatingIncome": "-4000000", "depreciation": "None", "depreciationAndAmortization": "52000000", "incomeBeforeTax": "421000000", "incomeTaxExpense": "62000000", "interestAndDebtExpense": "58000000", "netIncomeFromContinuingOperations": "358000000", "comprehensiveIncomeNetOfTax": "364000000", "ebit": "479000000", "ebitda": "531000000", "netIncome": "359000000"}, {"fiscalDateEnding": "2020-09-30", "reportedCurrency": "USD", "grossProfit": "760000000", "totalRevenue": "1786000000", "costOfRevenue": "1026000000", "costofGoodsAndServicesSold": "546000000", "operatingIncome": "168000000", "sellingGeneralAndAdministrative": "424000000", "researchAndDevelopment": "112000000", "operatingExpenses": "592000000", "investmentIncomeNet": "None", "netInterestIncome": "-62000000", "interestIncome": "1000000", "interestExpense": "62000000", "nonInterestIncome": "-3000000", "otherNonOperatingIncome": "-2000000", "depreciation": "None", "depreciationAndAmortization": "56000000", "incomeBeforeTax": "597000000", "incomeTaxExpense": "118000000", "interestAndDebtExpense": "62000000", "netIncomeFromContinuingOperations": "479000000", "comprehensiveIncomeNetOfTax": "600000000", "ebit": "659000000", "ebitda": "715000000", "netIncome": "479000000"}, {"fiscalDateEnding": "2020-06-30", "reportedCurrency": "USD", "grossProfit": "636000000", "totalRevenue": "1548000000", "costOfRevenue": "912000000", "costofGoodsAndServicesSold": "451000000", "operatingIncome": "64000000", "sellingGeneralAndAdministrative": "393000000", "researchAndDevelopment": "111000000", "operatingExpenses": "572000000", "investmentIncomeNet": "None", "netInterestIncome": "-58000000", "interestIncome": "2000000", "interestExpense": "58000000", "nonInterestIncome": "-6000000", "otherNonOperatingIncome": "0", "depreciation": "None", "depreciationAndAmortization": "61000000", "incomeBeforeTax": "483000000", "incomeTaxExpense": "106000000", "interestAndDebtExpense": "58000000", "netIncomeFromContinuingOperations": "376000000", "comprehensiveIncomeNetOfTax": "302000000", "ebit": "541000000", "ebitda": "602000000", "netIncome": "377000000"}, {"fiscalDateEnding": "2020-03-31", "reportedCurrency": "USD", "grossProfit": "621000000", "totalRevenue": "1534000000", "costOfRevenue": "913000000", "costofGoodsAndServicesSold": "459000000", "operatingIncome": "60000000", "sellingGeneralAndAdministrative": "389000000", "researchAndDevelopment": "107000000", "operatingExpenses": "561000000", "investmentIncomeNet": "None", "netInterestIncome": "-53000000", "interestIncome": "6000000", "interestExpense": "53000000", "nonInterestIncome": "-5000000", "otherNonOperatingIncome": "1000000", "depreciation": "None", "depreciationAndAmortization": "62000000", "incomeBeforeTax": "497000000", "incomeTaxExpense": "74000000", "interestAndDebtExpense": "53000000", "netIncomeFromContinuingOperations": "423000000", "comprehensiveIncomeNetOfTax": "368000000", "ebit": "550000000", "ebitda": "612000000", "netIncome": "423000000"}, {"fiscalDateEnding": "2019-12-31", "reportedCurrency": "USD", "grossProfit": "1674000000", "totalRevenue": "1674000000", "costOfRevenue": "1120000000", "costofGoodsAndServicesSold": "530000000", "operatingIncome": "1674000000", "sellingGeneralAndAdministrative": "472000000", "researchAndDevelopment": "132000000", "operatingExpenses": "702000000", "investmentIncomeNet": "None", "netInterestIncome": "-56000000", "interestIncome": "8000000", "interestExpense": "56000000", "nonInterestIncome": "-2000000", "otherNonOperatingIncome": "1000000", "depreciation": "None", "depreciationAndAmortization": "61000000", "incomeBeforeTax": "437000000", "incomeTaxExpense": "53000000", "interestAndDebtExpense": "56000000", "netIncomeFromContinuingOperations": "384000000", "comprehensiveIncomeNetOfTax": "357000000", "ebit": "493000000", "ebitda": "554000000", "netIncome": "384000000"}, {"fiscalDateEnding": "2019-09-30", "reportedCurrency": "USD", "grossProfit": "654000000", "totalRevenue": "1584000000", "costOfRevenue": "930000000", "costofGoodsAndServicesSold": "479000000", "operatingIncome": "91000000", "sellingGeneralAndAdministrative": "391000000", "researchAndDevelopment": "112000000", "operatingExpenses": "563000000", "investmentIncomeNet": "None", "netInterestIncome": "-56000000", "interestIncome": "10000000", "interestExpense": "56000000", "nonInterestIncome": "-7000000", "otherNonOperatingIncome": "-1000000", "depreciation": "None", "depreciationAndAmortization": "60000000", "incomeBeforeTax": "528000000", "incomeTaxExpense": "95000000", "interestAndDebtExpense": "56000000", "netIncomeFromContinuingOperations": "433000000", "comprehensiveIncomeNetOfTax": "403000000", "ebit": "584000000", "ebitda": "644000000", "netIncome": "433000000"}, {"fiscalDateEnding": "2019-06-30", "reportedCurrency": "USD", "grossProfit": "676000000", "totalRevenue": "1547000000", "costOfRevenue": "871000000", "costofGoodsAndServicesSold": "465000000", "operatingIncome": "159000000", "sellingGeneralAndAdministrative": "406000000", "researchAndDevelopment": "111000000", "operatingExpenses": "517000000", "investmentIncomeNet": "None", "netInterestIncome": "-55000000", "interestIncome": "9000000", "interestExpense": "55000000", "nonInterestIncome": "-7000000", "otherNonOperatingIncome": "1000000", "depreciation": "None", "depreciationAndAmortization": "58000000", "incomeBeforeTax": "455000000", "incomeTaxExpense": "84000000", "interestAndDebtExpense": "55000000", "netIncomeFromContinuingOperations": "371000000", "comprehensiveIncomeNetOfTax": "300000000", "ebit": "510000000", "ebitda": "568000000", "netIncome": "371000000"}, {"fiscalDateEnding": "2019-03-31", "reportedCurrency": "USD", "grossProfit": "558000000", "totalRevenue": "1455000000", "costOfRevenue": "897000000", "costofGoodsAndServicesSold": "518000000", "operatingIncome": "77000000", "sellingGeneralAndAdministrative": "369000000", "researchAndDevelopment": "102000000", "operatingExpenses": "481000000", "investmentIncomeNet": "None", "netInterestIncome": "-56000000", "interestIncome": "10000000", "interestExpense": "56000000", "nonInterestIncome": "0", "otherNonOperatingIncome": "-1000000", "depreciation": "None", "depreciationAndAmortization": "58000000", "incomeBeforeTax": "381000000", "incomeTaxExpense": "69000000", "interestAndDebtExpense": "56000000", "netIncomeFromContinuingOperations": "312000000", "comprehensiveIncomeNetOfTax": "343000000", "ebit": "437000000", "ebitda": "495000000", "netIncome": "312000000"}, {"fiscalDateEnding": "2018-12-31", "reportedCurrency": "USD", "grossProfit": "1564000000", "totalRevenue": "1564000000", "costOfRevenue": "1048000000", "costofGoodsAndServicesSold": "544000000", "operatingIncome": "1564000000", "sellingGeneralAndAdministrative": "420000000", "researchAndDevelopment": "125000000", "operatingExpenses": "589000000", "investmentIncomeNet": "None", "netInterestIncome": "-59000000", "interestIncome": "None", "interestExpense": "59000000", "nonInterestIncome": "-5000000", "otherNonOperatingIncome": "-3000000", "depreciation": "None", "depreciationAndAmortization": "61000000", "incomeBeforeTax": "418000000", "incomeTaxExpense": "73000000", "interestAndDebtExpense": "59000000", "netIncomeFromContinuingOperations": "345000000", "comprehensiveIncomeNetOfTax": "335000000", "ebit": "477000000", "ebitda": "538000000", "netIncome": "345000000"}, {"fiscalDateEnding": "2018-09-30", "reportedCurrency": "USD", "grossProfit": "556000000", "totalRevenue": "1480000000", "costOfRevenue": "924000000", "costofGoodsAndServicesSold": "473000000", "operatingIncome": "-3000000", "sellingGeneralAndAdministrative": "367000000", "researchAndDevelopment": "108000000", "operatingExpenses": "559000000", "investmentIncomeNet": "None", "netInterestIncome": "-54000000", "interestIncome": "None", "interestExpense": "54000000", "nonInterestIncome": "-9000000", "otherNonOperatingIncome": "19000000", "depreciation": "None", "depreciationAndAmortization": "45000000", "incomeBeforeTax": "418000000", "incomeTaxExpense": "71000000", "interestAndDebtExpense": "54000000", "netIncomeFromContinuingOperations": "347000000", "comprehensiveIncomeNetOfTax": "271000000", "ebit": "472000000", "ebitda": "517000000", "netIncome": "347000000"}, {"fiscalDateEnding": "2018-06-30", "reportedCurrency": "USD", "grossProfit": "582000000", "totalRevenue": "1415000000", "costOfRevenue": "833000000", "costofGoodsAndServicesSold": "447000000", "operatingIncome": "94000000", "sellingGeneralAndAdministrative": "359000000", "researchAndDevelopment": "102000000", "operatingExpenses": "488000000", "investmentIncomeNet": "None", "netInterestIncome": "-46000000", "interestIncome": "None", "interestExpense": "46000000", "nonInterestIncome": "-9000000", "otherNonOperatingIncome": "-1000000", "depreciation": "None", "depreciationAndAmortization": "26000000", "incomeBeforeTax": "439000000", "incomeTaxExpense": "55000000", "interestAndDebtExpense": "46000000", "netIncomeFromContinuingOperations": "382000000", "comprehensiveIncomeNetOfTax": "270000000", "ebit": "485000000", "ebitda": "511000000", "netIncome": "384000000"}, {"fiscalDateEnding": "2018-03-31", "reportedCurrency": "USD", "grossProfit": "498000000", "totalRevenue": "1366000000", "costOfRevenue": "813000000", "costofGoodsAndServicesSold": "447000000", "operatingIncome": "35000000", "sellingGeneralAndAdministrative": "338000000", "researchAndDevelopment": "97000000", "operatingExpenses": "463000000", "investmentIncomeNet": "None", "netInterestIncome": "-47000000", "interestIncome": "None", "interestExpense": "47000000", "nonInterestIncome": "-8000000", "otherNonOperatingIncome": "0", "depreciation": "None", "depreciationAndAmortization": "25000000", "incomeBeforeTax": "419000000", "incomeTaxExpense": "67000000", "interestAndDebtExpense": "47000000", "netIncomeFromContinuingOperations": "350000000", "comprehensiveIncomeNetOfTax": "428000000", "ebit": "466000000", "ebitda": "491000000", "netIncome": "352000000"}, {"fiscalDateEnding": "2017-12-31", "reportedCurrency": "USD", "grossProfit": "1460000000", "totalRevenue": "1460000000", "costOfRevenue": "859000000", "costofGoodsAndServicesSold": "457000000", "operatingIncome": "1460000000", "sellingGeneralAndAdministrative": "361000000", "researchAndDevelopment": "110000000", "operatingExpenses": "515000000", "investmentIncomeNet": "None", "netInterestIncome": "-50000000", "interestIncome": "None", "interestExpense": "50000000", "nonInterestIncome": "-12000000", "otherNonOperatingIncome": "-2000000", "depreciation": "None", "depreciationAndAmortization": "25000000", "incomeBeforeTax": "431000000", "incomeTaxExpense": "350000000", "interestAndDebtExpense": "50000000", "netIncomeFromContinuingOperations": "80000000", "comprehensiveIncomeNetOfTax": "31000000", "ebit": "481000000", "ebitda": "506000000", "netIncome": "81000000"}, {"fiscalDateEnding": "2017-09-30", "reportedCurrency": "USD", "grossProfit": "1347000000", "totalRevenue": "1347000000", "costOfRevenue": "788000000", "costofGoodsAndServicesSold": "435000000", "operatingIncome": "1347000000", "sellingGeneralAndAdministrative": "328000000", "researchAndDevelopment": "96000000", "operatingExpenses": "449000000", "investmentIncomeNet": "None", "netInterestIncome": "-43000000", "interestIncome": "None", "interestExpense": "43000000", "nonInterestIncome": "-7000000", "otherNonOperatingIncome": "0", "depreciation": "None", "depreciationAndAmortization": "26000000", "incomeBeforeTax": "415000000", "incomeTaxExpense": "117000000", "interestAndDebtExpense": "43000000", "netIncomeFromContinuingOperations": "296000000", "comprehensiveIncomeNetOfTax": "385000000", "ebit": "458000000", "ebitda": "484000000", "netIncome": "298000000"}, {"fiscalDateEnding": "2017-06-30", "reportedCurrency": "USD", "grossProfit": "1269000000", "totalRevenue": "1269000000", "costOfRevenue": "801000000", "costofGoodsAndServicesSold": "440000000", "operatingIncome": "1269000000", "sellingGeneralAndAdministrative": "336000000", "researchAndDevelopment": "86000000", "operatingExpenses": "447000000", "investmentIncomeNet": "None", "netInterestIncome": "-41000000", "interestIncome": "None", "interestExpense": "41000000", "nonInterestIncome": "-8000000", "otherNonOperatingIncome": "3000000", "depreciation": "None", "depreciationAndAmortization": "24000000", "incomeBeforeTax": "345000000", "incomeTaxExpense": "98000000", "interestAndDebtExpense": "41000000", "netIncomeFromContinuingOperations": "247000000", "comprehensiveIncomeNetOfTax": "257000000", "ebit": "386000000", "ebitda": "410000000", "netIncome": "247000000"}, {"fiscalDateEnding": "2017-03-31", "reportedCurrency": "USD", "grossProfit": "1231000000", "totalRevenue": "1231000000", "costOfRevenue": "777000000", "costofGoodsAndServicesSold": "443000000", "operatingIncome": "1231000000", "sellingGeneralAndAdministrative": "309000000", "researchAndDevelopment": "90000000", "operatingExpenses": "424000000", "investmentIncomeNet": "None", "netInterestIncome": "-41000000", "interestIncome": "None", "interestExpense": "41000000", "nonInterestIncome": "-2000000", "otherNonOperatingIncome": "5000000", "depreciation": "None", "depreciationAndAmortization": "25000000", "incomeBeforeTax": "336000000", "incomeTaxExpense": "98000000", "interestAndDebtExpense": "41000000", "netIncomeFromContinuingOperations": "239000000", "comprehensiveIncomeNetOfTax": "284000000", "ebit": "377000000", "ebitda": "402000000", "netIncome": "238000000"}, {"fiscalDateEnding": "2016-12-31", "reportedCurrency": "USD", "grossProfit": "1277000000", "totalRevenue": "1424000000", "costOfRevenue": "854000000", "costofGoodsAndServicesSold": "468000000", "operatingIncome": "1277000000", "sellingGeneralAndAdministrative": "361000000", "researchAndDevelopment": "108000000", "operatingExpenses": "482000000", "investmentIncomeNet": "None", "netInterestIncome": "-41000000", "interestIncome": "None", "interestExpense": "41000000", "nonInterestIncome": "-27000000", "otherNonOperatingIncome": "-3000000", "depreciation": "None", "depreciationAndAmortization": "23000000", "incomeBeforeTax": "231000000", "incomeTaxExpense": "77000000", "interestAndDebtExpense": "41000000", "netIncomeFromContinuingOperations": "154000000", "comprehensiveIncomeNetOfTax": "64000000", "ebit": "272000000", "ebitda": "295000000", "netIncome": "154000000"}]}